@incollection{Bengio+chapter2007,
author = {Bengio, Yoshua and LeCun, Yann},
booktitle = {Large Scale Kernel Machines},
publisher = {MIT Press},
title = {Scaling Learning Algorithms Towards {AI}},
year = {2007}
}

@article{Hinton06,
author = {Hinton, Geoffrey E. and Osindero, Simon and Teh, Yee Whye},
journal = {Neural Computation},
pages = {1527--1554},
title = {A Fast Learning Algorithm for Deep Belief Nets},
volume = {18},
year = {2006}
}

@book{goodfellow2016deep,
title={Deep learning},
author={Goodfellow, Ian and Bengio, Yoshua and Courville, Aaron and Bengio, Yoshua},
volume={1},
year={2016},
publisher={MIT Press}
}

@article{avrahami2023blended,
  title={Blended latent diffusion},
  author={Avrahami, Omri and Fried, Ohad and Lischinski, Dani},
  journal={ACM transactions on graphics (TOG)},
  volume={42},
  number={4},
  pages={1--11},
  year={2023},
  publisher={ACM New York, NY, USA}
}


@inproceedings{le2021openforensics,
  title={Openforensics: Large-scale challenging dataset for multi-face forgery detection and segmentation in-the-wild},
  author={Le, Trung-Nghia and Nguyen, Huy H and Yamagishi, Junichi and Echizen, Isao},
  booktitle={Proceedings of the IEEE/CVF international conference on computer vision},
  pages={10117--10127},
  year={2021}
}

 

@article{nichol2021glide,
  title={Glide: Towards photorealistic image generation and editing with text-guided diffusion models},
  author={Nichol, Alex and Dhariwal, Prafulla and Ramesh, Aditya and Shyam, Pranav and Mishkin, Pamela and McGrew, Bob and Sutskever, Ilya and Chen, Mark},
  journal={arXiv preprint arXiv:2112.10741},
  year={2021}
}

 
@article{verdoliva2020media,
  title={Media forensics and deepfakes: an overview},
  author={Verdoliva, Luisa},
  journal={IEEE Journal of Selected Topics in Signal Processing},
  volume={14},
  number={5},
  pages={910--932},
  year={2020},
  publisher={IEEE}
}
 

 
@incollection{cozzolino2022data,
  title={Data-Driven Digital Integrity Verification},
  author={Cozzolino, Davide and Poggi, Giovanni and Verdoliva, Luisa},
  booktitle={Multimedia Forensics},
  pages={281--311},
  year={2022},
  publisher={Springer Singapore Singapore}
}


@inproceedings{huh2018fighting,
  title={Fighting fake news: Image splice detection via learned self-consistency},
  author={Huh, Minyoung and Liu, Andrew and Owens, Andrew and Efros, Alexei A},
  booktitle={Proceedings of the European conference on computer vision (ECCV)},
  pages={101--117},
  year={2018}
}

@article{achiam2023gpt,
  title={Gpt-4 technical report},
  author={Achiam, Josh and Adler, Steven and Agarwal, Sandhini and Ahmad, Lama and Akkaya, Ilge and Aleman, Florencia Leoni and Almeida, Diogo and Altenschmidt, Janko and Altman, Sam and Anadkat, Shyamal and others},
  journal={arXiv preprint arXiv:2303.08774},
  year={2023}
}

@article{alayrac2022flamingo,
  title={Flamingo: a visual language model for few-shot learning},
  author={Alayrac, Jean-Baptiste and Donahue, Jeff and Luc, Pauline and Miech, Antoine and Barr, Iain and Hasson, Yana and Lenc, Karel and Mensch, Arthur and Millican, Katherine and Reynolds, Malcolm and others},
  journal={Advances in neural information processing systems},
  volume={35},
  pages={23716--23736},
  year={2022}
}

@inproceedings{zhou2018learning,
  title={Learning rich features for image manipulation detection},
  author={Zhou, Peng and Han, Xintong and Morariu, Vlad I and Davis, Larry S},
  booktitle={Proceedings of the IEEE conference on computer vision and pattern recognition},
  pages={1053--1061},
  year={2018}
}

@article{bayar2018constrained,
  title={Constrained convolutional neural networks: A new approach towards general purpose image manipulation detection},
  author={Bayar, Belhassen and Stamm, Matthew C},
  journal={IEEE Transactions on Information Forensics and Security},
  volume={13},
  number={11},
  pages={2691--2706},
  year={2018},
  publisher={IEEE}
}

@article{wu2022robust,
  title={Robust image forgery detection against transmission over online social networks},
  author={Wu, Haiwei and Zhou, Jiantao and Tian, Jinyu and Liu, Jun and Qiao, Yu},
  journal={IEEE Transactions on Information Forensics and Security},
  volume={17},
  pages={443--456},
  year={2022},
  publisher={IEEE}
}

@inproceedings{bi2019rru,
  title={RRU-Net: The ringed residual U-Net for image splicing forgery detection},
  author={Bi, Xiuli and Wei, Yang and Xiao, Bin and Li, Weisheng},
  booktitle={Proceedings of the IEEE/CVF Conference on Computer Vision and Pattern Recognition Workshops},
  pages={0--0},
  year={2019}
}


@inproceedings{yang2020constrained,
  title={Constrained R-CNN: A general image manipulation detection model},
  author={Yang, Chao and Li, Huizhou and Lin, Fangting and Jiang, Bin and Zhao, Hao},
  booktitle={2020 IEEE International conference on multimedia and expo (ICME)},
  pages={1--6},
  year={2020},
  organization={IEEE}
}

@article{marra2020full,
  title={A full-image full-resolution end-to-end-trainable CNN framework for image forgery detection},
  author={Marra, Francesco and Gragnaniello, Diego and Verdoliva, Luisa and Poggi, Giovanni},
  journal={IEEE Access},
  volume={8},
  pages={133488--133502},
  year={2020},
  publisher={IEEE}
}

@inproceedings{li2019localization,
  title={Localization of deep inpainting using high-pass fully convolutional network},
  author={Li, Haodong and Huang, Jiwu},
  booktitle={proceedings of the IEEE/CVF international conference on computer vision},
  pages={8301--8310},
  year={2019}
}


@inproceedings{park2018double,
  title={Double JPEG detection in mixed JPEG quality factors using deep convolutional neural network},
  author={Park, Jinseok and Cho, Donghyeon and Ahn, Wonhyuk and Lee, Heung-Kyu},
  booktitle={Proceedings of the European conference on computer vision (ECCV)},
  pages={636--652},
  year={2018}
}

@article{kwon2022learning,
  title={Learning jpeg compression artifacts for image manipulation detection and localization},
  author={Kwon, Myung-Joon and Nam, Seung-Hun and Yu, In-Jae and Lee, Heung-Kyu and Kim, Changick},
  journal={International Journal of Computer Vision},
  volume={130},
  number={8},
  pages={1875--1895},
  year={2022},
  publisher={Springer}
}

@inproceedings{mareen2022comprint,
  title={Comprint: Image forgery detection and localization using compression fingerprints},
  author={Mareen, Hannes and Vanden Bussche, Dante and Guillaro, Fabrizio and Cozzolino, Davide and Van Wallendael, Glenn and Lambert, Peter and Verdoliva, Luisa},
  booktitle={International Conference on Pattern Recognition},
  pages={281--299},
  year={2022},
  organization={Springer}
}


@article{cozzolino2019noiseprint,
  title={Noiseprint: A CNN-based camera model fingerprint},
  author={Cozzolino, Davide and Verdoliva, Luisa},
  journal={IEEE Transactions on Information Forensics and Security},
  volume={15},
  pages={144--159},
  year={2019},
  publisher={IEEE}
}

@inproceedings{cozzolino2015splicebuster,
  title={Splicebuster: A new blind image splicing detector},
  author={Cozzolino, Davide and Poggi, Giovanni and Verdoliva, Luisa},
  booktitle={2015 IEEE International Workshop on Information Forensics and Security (WIFS)},
  pages={1--6},
  year={2015},
  organization={IEEE}
}

@inproceedings{jia2021scaling,
  title={Scaling up visual and vision-language representation learning with noisy text supervision},
  author={Jia, Chao and Yang, Yinfei and Xia, Ye and Chen, Yi-Ting and Parekh, Zarana and Pham, Hieu and Le, Quoc and Sung, Yun-Hsuan and Li, Zhen and Duerig, Tom},
  booktitle={International conference on machine learning},
  pages={4904--4916},
  year={2021},
  organization={PMLR}
}

@inproceedings{sharif2014cnn,
  title={CNN features off-the-shelf: an astounding baseline for recognition},
  author={Sharif Razavian, Ali and Azizpour, Hossein and Sullivan, Josephine and Carlsson, Stefan},
  booktitle={Proceedings of the IEEE conference on computer vision and pattern recognition workshops},
  pages={806--813},
  year={2014}
}

@article{ouyang2022training,
  title={Training language models to follow instructions with human feedback},
  author={Ouyang, Long and Wu, Jeffrey and Jiang, Xu and Almeida, Diogo and Wainwright, Carroll and Mishkin, Pamela and Zhang, Chong and Agarwal, Sandhini and Slama, Katarina and Ray, Alex and others},
  journal={Advances in neural information processing systems},
  volume={35},
  pages={27730--27744},
  year={2022}
}

@inproceedings{rombach2022high,
  title={High-resolution image synthesis with latent diffusion models},
  author={Rombach, Robin and Blattmann, Andreas and Lorenz, Dominik and Esser, Patrick and Ommer, Bj{\"o}rn},
  booktitle={Proceedings of the IEEE/CVF conference on computer vision and pattern recognition},
  pages={10684--10695},
  year={2022}
}

@inproceedings{chen2023ovarnet,
  title={Ovarnet: Towards open-vocabulary object attribute recognition},
  author={Chen, Keyan and Jiang, Xiaolong and Hu, Yao and Tang, Xu and Gao, Yan and Chen, Jianqi and Xie, Weidi},
  booktitle={Proceedings of the IEEE/CVF Conference on Computer Vision and Pattern Recognition},
  pages={23518--23527},
  year={2023}
}

@article{krizhevsky2017imagenet,
  title={ImageNet classification with deep convolutional neural networks},
  author={Krizhevsky, Alex and Sutskever, Ilya and Hinton, Geoffrey E},
  journal={Communications of the ACM},
  volume={60},
  number={6},
  pages={84--90},
  year={2017},
  publisher={AcM New York, NY, USA}
}

@article{russakovsky2015imagenet,
  title={Imagenet large scale visual recognition challenge},
  author={Russakovsky, Olga and Deng, Jia and Su, Hao and Krause, Jonathan and Satheesh, Sanjeev and Ma, Sean and Huang, Zhiheng and Karpathy, Andrej and Khosla, Aditya and Bernstein, Michael and others},
  journal={International journal of computer vision},
  volume={115},
  pages={211--252},
  year={2015},
  publisher={Springer}
}

@article{simonyan2014very,
  title={Very deep convolutional networks for large-scale image recognition},
  author={Simonyan, Karen and Zisserman, Andrew},
  journal={arXiv preprint arXiv:1409.1556},
  year={2014}
}

@inproceedings{he2016deep,
  title={Deep residual learning for image recognition},
  author={He, Kaiming and Zhang, Xiangyu and Ren, Shaoqing and Sun, Jian},
  booktitle={Proceedings of the IEEE conference on computer vision and pattern recognition},
  pages={770--778},
  year={2016}
}

@article{lester2021power,
  title={The power of scale for parameter-efficient prompt tuning},
  author={Lester, Brian and Al-Rfou, Rami and Constant, Noah},
  journal={arXiv preprint arXiv:2104.08691},
  year={2021}
}

@article{liu2023pre,
  title={Pre-train, prompt, and predict: A systematic survey of prompting methods in natural language processing},
  author={Liu, Pengfei and Yuan, Weizhe and Fu, Jinlan and Jiang, Zhengbao and Hayashi, Hiroaki and Neubig, Graham},
  journal={ACM Computing Surveys},
  volume={55},
  number={9},
  pages={1--35},
  year={2023},
  publisher={ACM New York, NY}
}

@article{zhou2022learning,
  title={Learning to prompt for vision-language models},
  author={Zhou, Kaiyang and Yang, Jingkang and Loy, Chen Change and Liu, Ziwei},
  journal={International Journal of Computer Vision},
  volume={130},
  number={9},
  pages={2337--2348},
  year={2022},
  publisher={Springer}
}

@article{devlin2018bert,
  title={Bert: Pre-training of deep bidirectional transformers for language understanding},
  author={Devlin, Jacob and Chang, Ming-Wei and Lee, Kenton and Toutanova, Kristina},
  journal={arXiv preprint arXiv:1810.04805},
  year={2018}
}

@article{radford2019language,
  title={Language models are unsupervised multitask learners},
  author={Radford, Alec and Wu, Jeffrey and Child, Rewon and Luan, David and Amodei, Dario and Sutskever, Ilya and others},
  journal={OpenAI blog},
  volume={1},
  number={8},
  pages={9},
  year={2019}
}

@article{brown2020language,
  title={Language models are few-shot learners},
  author={Brown, Tom and Mann, Benjamin and Ryder, Nick and Subbiah, Melanie and Kaplan, Jared D and Dhariwal, Prafulla and Neelakantan, Arvind and Shyam, Pranav and Sastry, Girish and Askell, Amanda and others},
  journal={Advances in neural information processing systems},
  volume={33},
  pages={1877--1901},
  year={2020}
}

@article{liu2024visual,
  title={Visual instruction tuning},
  author={Liu, Haotian and Li, Chunyuan and Wu, Qingyang and Lee, Yong Jae},
  journal={Advances in neural information processing systems},
  volume={36},
  year={2024}
}

@article{peng2023instruction,
  title={Instruction tuning with gpt-4},
  author={Peng, Baolin and Li, Chunyuan and He, Pengcheng and Galley, Michel and Gao, Jianfeng},
  journal={arXiv preprint arXiv:2304.03277},
  year={2023}
}

@article{gupta2022instructdial,
  title={InstructDial: Improving zero and few-shot generalization in dialogue through instruction tuning},
  author={Gupta, Prakhar and Jiao, Cathy and Yeh, Yi-Ting and Mehri, Shikib and Eskenazi, Maxine and Bigham, Jeffrey P},
  journal={arXiv preprint arXiv:2205.12673},
  year={2022}
}

@article{wei2022chain,
  title={Chain-of-thought prompting elicits reasoning in large language models},
  author={Wei, Jason and Wang, Xuezhi and Schuurmans, Dale and Bosma, Maarten and Xia, Fei and Chi, Ed and Le, Quoc V and Zhou, Denny and others},
  journal={Advances in neural information processing systems},
  volume={35},
  pages={24824--24837},
  year={2022}
}

@article{wang2022self,
  title={Self-consistency improves chain of thought reasoning in language models},
  author={Wang, Xuezhi and Wei, Jason and Schuurmans, Dale and Le, Quoc and Chi, Ed and Narang, Sharan and Chowdhery, Aakanksha and Zhou, Denny},
  journal={arXiv preprint arXiv:2203.11171},
  year={2022}
}

@article{zhang2022automatic,
  title={Automatic chain of thought prompting in large language models},
  author={Zhang, Zhuosheng and Zhang, Aston and Li, Mu and Smola, Alex},
  journal={arXiv preprint arXiv:2210.03493},
  year={2022}
}

@inproceedings{wang2022learning,
  title={Learning to prompt for continual learning},
  author={Wang, Zifeng and Zhang, Zizhao and Lee, Chen-Yu and Zhang, Han and Sun, Ruoxi and Ren, Xiaoqi and Su, Guolong and Perot, Vincent and Dy, Jennifer and Pfister, Tomas},
  booktitle={Proceedings of the IEEE/CVF Conference on Computer Vision and Pattern Recognition},
  pages={139--149},
  year={2022}
}

@article{otsu1975threshold,
  title={A threshold selection method from gray-level histograms},
  author={Otsu, Nobuyuki and others},
  journal={Automatica},
  volume={11},
  number={285-296},
  pages={23--27},
  year={1975}
}

#50
@inproceedings{hsu2006detecting,
  title={Detecting image splicing using geometry invariants and camera characteristics consistency},
  author={Hsu, Yu-Feng and Chang, Shih-Fu},
  booktitle={2006 IEEE International Conference on Multimedia and Expo},
  pages={549--552},
  year={2006},
  organization={IEEE}
}

@inproceedings{wen2016coverage,
  title={COVERAGE—A novel database for copy-move forgery detection},
  author={Wen, Bihan and Zhu, Ye and Subramanian, Ramanathan and Ng, Tian-Tsong and Shen, Xuanjing and Winkler, Stefan},
  booktitle={2016 IEEE international conference on image processing (ICIP)},
  pages={161--165},
  year={2016},
  organization={IEEE}
}

@inproceedings{novozamsky2020imd2020,
  title={Imd2020: A large-scale annotated dataset tailored for detecting manipulated images},
  author={Novozamsky, Adam and Mahdian, Babak and Saic, Stanislav},
  booktitle={Proceedings of the IEEE/CVF Winter Conference on Applications of Computer Vision Workshops},
  pages={71--80},
  year={2020}
}

@inproceedings{guan2019mfc,
  title={MFC datasets: Large-scale benchmark datasets for media forensic challenge evaluation},
  author={Guan, Haiying and Kozak, Mark and Robertson, Eric and Lee, Yooyoung and Yates, Amy N and Delgado, Andrew and Zhou, Daniel and Kheyrkhah, Timothee and Smith, Jeff and Fiscus, Jonathan},
  booktitle={2019 IEEE Winter Applications of Computer Vision Workshops (WACVW)},
  pages={63--72},
  year={2019},
  organization={IEEE}
}

@article{zhou2018generate,
  title={Generate, segment and replace: Towards generic manipulation segmentation},
  author={Zhou, Peng and Chen, B and Han, Xintong and Najibi, Mahyar and Davis, Larry S},
  journal={arXiv preprint arXiv:1811.09729},
  year={2018}
}
#55
@article{salloum2018image,
  title={Image splicing localization using a multi-task fully convolutional network (MFCN)},
  author={Salloum, Ronald and Ren, Yuzhuo and Kuo, C-C Jay},
  journal={Journal of Visual Communication and Image Representation},
  volume={51},
  pages={201--209},
  year={2018},
  publisher={Elsevier}
}

@article{loshchilov2016sgdr,
  title={Sgdr: Stochastic gradient descent with warm restarts},
  author={Loshchilov, Ilya and Hutter, Frank},
  journal={arXiv preprint arXiv:1608.03983},
  year={2016}
}

@article{bappy2019hybrid,
  title={Hybrid lstm and encoder--decoder architecture for detection of image forgeries},
  author={Bappy, Jawadul H and Simons, Cody and Nataraj, Lakshmanan and Manjunath, BS and Roy-Chowdhury, Amit K},
  journal={IEEE transactions on image processing},
  volume={28},
  number={7},
  pages={3286--3300},
  year={2019},
  publisher={IEEE}
}

@inproceedings{kwon2021cat,
  title={CAT-Net: Compression artifact tracing network for detection and localization of image splicing},
  author={Kwon, Myung-Joon and Yu, In-Jae and Nam, Seung-Hun and Lee, Heung-Kyu},
  booktitle={Proceedings of the IEEE/CVF Winter Conference on Applications of Computer Vision},
  pages={375--384},
  year={2021}
}

@inproceedings{long2015fully,
  title={Fully convolutional networks for semantic segmentation},
  author={Long, Jonathan and Shelhamer, Evan and Darrell, Trevor},
  booktitle={Proceedings of the IEEE conference on computer vision and pattern recognition},
  pages={3431--3440},
  year={2015}
}

#59
@article{dong2022mvss,
  title={Mvss-net: Multi-view multi-scale supervised networks for image manipulation detection},
  author={Dong, Chengbo and Chen, Xinru and Hu, Ruohan and Cao, Juan and Li, Xirong},
  journal={IEEE Transactions on Pattern Analysis and Machine Intelligence},
  volume={45},
  number={3},
  pages={3539--3553},
  year={2022},
  publisher={IEEE}
}

@inproceedings{guillaro2023trufor,
  title={Trufor: Leveraging all-round clues for trustworthy image forgery detection and localization},
  author={Guillaro, Fabrizio and Cozzolino, Davide and Sud, Avneesh and Dufour, Nicholas and Verdoliva, Luisa},
  booktitle={Proceedings of the IEEE/CVF Conference on Computer Vision and Pattern Recognition},
  pages={20606--20615},
  year={2023}
}

@article{kniaz2019point,
  title={The point where reality meets fantasy: Mixed adversarial generators for image splice detection},
  author={Kniaz, Vladimir V and Knyaz, Vladimir and Remondino, Fabio},
  journal={Advances in neural information processing systems},
  volume={32},
  year={2019}
}

@inproceedings{Achiam2023GPT4TR,
  title={GPT-4 Technical Report},
  author={OpenAI Josh Achiam and Steven Adler and Sandhini Agarwal and Lama Ahmad and Ilge Akkaya and Florencia Leoni Aleman and Diogo Almeida and Janko Altenschmidt and Sam Altman and Shyamal Anadkat and Red Avila and Igor Babuschkin and Suchir Balaji and Valerie Balcom and Paul Baltescu and Haim-ing Bao and Mo Bavarian and Jeff Belgum and Irwan Bello and Jake Berdine and Gabriel Bernadett-Shapiro and Christopher Berner and Lenny Bogdonoff and Oleg Boiko and Madelaine Boyd and Anna-Luisa Brakman and Greg Brockman and Tim Brooks and Miles Brundage and Kevin Button and Trevor Cai and Rosie Campbell and Andrew Cann and Brittany Carey and Chelsea Carlson and Rory Carmichael and Brooke Chan and Che Chang and Fotis Chantzis and Derek Chen and Sully Chen and Ruby Chen and Jason Chen and Mark Chen and Benjamin Chess and Chester Cho and Casey Chu and Hyung Won Chung and Dave Cummings and Jeremiah Currier and Yunxing Dai and Cory Decareaux and Thomas Degry and Noah Deutsch and Damien Deville and Arka Dhar and David Dohan and Steve Dowling and Sheila Dunning and Adrien Ecoffet and Atty Eleti and Tyna Eloundou and David Farhi and Liam Fedus and Niko Felix and Sim'on Posada Fishman and Juston Forte and Is-abella Fulford and Leo Gao and Elie Georges and Christian Gibson and Vik Goel and Tarun Gogineni and Gabriel Goh and Raphael Gontijo-Lopes and Jonathan Gordon and Morgan Grafstein and Scott Gray and Ryan Greene and Joshua Gross and Shixiang Shane Gu and Yufei Guo and Chris Hallacy and Jesse Han and Jeff Harris and Yuchen He and Mike Heaton and Johannes Heidecke and Chris Hesse and Alan Hickey and Wade Hickey and Peter Hoeschele and Brandon Houghton and Kenny Hsu and Shengli Hu and Xin Hu and Joost Huizinga and Shantanu Jain and Shawn Jain and Joanne Jang and Angela Jiang and Roger Jiang and Haozhun Jin and Denny Jin and Shino Jomoto and Billie Jonn and Heewoo Jun and Tomer Kaftan and Lukasz Kaiser and Ali Kamali and Ingmar Kanitscheider and Nitish Shirish Keskar and Tabarak Khan and Logan Kilpatrick and Jong Wook Kim and Christina Kim and Yongjik Kim and Hendrik Kirchner and Jamie Ryan Kiros and Matthew Knight and Daniel Kokotajlo and Lukasz Kondraciuk and Andrew Kondrich and Aris Konstantinidis and Kyle Kosic and Gretchen Krueger and Vishal Kuo and Michael Lampe and Ikai Lan and Teddy Lee and Jan Leike and Jade Leung and Daniel Levy and Chak Ming Li and Rachel Lim and Molly Lin and Stephanie Lin and Ma-teusz Litwin and Theresa Lopez and Ryan Lowe and Patricia Lue and Anna Makanju and Kim Malfacini and Sam Manning and Todor Markov and Yaniv Markovski and Bianca Martin and Katie Mayer and Andrew Mayne and Bob McGrew and Scott Mayer McKinney and Christine McLeavey and Paul McMillan and Jake McNeil and David Medina and Aalok Mehta and Jacob Menick and Luke Metz and Andrey Mishchenko and Pamela Mishkin and Vinnie Monaco and Evan Morikawa and Daniel P. Mossing and Tong Mu and Mira Murati and Oleg Murk and David M'ely and Ashvin Nair and Reiichiro Nakano and Rajeev Nayak and Arvind Neelakantan and Richard Ngo and Hyeonwoo Noh and Ouyang Long and Cullen O'Keefe and Jakub W. Pachocki and Alex Paino and Joe Palermo and Ashley Pantuliano and Giambattista Parascandolo and Joel Parish and Emy Parparita and Alexandre Passos and Mikhail Pavlov and Andrew Peng and Adam Perelman and Filipe de Avila Belbute Peres and Michael Petrov and Henrique Pond{\'e} de Oliveira Pinto and Michael Pokorny and Michelle Pokrass and Vitchyr H. Pong and Tolly Powell and Alethea Power and Boris Power and Elizabeth Proehl and Raul Puri and Alec Radford and Jack W. Rae and Aditya Ramesh and Cameron Raymond and Francis Real and Kendra Rimbach and Carl Ross and Bob Rotsted and Henri Roussez and Nick Ryder and Mario D. Saltarelli and Ted Sanders and Shibani Santurkar and Girish Sastry and Heather Schmidt and David Schnurr and John Schulman and Daniel Selsam and Kyla Sheppard and Toki Sherbakov and Jessica Shieh and Sarah Shoker and Pranav Shyam and Szymon Sidor and Eric Sigler and Maddie Simens and Jordan Sitkin and Katarina Slama and Ian Sohl and Benjamin D. Sokolowsky and Yang Song and Natalie Staudacher and Felipe Petroski Such and Natalie Summers and Ilya Sutskever and Jie Tang and Nikolas A. Tezak and Madeleine Thompson and Phil Tillet and Amin Tootoonchian and Elizabeth Tseng and Preston Tuggle and Nick Turley and Jerry Tworek and Juan Felipe Cer'on Uribe and Andrea Vallone and Arun Vijayvergiya and Chelsea Voss and Carroll L. Wainwright and Justin Jay Wang and Alvin Wang and Ben Wang and Jonathan Ward and Jason Wei and CJ Weinmann and Akila Welihinda and Peter Welinder and Jiayi Weng and Lilian Weng and Matt Wiethoff and Dave Willner and Clemens Winter and Samuel Wolrich and Hannah Wong and Lauren Workman and Sherwin Wu and Jeff Wu and Michael Wu and Kai Xiao and Tao Xu and Sarah Yoo and Kevin Yu and Qim-ing Yuan and Wojciech Zaremba and Rowan Zellers and Chong Zhang and Marvin Zhang and Shengjia Zhao and Tianhao Zheng and Juntang Zhuang and William Zhuk and Barret Zoph},
  year={2023},
  url={https://api.semanticscholar.org/CorpusID:257532815}
}

@inproceedings{zhou2020generate,
  title={Generate, segment, and refine: Towards generic manipulation segmentation},
  author={Zhou, Peng and Chen, Bor-Chun and Han, Xintong and Najibi, Mahyar and Shrivastava, Abhinav and Lim, Ser-Nam and Davis, Larry},
  booktitle={Proceedings of the AAAI conference on artificial intelligence},
  volume={34},
  number={07},
  pages={13058--13065},
  year={2020}
}

@article{chen2017deeplab,
  title={Deeplab: Semantic image segmentation with deep convolutional nets, atrous convolution, and fully connected crfs},
  author={Chen, Liang-Chieh and Papandreou, George and Kokkinos, Iasonas and Murphy, Kevin and Yuille, Alan L},
  journal={IEEE transactions on pattern analysis and machine intelligence},
  volume={40},
  number={4},
  pages={834--848},
  year={2017},
  publisher={IEEE}
}

@inproceedings{dong2013casia,
  title={Casia image tampering detection evaluation database},
  author={Dong, Jing and Wang, Wei and Tan, Tieniu},
  booktitle={2013 IEEE China summit and international conference on signal and information processing},
  pages={422--426},
  year={2013},
  organization={IEEE}
}

@article{battle2024unreasonable,
  title={The Unreasonable Effectiveness of Eccentric Automatic Prompts},
  author={Battle, Rick and Gollapudi, Teja},
  journal={arXiv preprint arXiv:2402.10949},
  year={2024}
}

@inproceedings{zhai2023towards,
  title={Towards generic image manipulation detection with weakly-supervised self-consistency learning},
  author={Zhai, Yuanhao and Luan, Tianyu and Doermann, David and Yuan, Junsong},
  booktitle={Proceedings of the IEEE/CVF International Conference on Computer Vision},
  pages={22390--22400},
  year={2023}
}

@inproceedings{zheng2021rethinking,
  title={Rethinking semantic segmentation from a sequence-to-sequence perspective with transformers},
  author={Zheng, Sixiao and Lu, Jiachen and Zhao, Hengshuang and Zhu, Xiatian and Luo, Zekun and Wang, Yabiao and Fu, Yanwei and Feng, Jianfeng and Xiang, Tao and Torr, Philip HS and others},
  booktitle={Proceedings of the IEEE/CVF conference on computer vision and pattern recognition},
  pages={6881--6890},
  year={2021}
}
@article{xie2021segformer,
  title={SegFormer: Simple and efficient design for semantic segmentation with transformers},
  author={Xie, Enze and Wang, Wenhai and Yu, Zhiding and Anandkumar, Anima and Alvarez, Jose M and Luo, Ping},
  journal={Advances in neural information processing systems},
  volume={34},
  pages={12077--12090},
  year={2021}
}

@inproceedings{wu2019mantra,
  title={Mantra-net: Manipulation tracing network for detection and localization of image forgeries with anomalous features},
  author={Wu, Yue and AbdAlmageed, Wael and Natarajan, Premkumar},
  booktitle={Proceedings of the IEEE/CVF conference on computer vision and pattern recognition},
  pages={9543--9552},
  year={2019}
}
@inproceedings{hu2020span,
  title={SPAN: Spatial pyramid attention network for image manipulation localization},
  author={Hu, Xuefeng and Zhang, Zhihan and Jiang, Zhenye and Chaudhuri, Syomantak and Yang, Zhenheng and Nevatia, Ram},
  booktitle={Computer Vision--ECCV 2020: 16th European Conference, Glasgow, UK, August 23--28, 2020, Proceedings, Part XXI 16},
  pages={312--328},
  year={2020},
  organization={Springer}
}
@inproceedings{chen2021image,
  title={Image manipulation detection by multi-view multi-scale supervision},
  author={Chen, Xinru and Dong, Chengbo and Ji, Jiaqi and Cao, Juan and Li, Xirong},
  booktitle={Proceedings of the IEEE/CVF international conference on computer vision},
  pages={14185--14193},
  year={2021}
}

@inproceedings{ronneberger2015u,
  title={U-net: Convolutional networks for biomedical image segmentation},
  author={Ronneberger, Olaf and Fischer, Philipp and Brox, Thomas},
  booktitle={Medical image computing and computer-assisted intervention--MICCAI 2015: 18th international conference, Munich, Germany, October 5-9, 2015, proceedings, part III 18},
  pages={234--241},
  year={2015},
  organization={Springer}
}
@article{ma2024segment,
  title={Segment anything in medical images},
  author={Ma, Jun and He, Yuting and Li, Feifei and Han, Lin and You, Chenyu and Wang, Bo},
  journal={Nature Communications},
  volume={15},
  number={1},
  pages={654},
  year={2024},
  publisher={Nature Publishing Group UK London}
}
@article{wu2023medical,
  title={Medical sam adapter: Adapting segment anything model for medical image segmentation},
  author={Wu, Junde and Ji, Wei and Liu, Yuanpei and Fu, Huazhu and Xu, Min and Xu, Yanwu and Jin, Yueming},
  journal={arXiv preprint arXiv:2304.12620},
  year={2023}
}
@article{shaharabany2023autosam,
  title={Autosam: Adapting sam to medical images by overloading the prompt encoder},
  author={Shaharabany, Tal and Dahan, Aviad and Giryes, Raja and Wolf, Lior},
  journal={arXiv preprint arXiv:2306.06370},
  year={2023}
}
@article{zhang2023customized,
  title={Customized segment anything model for medical image segmentation},
  author={Zhang, Kaidong and Liu, Dong},
  journal={arXiv preprint arXiv:2304.13785},
  year={2023}
}

@misc{Authors14,
 author = {FirstName LastName},
 title = {The frobnicatable foo filter},
 note = {Face and Gesture submission ID 324. Supplied as supplemental material {\tt fg324.pdf}},
 year = 2014
}

@misc{Authors14b,
 author = {FirstName LastName},
 title = {Frobnication tutorial},
 note = {Supplied as supplemental material {\tt tr.pdf}},
 year = 2014
}

@article{Alpher02,
author = {FirstName Alpher},
title = {Frobnication},
journal = PAMI,
volume = 12,
number = 1,
pages = {234--778},
year = 2002
}

@article{Alpher03,
author = {FirstName Alpher and  FirstName Fotheringham-Smythe},
title = {Frobnication revisited},
journal = {Journal of Foo},
volume = 13,
number = 1,
pages = {234--778},
year = 2003
}

@article{Alpher04,
author = {FirstName Alpher and FirstName Fotheringham-Smythe and FirstName Gamow},
title = {Can a machine frobnicate?},
journal = {Journal of Foo},
volume = 14,
number = 1,
pages = {234--778},
year = 2004
}

@inproceedings{Alpher05,
author = {FirstName Alpher and FirstName Gamow},
title = {Can a computer frobnicate?},
booktitle = CVPR,
pages = {234--778},
year = 2005
}

@inproceedings{kirillov2023segment,
  title={Segment anything},
  author={Kirillov, Alexander and Mintun, Eric and Ravi, Nikhila and Mao, Hanzi and Rolland, Chloe and Gustafson, Laura and Xiao, Tete and Whitehead, Spencer and Berg, Alexander C and Lo, Wan-Yen and others},
  booktitle={Proceedings of the IEEE/CVF International Conference on Computer Vision},
  year={2023}
}
@article{zhang2023one,
  title={One small step for generative ai, one giant leap for agi: A complete survey on chatgpt in aigc era},
  author={Zhang, Chaoning and Zhang, Chenshuang and Li, Chenghao and Qiao, Yu and Zheng, Sheng and Dam, Sumit Kumar and Zhang, Mengchun and Kim, Jung Uk and Kim, Seong Tae and Choi, Jinwoo and others},
  journal={arXiv preprint arXiv:2304.06488},
  year={2023}
}
@inproceedings{radford2021learning,
  title={Learning transferable visual models from natural language supervision},
  author={Radford, Alec and Kim, Jong Wook and Hallacy, Chris and Ramesh, Aditya and Goh, Gabriel and Agarwal, Sandhini and Sastry, Girish and Askell, Amanda and Mishkin, Pamela and Clark, Jack and others},
  booktitle={International conference on machine learning},
  year={2021},
  organization={PMLR}
}
@article{xie2023edit,
  title={Edit everything: A text-guided generative system for images editing},
  author={Xie, Defeng and Wang, Ruichen and Ma, Jian and Chen, Chen and Lu, Haonan and Yang, Dong and Shi, Fobo and Lin, Xiaodong},
  journal={arXiv preprint arXiv:2304.14006},
  year={2023}
}
@article{yang2023track,
  title={Track anything: Segment anything meets videos},
  author={Yang, Jinyu and Gao, Mingqi and Li, Zhe and Gao, Shang and Wang, Fangjing and Zheng, Feng},
  journal={arXiv preprint arXiv:2304.11968},
  year={2023}
}
@inproceedings{cheng2023tracking,
  title={Tracking Anything with Decoupled Video Segmentation},
  author={Cheng, Ho Kei and Oh, Seoung Wug and Price, Brian and Schwing, Alexander and Lee, Joon-Young},
  booktitle={Proceedings of the IEEE/CVF International Conference on Computer Vision},
  pages={1316--1326},
  year={2023}
}
@article{hinton2015distilling,
  title={Distilling the knowledge in a neural network},
  author={Hinton, Geoffrey and Vinyals, Oriol and Dean, Jeff},
  journal={arXiv preprint arXiv:1503.02531},
  year={2015}
}
@inproceedings{jacob2018quantization,
  title={Quantization and training of neural networks for efficient integer-arithmetic-only inference},
  author={Jacob, Benoit and Kligys, Skirmantas and Chen, Bo and Zhu, Menglong and Tang, Matthew and Howard, Andrew and Adam, Hartwig and Kalenichenko, Dmitry},
  booktitle={Proceedings of the IEEE conference on computer vision and pattern recognition},
  pages={2704--2713},
  year={2018}
}
@article{choi2018bridging,
  title={Bridging the accuracy gap for 2-bit quantized neural networks (qnn)},
  author={Choi, Jungwook and Chuang, Pierce I-Jen and Wang, Zhuo and Venkataramani, Swagath and Srinivasan, Vijayalakshmi and Gopalakrishnan, Kailash},
  journal={arXiv preprint arXiv:1807.06964},
  year={2018}
}
@article{han2015deep,
  title={Deep compression: Compressing deep neural networks with pruning, trained quantization and huffman coding},
  author={Han, Song and Mao, Huizi and Dally, William J},
  journal={arXiv preprint arXiv:1510.00149},
  year={2015}
}
@article{vasu2023fastvit,
  title={FastViT: A Fast Hybrid Vision Transformer using Structural Reparameterization},
  author={Vasu, Pavan Kumar Anasosalu and Gabriel, James and Zhu, Jeff and Tuzel, Oncel and Ranjan, Anurag},
  journal={arXiv preprint arXiv:2303.14189},
  year={2023}
}
@inproceedings{xie2023efficient,
  title={Efficient-ViT: A Light-Weight Classification Model Based on CNN and ViT},
  author={Xie, Yulong and Liao, Yu},
  booktitle={Proceedings of the 2023 6th International Conference on Image and Graphics Processing},
  pages={64--70},
  year={2023}
}
@inproceedings{tu2022adabin,
  title={Adabin: Improving binary neural networks with adaptive binary sets},
  author={Tu, Zhijun and Chen, Xinghao and Ren, Pengju and Wang, Yunhe},
  booktitle={European conference on computer vision},
  pages={379--395},
  year={2022},
  organization={Springer}
}
@inproceedings{yu2022width,
  title={Width \& depth pruning for vision transformers},
  author={Yu, Fang and Huang, Kun and Wang, Meng and Cheng, Yuan and Chu, Wei and Cui, Li},
  booktitle={Proceedings of the AAAI Conference on Artificial Intelligence},
  volume={36},
  number={3},
  pages={3143--3151},
  year={2022}
}
@inproceedings{yang2022factorizing,
  title={Factorizing knowledge in neural networks},
  author={Yang, Xingyi and Ye, Jingwen and Wang, Xinchao},
  booktitle={European Conference on Computer Vision},
  year={2022},
  organization={Springer}
}
@article{yang2022deep,
  title={Deep model reassembly},
  author={Yang, Xingyi and Zhou, Daquan and Liu, Songhua and Ye, Jingwen and Wang, Xinchao},
  journal={Advances in neural information processing systems},
  volume={35},
  pages={25739--25753},
  year={2022}
}
@inproceedings{he2022masked,
  title={Masked autoencoders are scalable vision learners},
  author={He, Kaiming and Chen, Xinlei and Xie, Saining and Li, Yanghao and Doll{\'a}r, Piotr and Girshick, Ross},
  booktitle={Proceedings of the IEEE/CVF conference on computer vision and pattern recognition},
  pages={16000--16009},
  year={2022}
}
@article{gong20233dsam,
  title={3DSAM-adapter: Holistic Adaptation of SAM from 2D to 3D for Promptable Medical Image Segmentation},
  author={Gong, Shizhan and Zhong, Yuan and Ma, Wenao and Li, Jinpeng and Wang, Zhao and Zhang, Jingyang and Heng, Pheng-Ann and Dou, Qi},
  journal={arXiv preprint arXiv:2306.13465},
  year={2023}
}

@article{chowdhery2022palm,
  title={Palm: Scaling language modeling with pathways},
  author={Chowdhery, Aakanksha and Narang, Sharan and Devlin, Jacob and Bosma, Maarten and Mishra, Gaurav and Roberts, Adam and Barham, Paul and Chung, Hyung Won and Sutton, Charles and Gehrmann, Sebastian and others},
  journal={arXiv preprint arXiv:2204.02311},
  year={2022}
}
@article{zhang2023faster,
  title={Faster Segment Anything: Towards Lightweight SAM for Mobile Applications},
  author={Zhang, Chaoning and Han, Dongshen and Qiao, Yu and Kim, Jung Uk and Bae, Sung-Ho and Lee, Seungkyu and Hong, Choong Seon},
  journal={arXiv preprint arXiv:2306.14289},
  year={2023}
}
@article{zhao2023fast,
  title={Fast Segment Anything},
  author={Zhao, Xu and Ding, Wenchao and An, Yongqi and Du, Yinglong and Yu, Tao and Li, Min and Tang, Ming and Wang, Jinqiao},
  journal={arXiv preprint arXiv:2306.12156},
  year={2023}
}
@inproceedings{yuan2022ptq4vit,
  title={Ptq4vit: Post-training quantization for vision transformers with twin uniform quantization},
  author={Yuan, Zhihang and Xue, Chenhao and Chen, Yiqi and Wu, Qiang and Sun, Guangyu},
  booktitle={European Conference on Computer Vision},
  pages={191--207},
  year={2022},
  organization={Springer}
}
@inproceedings{li2022patch,
  title={Patch similarity aware data-free quantization for vision transformers},
  author={Li, Zhikai and Ma, Liping and Chen, Mengjuan and Xiao, Junrui and Gu, Qingyi},
  booktitle={European Conference on Computer Vision},
  pages={154--170},
  year={2022},
  organization={Springer}
}
@article{lin2021fq,
  title={Fq-vit: Post-training quantization for fully quantized vision transformer},
  author={Lin, Yang and Zhang, Tianyu and Sun, Peiqin and Li, Zheng and Zhou, Shuchang},
  journal={arXiv preprint arXiv:2111.13824},
  year={2021}
}
@inproceedings{li2023vit,
  title={I-vit: Integer-only quantization for efficient vision transformer inference},
  author={Li, Zhikai and Gu, Qingyi},
  booktitle={Proceedings of the IEEE/CVF International Conference on Computer Vision},
  pages={17065--17075},
  year={2023}
}
@article{choi2018pact,
  title={Pact: Parameterized clipping activation for quantized neural networks},
  author={Choi, Jungwook and Wang, Zhuo and Venkataramani, Swagath and Chuang, Pierce I-Jen and Srinivasan, Vijayalakshmi and Gopalakrishnan, Kailash},
  journal={arXiv preprint arXiv:1805.06085},
  year={2018}
}
@article{liu2021post,
  title={Post-training quantization for vision transformer},
  author={Liu, Zhenhua and Wang, Yunhe and Han, Kai and Zhang, Wei and Ma, Siwei and Gao, Wen},
  journal={Advances in Neural Information Processing Systems},
  volume={34},
  pages={28092--28103},
  year={2021}
}
@article{xiao2023dive,
  title={A dive into sam prior in image restoration},
  author={Xiao, Zeyu and Bai, Jiawang and Lu, Zhihe and Xiong, Zhiwei},
  journal={arXiv preprint arXiv:2305.13620},
  year={2023}
}
@inproceedings{wu2023learning,
  title={Learning Semantic-Aware Knowledge Guidance for Low-Light Image Enhancement},
  author={Wu, Yuhui and Pan, Chen and Wang, Guoqing and Yang, Yang and Wei, Jiwei and Li, Chongyi and Shen, Heng Tao},
  booktitle={Proceedings of the IEEE/CVF Conference on Computer Vision and Pattern Recognition},
  pages={1662--1671},
  year={2023}
}
@inproceedings{wei2022sginet,
  title={Sginet: Toward sufficient interaction between single image deraining and semantic segmentation},
  author={Wei, Yanyan and Zhang, Zhao and Zheng, Huan and Hong, Richang and Yang, Yi and Wang, Meng},
  booktitle={Proceedings of the 30th ACM International Conference on Multimedia},
  pages={6202--6210},
  year={2022}
}
@inproceedings{wang2018recovering,
  title={Recovering realistic texture in image super-resolution by deep spatial feature transform},
  author={Wang, Xintao and Yu, Ke and Dong, Chao and Loy, Chen Change},
  booktitle={Proceedings of the IEEE conference on computer vision and pattern recognition},
  pages={606--615},
  year={2018}
}
@article{zhang2020residual,
  title={Residual dense network for image restoration},
  author={Zhang, Yulun and Tian, Yapeng and Kong, Yu and Zhong, Bineng and Fu, Yun},
  journal={IEEE transactions on pattern analysis and machine intelligence},
  volume={43},
  number={7},
  pages={2480--2495},
  year={2020},
  publisher={IEEE}
}
@article{geman1984stochastic,
  title={Stochastic relaxation, Gibbs distributions, and the Bayesian restoration of images},
  author={Geman, Stuart and Geman, Donald},
  journal={IEEE Transactions on pattern analysis and machine intelligence},
  number={6},
  pages={721--741},
  year={1984},
  publisher={IEEE}
}
@article{he2010single,
  title={Single image haze removal using dark channel prior},
  author={He, Kaiming and Sun, Jian and Tang, Xiaoou},
  journal={IEEE transactions on pattern analysis and machine intelligence},
  volume={33},
  number={12},
  pages={2341--2353},
  year={2010},
  publisher={IEEE}
}
@article{kopf2008deep,
  title={Deep photo: Model-based photograph enhancement and viewing},
  author={Kopf, Johannes and Neubert, Boris and Chen, Billy and Cohen, Michael and Cohen-Or, Daniel and Deussen, Oliver and Uyttendaele, Matt and Lischinski, Dani},
  journal={ACM transactions on graphics (TOG)},
  volume={27},
  number={5},
  pages={1--10},
  year={2008},
  publisher={ACM New York, NY, USA}
}
@article{zhang2021plug,
  title={Plug-and-play image restoration with deep denoiser prior},
  author={Zhang, Kai and Li, Yawei and Zuo, Wangmeng and Zhang, Lei and Van Gool, Luc and Timofte, Radu},
  journal={IEEE Transactions on Pattern Analysis and Machine Intelligence},
  volume={44},
  number={10},
  pages={6360--6376},
  year={2021},
  publisher={IEEE}
}
@inproceedings{zamir2022restormer,
  title={Restormer: Efficient transformer for high-resolution image restoration},
  author={Zamir, Syed Waqas and Arora, Aditya and Khan, Salman and Hayat, Munawar and Khan, Fahad Shahbaz and Yang, Ming-Hsuan},
  booktitle={Proceedings of the IEEE/CVF conference on computer vision and pattern recognition},
  pages={5728--5739},
  year={2022}
}
@inproceedings{zhang2019deep,
  title={Deep stacked hierarchical multi-patch network for image deblurring},
  author={Zhang, Hongguang and Dai, Yuchao and Li, Hongdong and Koniusz, Piotr},
  booktitle={Proceedings of the IEEE/CVF Conference on Computer Vision and Pattern Recognition},
  pages={5978--5986},
  year={2019}
}
@inproceedings{wang2020model,
  title={A model-driven deep neural network for single image rain removal},
  author={Wang, Hong and Xie, Qi and Zhao, Qian and Meng, Deyu},
  booktitle={Proceedings of the IEEE/CVF conference on computer vision and pattern recognition},
  pages={3103--3112},
  year={2020}
}
@article{jin2023let,
  title={Let Segment Anything Help Image Dehaze},
  author={Jin, Zheyan and Chen, Shiqi and Chen, Yueting and Xu, Zhihai and Feng, Huajun},
  journal={arXiv preprint arXiv:2306.15870},
  year={2023}
}
@inproceedings{kulikov2023sinddm,
  title={Sinddm: A single image denoising diffusion model},
  author={Kulikov, Vladimir and Yadin, Shahar and Kleiner, Matan and Michaeli, Tomer},
  booktitle={International Conference on Machine Learning},
  pages={17920--17930},
  year={2023},
  organization={PMLR}
}
@inproceedings{li2022learning,
  title={Learning degradation representations for image deblurring},
  author={Li, Dasong and Zhang, Yi and Cheung, Ka Chun and Wang, Xiaogang and Qin, Hongwei and Li, Hongsheng},
  booktitle={European Conference on Computer Vision},
  pages={736--753},
  year={2022},
  organization={Springer}
}
@inproceedings{guo2021efficientderain,
  title={Efficientderain: Learning pixel-wise dilation filtering for high-efficiency single-image deraining},
  author={Guo, Qing and Sun, Jingyang and Juefei-Xu, Felix and Ma, Lei and Xie, Xiaofei and Feng, Wei and Liu, Yang and Zhao, Jianjun},
  booktitle={Proceedings of the AAAI Conference on Artificial Intelligence},
  volume={35},
  number={2},
  pages={1487--1495},
  year={2021}
}
@inproceedings{li2022close,
  title={Close the loop: a unified bottom-up and top-down paradigm for joint image deraining and segmentation},
  author={Li, Yi and Chang, Yi and Yu, Changfeng and Yan, Luxin},
  booktitle={Proceedings of the AAAI Conference on Artificial Intelligence},
  volume={36},
  number={2},
  pages={1438--1446},
  year={2022}
}
@article{pham2022revisiting,
  title={Revisiting self-distillation},
  author={Pham, Minh and Cho, Minsu and Joshi, Ameya and Hegde, Chinmay},
  journal={arXiv preprint arXiv:2206.08491},
  year={2022}
}
@article{liu2017image,
  title={When image denoising meets high-level vision tasks: A deep learning approach},
  author={Liu, Ding and Wen, Bihan and Liu, Xianming and Wang, Zhangyang and Huang, Thomas S},
  journal={arXiv preprint arXiv:1706.04284},
  year={2017}
}
@inproceedings{zheng2022semantic,
  title={Semantic-guided zero-shot learning for low-light image/video enhancement},
  author={Zheng, Shen and Gupta, Gaurav},
  booktitle={Proceedings of the IEEE/CVF Winter conference on applications of computer vision},
  pages={581--590},
  year={2022}
}
@inproceedings{wang2020dual,
  title={Dual super-resolution learning for semantic segmentation},
  author={Wang, Li and Li, Dong and Zhu, Yousong and Tian, Lu and Shan, Yi},
  booktitle={Proceedings of the IEEE/CVF conference on computer vision and pattern recognition},
  pages={3774--3783},
  year={2020}
}
@article{ren2018deep,
  title={Deep video dehazing with semantic segmentation},
  author={Ren, Wenqi and Zhang, Jingang and Xu, Xiangyu and Ma, Lin and Cao, Xiaochun and Meng, Gaofeng and Liu, Wei},
  journal={IEEE transactions on image processing},
  volume={28},
  number={4},
  pages={1895--1908},
  year={2018},
  publisher={IEEE}
}
@article{shen2020exploiting,
  title={Exploiting semantics for face image deblurring},
  author={Shen, Ziyi and Lai, Wei-Sheng and Xu, Tingfa and Kautz, Jan and Yang, Ming-Hsuan},
  journal={International Journal of Computer Vision},
  volume={128},
  pages={1829--1846},
  year={2020},
  publisher={Springer}
}
@inproceedings{he2017mask,
  title={Mask r-cnn},
  author={He, Kaiming and Gkioxari, Georgia and Doll{\'a}r, Piotr and Girshick, Ross},
  booktitle={Proceedings of the IEEE international conference on computer vision},
  pages={2961--2969},
  year={2017}
}
@inproceedings{li2023mask,
  title={Mask dino: Towards a unified transformer-based framework for object detection and segmentation},
  author={Li, Feng and Zhang, Hao and Xu, Huaizhe and Liu, Shilong and Zhang, Lei and Ni, Lionel M and Shum, Heung-Yeung},
  booktitle={Proceedings of the IEEE/CVF Conference on Computer Vision and Pattern Recognition},
  pages={3041--3050},
  year={2023}
}
@inproceedings{fang2021instances,
  title={Instances as queries},
  author={Fang, Yuxin and Yang, Shusheng and Wang, Xinggang and Li, Yu and Fang, Chen and Shan, Ying and Feng, Bin and Liu, Wenyu},
  booktitle={Proceedings of the IEEE/CVF international conference on computer vision},
  pages={6910--6919},
  year={2021}
}

@inproceedings{bearman2016s,
  title={What’s the point: Semantic segmentation with point supervision},
  author={Bearman, Amy and Russakovsky, Olga and Ferrari, Vittorio and Fei-Fei, Li},
  booktitle={European conference on computer vision},
  pages={549--565},
  year={2016},
  organization={Springer}
}
@inproceedings{jain2023semask,
  title={Semask: Semantically masked transformers for semantic segmentation},
  author={Jain, Jitesh and Singh, Anukriti and Orlov, Nikita and Huang, Zilong and Li, Jiachen and Walton, Steven and Shi, Humphrey},
  booktitle={Proceedings of the IEEE/CVF International Conference on Computer Vision},
  pages={752--761},
  year={2023}
}

@inproceedings{zhao2017pyramid,
  title={Pyramid scene parsing network},
  author={Zhao, Hengshuang and Shi, Jianping and Qi, Xiaojuan and Wang, Xiaogang and Jia, Jiaya},
  booktitle={Proceedings of the IEEE conference on computer vision and pattern recognition},
  pages={2881--2890},
  year={2017}
}
@inproceedings{kirillov2019panoptic,
  title={Panoptic segmentation},
  author={Kirillov, Alexander and He, Kaiming and Girshick, Ross and Rother, Carsten and Doll{\'a}r, Piotr},
  booktitle={Proceedings of the IEEE/CVF conference on computer vision and pattern recognition},
  pages={9404--9413},
  year={2019}
}
@inproceedings{xiong2019upsnet,
  title={Upsnet: A unified panoptic segmentation network},
  author={Xiong, Yuwen and Liao, Renjie and Zhao, Hengshuang and Hu, Rui and Bai, Min and Yumer, Ersin and Urtasun, Raquel},
  booktitle={Proceedings of the IEEE/CVF Conference on Computer Vision and Pattern Recognition},
  pages={8818--8826},
  year={2019}
}
@article{wang2023rcdnet,
  title={RCDNet: An interpretable rain convolutional dictionary network for single image deraining},
  author={Wang, Hong and Xie, Qi and Zhao, Qian and Li, Yuexiang and Liang, Yong and Zheng, Yefeng and Meng, Deyu},
  journal={IEEE Transactions on Neural Networks and Learning Systems},
  year={2023},
  publisher={IEEE}
}
@inproceedings{yang2017deep,
  title={Deep joint rain detection and removal from a single image},
  author={Yang, Wenhan and Tan, Robby T and Feng, Jiashi and Liu, Jiaying and Guo, Zongming and Yan, Shuicheng},
  booktitle={Proceedings of the IEEE conference on computer vision and pattern recognition},
  pages={1357--1366},
  year={2017}
}
@inproceedings{zhang2018density,
  title={Density-aware single image de-raining using a multi-stream dense network},
  author={Zhang, He and Patel, Vishal M},
  booktitle={Proceedings of the IEEE conference on computer vision and pattern recognition},
  pages={695--704},
  year={2018}
}
@inproceedings{fu2017removing,
  title={Removing rain from single images via a deep detail network},
  author={Fu, Xueyang and Huang, Jiabin and Zeng, Delu and Huang, Yue and Ding, Xinghao and Paisley, John},
  booktitle={Proceedings of the IEEE conference on computer vision and pattern recognition},
  pages={3855--3863},
  year={2017}
}
@article{huynh2008scope,
  title={Scope of validity of PSNR in image/video quality assessment},
  author={Huynh-Thu, Quan and Ghanbari, Mohammed},
  journal={Electronics letters},
  volume={44},
  number={13},
  pages={800--801},
  year={2008},
  publisher={IET}
}
@article{wang2004image,
  title={Image quality assessment: from error visibility to structural similarity},
  author={Wang, Zhou and Bovik, Alan C and Sheikh, Hamid R and Simoncelli, Eero P},
  journal={IEEE transactions on image processing},
  volume={13},
  number={4},
  pages={600--612},
  year={2004},
  publisher={IEEE}
}
@inproceedings{cordts2016cityscapes,
  title={The cityscapes dataset for semantic urban scene understanding},
  author={Cordts, Marius and Omran, Mohamed and Ramos, Sebastian and Rehfeld, Timo and Enzweiler, Markus and Benenson, Rodrigo and Franke, Uwe and Roth, Stefan and Schiele, Bernt},
  booktitle={Proceedings of the IEEE conference on computer vision and pattern recognition},
  pages={3213--3223},
  year={2016}
}
@article{heusel2017gans,
  title={Gans trained by a two time-scale update rule converge to a local nash equilibrium},
  author={Heusel, Martin and Ramsauer, Hubert and Unterthiner, Thomas and Nessler, Bernhard and Hochreiter, Sepp},
  journal={Advances in neural information processing systems},
  volume={30},
  year={2017}
}
@article{shamir2019continuous,
  title={Continuous dice coefficient: a method for evaluating probabilistic segmentations},
  author={Shamir, Reuben R and Duchin, Yuval and Kim, Jinyoung and Sapiro, Guillermo and Harel, Noam},
  journal={arXiv preprint arXiv:1906.11031},
  year={2019}
}
@inproceedings{nah2017deep,
  title={Deep multi-scale convolutional neural network for dynamic scene deblurring},
  author={Nah, Seungjun and Hyun Kim, Tae and Mu Lee, Kyoung},
  booktitle={Proceedings of the IEEE conference on computer vision and pattern recognition},
  pages={3883--3891},
  year={2017}
}
@inproceedings{zhang2022idr,
  title={Idr: Self-supervised image denoising via iterative data refinement},
  author={Zhang, Yi and Li, Dasong and Law, Ka Lung and Wang, Xiaogang and Qin, Hongwei and Li, Hongsheng},
  booktitle={Proceedings of the IEEE/CVF Conference on Computer Vision and Pattern Recognition},
  pages={2098--2107},
  year={2022}
}
@inproceedings{wang2022uformer,
  title={Uformer: A general u-shaped transformer for image restoration},
  author={Wang, Zhendong and Cun, Xiaodong and Bao, Jianmin and Zhou, Wengang and Liu, Jianzhuang and Li, Houqiang},
  booktitle={Proceedings of the IEEE/CVF conference on computer vision and pattern recognition},
  pages={17683--17693},
  year={2022}
}
@inproceedings{kupyn2018deblurgan,
  title={Deblurgan: Blind motion deblurring using conditional adversarial networks},
  author={Kupyn, Orest and Budzan, Volodymyr and Mykhailych, Mykola and Mishkin, Dmytro and Matas, Ji{\v{r}}{\'\i}},
  booktitle={Proceedings of the IEEE conference on computer vision and pattern recognition},
  pages={8183--8192},
  year={2018}
}
@inproceedings{kupyn2019deblurgan,
  title={Deblurgan-v2: Deblurring (orders-of-magnitude) faster and better},
  author={Kupyn, Orest and Martyniuk, Tetiana and Wu, Junru and Wang, Zhangyang},
  booktitle={Proceedings of the IEEE/CVF international conference on computer vision},
  pages={8878--8887},
  year={2019}
}
@inproceedings{tao2018scale,
  title={Scale-recurrent network for deep image deblurring},
  author={Tao, Xin and Gao, Hongyun and Shen, Xiaoyong and Wang, Jue and Jia, Jiaya},
  booktitle={Proceedings of the IEEE conference on computer vision and pattern recognition},
  pages={8174--8182},
  year={2018}
}
@inproceedings{zhang2020deblurring,
  title={Deblurring by realistic blurring},
  author={Zhang, Kaihao and Luo, Wenhan and Zhong, Yiran and Ma, Lin and Stenger, Bjorn and Liu, Wei and Li, Hongdong},
  booktitle={Proceedings of the IEEE/CVF Conference on Computer Vision and Pattern Recognition},
  pages={2737--2746},
  year={2020}
}
@inproceedings{park2020multi,
  title={Multi-temporal recurrent neural networks for progressive non-uniform single image deblurring with incremental temporal training},
  author={Park, Dongwon and Kang, Dong Un and Kim, Jisoo and Chun, Se Young},
  booktitle={European Conference on Computer Vision},
  pages={327--343},
  year={2020},
  organization={Springer}
}
@inproceedings{li2018recurrent,
  title={Recurrent squeeze-and-excitation context aggregation net for single image deraining},
  author={Li, Xia and Wu, Jianlong and Lin, Zhouchen and Liu, Hong and Zha, Hongbin},
  booktitle={Proceedings of the European conference on computer vision (ECCV)},
  pages={254--269},
  year={2018}
}
@inproceedings{zamir2021multi,
  title={Multi-stage progressive image restoration},
  author={Zamir, Syed Waqas and Arora, Aditya and Khan, Salman and Hayat, Munawar and Khan, Fahad Shahbaz and Yang, Ming-Hsuan and Shao, Ling},
  booktitle={Proceedings of the IEEE/CVF conference on computer vision and pattern recognition},
  pages={14821--14831},
  year={2021}
}
@inproceedings{jiang2020multi,
  title={Multi-scale progressive fusion network for single image deraining},
  author={Jiang, Kui and Wang, Zhongyuan and Yi, Peng and Chen, Chen and Huang, Baojin and Luo, Yimin and Ma, Jiayi and Jiang, Junjun},
  booktitle={Proceedings of the IEEE/CVF conference on computer vision and pattern recognition},
  pages={8346--8355},
  year={2020}
}
@inproceedings{ren2019progressive,
  title={Progressive image deraining networks: A better and simpler baseline},
  author={Ren, Dongwei and Zuo, Wangmeng and Hu, Qinghua and Zhu, Pengfei and Meng, Deyu},
  booktitle={Proceedings of the IEEE/CVF conference on computer vision and pattern recognition},
  pages={3937--3946},
  year={2019}
}
@article{sun2019high,
  title={High-resolution representations for labeling pixels and regions},
  author={Sun, Ke and Zhao, Yang and Jiang, Borui and Cheng, Tianheng and Xiao, Bin and Liu, Dong and Mu, Yadong and Wang, Xinggang and Liu, Wenyu and Wang, Jingdong},
  journal={arXiv preprint arXiv:1904.04514},
  year={2019}
}
@inproceedings{ronneberger2015u,
  title={U-net: Convolutional networks for biomedical image segmentation},
  author={Ronneberger, Olaf and Fischer, Philipp and Brox, Thomas},
  booktitle={Medical Image Computing and Computer-Assisted Intervention--MICCAI 2015: 18th International Conference, Munich, Germany, October 5-9, 2015, Proceedings, Part III 18},
  pages={234--241},
  year={2015},
  organization={Springer}
}
@inproceedings{guo2019toward,
  title={Toward convolutional blind denoising of real photographs},
  author={Guo, Shi and Yan, Zifei and Zhang, Kai and Zuo, Wangmeng and Zhang, Lei},
  booktitle={Proceedings of the IEEE/CVF conference on computer vision and pattern recognition},
  pages={1712--1722},
  year={2019}
}
@inproceedings{chen2022simple,
  title={Simple baselines for image restoration},
  author={Chen, Liangyu and Chu, Xiaojie and Zhang, Xiangyu and Sun, Jian},
  booktitle={European Conference on Computer Vision},
  pages={17--33},
  year={2022},
  organization={Springer}
}
@article{li2023sam,
  title={SAM-Deblur: Let Segment Anything Boost Image Deblurring},
  author={Li, Siwei and Liu, Mingxuan and Zhang, Yating and Chen, Shu and Li, Haoxiang and Chen, Hong and Dou, Zifei},
  journal={arXiv preprint arXiv:2309.02270},
  year={2023}
}
@inproceedings{rim2020real,
  title={Real-world blur dataset for learning and benchmarking deblurring algorithms},
  author={Rim, Jaesung and Lee, Haeyun and Won, Jucheol and Cho, Sunghyun},
  booktitle={Computer Vision--ECCV 2020: 16th European Conference, Glasgow, UK, August 23--28, 2020, Proceedings, Part XXV 16},
  pages={184--201},
  year={2020},
  organization={Springer}
}
@inproceedings{nah2019ntire,
  title={Ntire 2019 challenge on video deblurring and super-resolution: Dataset and study},
  author={Nah, Seungjun and Baik, Sungyong and Hong, Seokil and Moon, Gyeongsik and Son, Sanghyun and Timofte, Radu and Mu Lee, Kyoung},
  booktitle={Proceedings of the IEEE/CVF Conference on Computer Vision and Pattern Recognition Workshops},
  pages={0--0},
  year={2019}
}
@inproceedings{li2023real,
  title={Real-world deep local motion deblurring},
  author={Li, Haoying and Zhang, Ziran and Jiang, Tingting and Luo, Peng and Feng, Huajun and Xu, Zhihai},
  booktitle={Proceedings of the AAAI Conference on Artificial Intelligence},
  volume={37},
  number={1},
  pages={1314--1322},
  year={2023}
}

@inproceedings{zheng2015conditional,
  title={Conditional random fields as recurrent neural networks},
  author={Zheng, Shuai and Jayasumana, Sadeep and Romera-Paredes, Bernardino and Vineet, Vibhav and Su, Zhizhong and Du, Dalong and Huang, Chang and Torr, Philip HS},
  booktitle={Proceedings of the IEEE international conference on computer vision},
  pages={1529--1537},
  year={2015}
}

@inproceedings{yang2021multi,
  title={Multi-modality image manipulation detection},
  author={Yang, Chao and Wang, Zhiyu and Shen, Huawei and Li, Huizhou and Jiang, Bin},
  booktitle={2021 IEEE International conference on multimedia and expo (ICME)},
  pages={1--6},
  year={2021},
  organization={IEEE}
}

@inproceedings{rao2021self,
  title={Self-supervised domain adaptation for forgery localization of JPEG compressed images},
  author={Rao, Yuan and Ni, Jiangqun},
  booktitle={Proceedings of the IEEE/CVF international conference on computer vision},
  pages={15034--15043},
  year={2021}
}

@article{howard2017mobilenets,
  title={Mobilenets: Efficient convolutional neural networks for mobile vision applications},
  author={Howard, Andrew G},
  journal={arXiv preprint arXiv:1704.04861},
  year={2017}
}

@article{ravi2024sam,
  title={Sam 2: Segment anything in images and videos},
  author={Ravi, Nikhila and Gabeur, Valentin and Hu, Yuan-Ting and Hu, Ronghang and Ryali, Chaitanya and Ma, Tengyu and Khedr, Haitham and R{\"a}dle, Roman and Rolland, Chloe and Gustafson, Laura and others},
  journal={arXiv preprint arXiv:2408.00714},
  year={2024}
}

@article{zou2024segment,
  title={Segment everything everywhere all at once},
  author={Zou, Xueyan and Yang, Jianwei and Zhang, Hao and Li, Feng and Li, Linjie and Wang, Jianfeng and Wang, Lijuan and Gao, Jianfeng and Lee, Yong Jae},
  journal={Advances in Neural Information Processing Systems},
  volume={36},
  year={2024}
}

@article{cai2024biosam,
  title={BioSAM: Generating SAM Prompts From Superpixel Graph for Biological Instance Segmentation},
  author={Cai, Miaomiao and Liu, Xiaoyu and Xiong, Zhiwei and Chen, Xuejin},
  journal={IEEE Journal of Biomedical and Health Informatics},
  year={2024},
  publisher={IEEE}
}

@inproceedings{liu2024pq,
  title={PQ-SAM: Post-training Quantization for Segment Anything Model},
  author={Liu, Xiaoyu and Ding, Xin and Yu, Lei and Xi, Yuanyuan and Li, Wei and Tu, Zhijun and Hu, Jie and Chen, Hanting and Yin, Baoqun and Xiong, Zhiwei},
  booktitle={European Conference on Computer Vision},
  pages={420--437},
  year={2024},
  organization={Springer}
}

@inproceedings{zhang2024distilling,
  title={Distilling semantic priors from sam to efficient image restoration models},
  author={Zhang, Quan and Liu, Xiaoyu and Li, Wei and Chen, Hanting and Liu, Junchao and Hu, Jie and Xiong, Zhiwei and Yuan, Chun and Wang, Yunhe},
  booktitle={Proceedings of the IEEE/CVF Conference on Computer Vision and Pattern Recognition},
  pages={25409--25419},
  year={2024}
}

@article{chen2024gim,
  title={GIM: A Million-scale Benchmark for Generative Image Manipulation Detection and Localization},
  author={Chen, Yirui and Huang, Xudong and Zhang, Quan and Li, Wei and Zhu, Mingjian and Yan, Qiangyu and Li, Simiao and Chen, Hanting and Hu, Hailin and Yang, Jie and others},
  journal={arXiv preprint arXiv:2406.16531},
  year={2024}
}

@article{zhang2025rethinking,
  title={Rethinking Pseudo-Label Guided Learning for Weakly Supervised Temporal Action Localization from the Perspective of Noise Correction},
  author={Zhang, Quan and Qi, Yuxin and Tang, Xi and Yuan, Rui and Lin, Xi and Zhang, Ke and Yuan, Chun},
  journal={arXiv preprint arXiv:2501.11124},
  year={2025}
}

@article{zhang2024can,
  title={Can MLLMs Guide Weakly-Supervised Temporal Action Localization Tasks?},
  author={Zhang, Quan and Qi, Yuxin},
  journal={arXiv preprint arXiv:2411.08466},
  year={2024}
}


@article{qiu2024tfb,
title   = {TFB: Towards Comprehensive and Fair Benchmarking of Time Series Forecasting Methods},
author  = {Xiangfei Qiu and Jilin Hu and Lekui Zhou and Xingjian Wu and Junyang Du and Buang Zhang and Chenjuan Guo and Aoying Zhou and Christian S. Jensen and Zhenli Sheng and Bin Yang},
journal = {Proc. {VLDB} Endow.},
volume  = {17},
number  = {9},
pages   = {2363--2377},
year    = {2024}
}

@inproceedings{qiu2025duet,
title   = {DUET: Dual Clustering Enhanced Multivariate Time Series Forecasting},
author  = {Xiangfei Qiu and Xingjian Wu and Yan Lin and Chenjuan Guo and Jilin Hu and Bin Yang},
booktitle = {SIGKDD},
year    = {2025}
}

@inproceedings{qiu2025easytime,
author       = {Xiangfei Qiu and Xiuwen Li and Ruiyang Pang and Zhicheng Pan and Xingjian Wu and Liu Yang and Jilin Hu and Yang Shu and Xuesong Lu and Chengcheng Yang and Chenjuan Guo and Aoying Zhou and Christian S. Jensen and Bin Yang},
title        = {EasyTime: Time Series Forecasting Made Easy},
booktitle    = {ICDE},
year         = {2025}
}

@inproceedings{wu2024catch,
  title={CATCH: Channel-Aware multivariate Time Series Anomaly Detection via Frequency Patching},
  author={Wu, Xingjian and Qiu, Xiangfei and Li, Zhengyu and Wang, Yihang and Hu, Jilin and Guo, Chenjuan and Xiong, Hui and Yang, Bin},
  booktitle={ICLR},
  year={2025}
}

@article{AutoCTS++,
author     = {Xinle Wu and Xingjian Wu and Bin Yang and Lekui Zhou and Chenjuan Guo and Xiangfei Qiu and Jilin Hu and Zhenli Sheng and Christian S. Jensen},
title      = {AutoCTS++: zero-shot joint neural architecture and hyperparameter
search for correlated time series forecasting},
journal    = {{VLDB} J.},
volume     = {33},
number     = {5},
pages      = {1743--1770},
year       = {2024},
}

@article{li2024foundts,
  title={FoundTS: Comprehensive and Unified Benchmarking of Foundation Models for Time Series Forecasting},
  author={Li, Zhe and Qiu, Xiangfei and Chen, Peng and Wang, Yihang and Cheng, Hanyin and Shu, Yang and Hu, Jilin and Guo, Chenjuan and Zhou, Aoying and Wen, Qingsong and others},
  journal={arXiv preprint arXiv:2410.11802},
  year={2024}
}

@article{gao2024diffimp,
  title={DiffImp: Efficient Diffusion Model for Probabilistic Time Series Imputation with Bidirectional Mamba Backbone},
  author={Gao, Hongfan and Shen, Wangmeng and Qiu, Xiangfei and Xu, Ronghui and Hu, Jilin and Yang, Bin},
  journal={arXiv preprint arXiv:2410.13338},
  year={2024}
}

@article{hu2024multirc,
  title={MultiRC: Joint Learning for Time Series Anomaly Prediction and Detection with Multi-scale Reconstructive Contrast},
  author={Hu, Shiyan and Zhao, Kai and Qiu, Xiangfei and Shu, Yang and Hu, Jilin and Yang, Bin and Guo, Chenjuan},
  journal={arXiv preprint arXiv:2410.15997},
  year={2024}
}

@article{pan2024conv,
  title={Conv-coa: Improving open-domain question answering in large language models via conversational chain-of-action},
  author={Pan, Zhenyu and Luo, Haozheng and Li, Manling and Liu, Han},
  journal={arXiv preprint arXiv:2405.17822},
  year={2024}
}

@article{pan2024codev,
  title={Codev-Bench: How Do LLMs Understand Developer-Centric Code Completion?},
  author={Pan, Zhenyu and Cao, Rongyu and Cao, Yongchang and Ma, Yingwei and Li, Binhua and Huang, Fei and Liu, Han and Li, Yongbin},
  journal={arXiv preprint arXiv:2410.01353},
  year={2024}
}

@article{pan2025code,
  title={Do Code LLMs Understand Design Patterns?},
  author={Pan, Zhenyu and Song, Xuefeng and Wang, Yunkun and Cao, Rongyu and Li, Binhua and Li, Yongbin and Liu, Han},
  journal={arXiv preprint arXiv:2501.04835},
  year={2025}
}

@inproceedings{wei2024free,
  title={Free: Faster and better data-free meta-learning},
  author={Wei, Yongxian and Hu, Zixuan and Wang, Zhenyi and Shen, Li and Yuan, Chun and Tao, Dacheng},
  booktitle={Proceedings of the IEEE/CVF Conference on Computer Vision and Pattern Recognition},
  pages={23273--23282},
  year={2024}
}


@article{wei2024task,
  title={Task groupings regularization: Data-free meta-learning with heterogeneous pre-trained models},
  author={Wei, Yongxian and Hu, Zixuan and Shen, Li and Wang, Zhenyi and Li, Yu and Yuan, Chun and Tao, Dacheng},
  journal={arXiv preprint arXiv:2405.16560},
  year={2024}
}


@article{wei2025modeling,
  title={Modeling Multi-Task Model Merging as Adaptive Projective Gradient Descent},
  author={Wei, Yongxian and Tang, Anke and Shen, Li and Xiong, Feng and Yuan, Chun and Cao, Xiaochun},
  journal={arXiv preprint arXiv:2501.01230},
  year={2025}
}
@inproceedings{
zhang2025imdprompter,
title={{IMDP}rompter: Adapting {SAM} to Image Manipulation Detection by Cross-View Automated Prompt Learning},
author={Quan Zhang and Yuxin Qi and Xi Tang and Jinwei Fang and Xi Lin and Ke Zhang and Chun Yuan},
booktitle={The Thirteenth International Conference on Learning Representations},
year={2025},
url={https://openreview.net/forum?id=vl7kf0YHwj}
}