@article{DBLP:journals/corr/abs-1901-02860,
  author       = {Zihang Dai and
                  Zhilin Yang and
                  Yiming Yang and
                  Jaime G. Carbonell and
                  Quoc V. Le and
                  Ruslan Salakhutdinov},
  title        = {Transformer-XL: Attentive Language Models Beyond a Fixed-Length Context},
  journal      = {CoRR},
  volume       = {abs/1901.02860},
  year         = {2019},
  url          = {http://arxiv.org/abs/1901.02860},
  eprinttype    = {arXiv},
  eprint       = {1901.02860},
  timestamp    = {Fri, 01 Feb 2019 13:39:59 +0100},
  biburl       = {https://dblp.org/rec/journals/corr/abs-1901-02860.bib},
  bibsource    = {dblp computer science bibliography, https://dblp.org}
}

@article{DBLP:journals/corr/abs-2004-05150,
  author       = {Iz Beltagy and
                  Matthew E. Peters and
                  Arman Cohan},
  title        = {Longformer: The Long-Document Transformer},
  journal      = {CoRR},
  volume       = {abs/2004.05150},
  year         = {2020},
  url          = {https://arxiv.org/abs/2004.05150},
  eprinttype    = {arXiv},
  eprint       = {2004.05150},
  timestamp    = {Tue, 14 Apr 2020 16:40:34 +0200},
  biburl       = {https://dblp.org/rec/journals/corr/abs-2004-05150.bib},
  bibsource    = {dblp computer science bibliography, https://dblp.org}
}

@article{DBLP:journals/corr/abs-2004-08483,
  author       = {Joshua Ainslie and
                  Santiago Onta{\~{n}}{\'{o}}n and
                  Chris Alberti and
                  Philip Pham and
                  Anirudh Ravula and
                  Sumit Sanghai},
  title        = {{ETC:} Encoding Long and Structured Data in Transformers},
  journal      = {CoRR},
  volume       = {abs/2004.08483},
  year         = {2020},
  url          = {https://arxiv.org/abs/2004.08483},
  eprinttype    = {arXiv},
  eprint       = {2004.08483},
  timestamp    = {Wed, 22 Apr 2020 12:57:53 +0200},
  biburl       = {https://dblp.org/rec/journals/corr/abs-2004-08483.bib},
  bibsource    = {dblp computer science bibliography, https://dblp.org}
}

@article{DBLP:journals/corr/abs-2005-11401,
  author       = {Patrick S. H. Lewis and
                  Ethan Perez and
                  Aleksandra Piktus and
                  Fabio Petroni and
                  Vladimir Karpukhin and
                  Naman Goyal and
                  Heinrich K{\"{u}}ttler and
                  Mike Lewis and
                  Wen{-}tau Yih and
                  Tim Rockt{\"{a}}schel and
                  Sebastian Riedel and
                  Douwe Kiela},
  title        = {Retrieval-Augmented Generation for Knowledge-Intensive {NLP} Tasks},
  journal      = {CoRR},
  volume       = {abs/2005.11401},
  year         = {2020},
  url          = {https://arxiv.org/abs/2005.11401},
  eprinttype    = {arXiv},
  eprint       = {2005.11401},
  timestamp    = {Fri, 29 May 2020 09:57:22 +0200},
  biburl       = {https://dblp.org/rec/journals/corr/abs-2005-11401.bib},
  bibsource    = {dblp computer science bibliography, https://dblp.org}
}

@article{DBLP:journals/corr/abs-2006-03274,
  author       = {Ankit Gupta and
                  Jonathan Berant},
  title        = {{GMAT:} Global Memory Augmentation for Transformers},
  journal      = {CoRR},
  volume       = {abs/2006.03274},
  year         = {2020},
  url          = {https://arxiv.org/abs/2006.03274},
  eprinttype    = {arXiv},
  eprint       = {2006.03274},
  timestamp    = {Fri, 27 May 2022 16:07:27 +0200},
  biburl       = {https://dblp.org/rec/journals/corr/abs-2006-03274.bib},
  bibsource    = {dblp computer science bibliography, https://dblp.org}
}

@article{DBLP:journals/corr/abs-2007-14062,
  author       = {Manzil Zaheer and
                  Guru Guruganesh and
                  Avinava Dubey and
                  Joshua Ainslie and
                  Chris Alberti and
                  Santiago Onta{\~{n}}{\'{o}}n and
                  Philip Pham and
                  Anirudh Ravula and
                  Qifan Wang and
                  Li Yang and
                  Amr Ahmed},
  title        = {Big Bird: Transformers for Longer Sequences},
  journal      = {CoRR},
  volume       = {abs/2007.14062},
  year         = {2020},
  url          = {https://arxiv.org/abs/2007.14062},
  eprinttype    = {arXiv},
  eprint       = {2007.14062},
  timestamp    = {Mon, 16 Oct 2023 13:50:56 +0200},
  biburl       = {https://dblp.org/rec/journals/corr/abs-2007-14062.bib},
  bibsource    = {dblp computer science bibliography, https://dblp.org}
}

@misc{bulatov2022recurrentmemorytransformer,
      title={Recurrent Memory Transformer}, 
      author={Aydar Bulatov and Yuri Kuratov and Mikhail S. Burtsev},
      year={2022},
      eprint={2207.06881},
      archivePrefix={arXiv},
      primaryClass={cs.CL},
      url={https://arxiv.org/abs/2207.06881}, 
}

@inproceedings{ko2024memreasoner,
  title={MemReasoner: A Memory-augmented LLM Architecture for Multi-hop Reasoning},
  author={Ko, Ching-Yun and Dai, Sihui and Das, Payel and Kollias, Georgios and Chaudhury, Subhajit and Lozano, Aurelie},
  booktitle={The First Workshop on System-2 Reasoning at Scale, NeurIPS'24},
  year={2024}
}

@misc{kuratov2024babilong,
      title={BABILong: Testing the Limits of LLMs with Long Context Reasoning-in-a-Haystack}, 
      author={Yuri Kuratov and Aydar Bulatov and Petr Anokhin and Ivan Rodkin and Dmitry Sorokin and Artyom Sorokin and Mikhail Burtsev},
      year={2024},
      eprint={2406.10149},
      archivePrefix={arXiv},
      primaryClass={id='cs.CL' full_name='Computation and Language' is_active=True alt_name='cmp-lg' in_archive='cs' is_general=False description='Covers natural language processing. Roughly includes material in ACM Subject Class I.2.7. Note that work on artificial languages (programming languages, logics, formal systems) that does not explicitly address natural-language issues broadly construed (natural-language processing, computational linguistics, speech, text retrieval, etc.) is not appropriate for this area.'}
}

@misc{mavi2024multihopquestionanswering,
      title={Multi-hop Question Answering}, 
      author={Vaibhav Mavi and Anubhav Jangra and Adam Jatowt},
      year={2024},
      eprint={2204.09140},
      archivePrefix={arXiv},
      primaryClass={cs.CL},
      url={https://arxiv.org/abs/2204.09140}, 
}

@misc{rodkin2024associativerecurrentmemorytransformer,
      title={Associative Recurrent Memory Transformer}, 
      author={Ivan Rodkin and Yuri Kuratov and Aydar Bulatov and Mikhail Burtsev},
      year={2024},
      eprint={2407.04841},
      archivePrefix={arXiv},
      primaryClass={cs.CL},
      url={https://arxiv.org/abs/2407.04841}, 
}

