@inproceedings{hottung2021learning,
  title={Learning a latent search space for routing problems using variational autoencoders},
  author={Hottung, Andr{\'e} and Bhandari, Bhanu and Tierney, Kevin},
  booktitle={International Conference on Learning Representations},
  year={2021}
}

@article{kool2018attention,
  title={Attention, learn to solve routing problems!},
  author={Kool, Wouter and Van Hoof, Herke and Welling, Max},
  journal={arXiv preprint arXiv:1803.08475},
  year={2018}
}

@article{joshi2019efficient,
  title={An efficient graph convolutional network technique for the travelling salesman problem},
  author={Joshi, Chaitanya K and Laurent, Thomas and Bresson, Xavier},
  journal={arXiv preprint arXiv:1906.01227},
  year={2019}
}

article{medress1977speech,
  title={Speech understanding systems: Report of a steering committee},
  author={Medress, Mark F. and Cooper, Franklin S and Forgie, Jim W. and Green, CC and Klatt, Dennis H. and O'Malley, Michael H. and Neuburg, Edward P and Newell, Allen and Reddy, DR and Ritea, B and others},
  journal={Artificial Intelligence},
  volume={9},
  number={3},
  pages={307--316},
  year={1977},
  
}

@inproceedings{gao2019graph,
  title={Graph u-nets},
  author={Gao, Hongyang and Ji, Shuiwang},
  booktitle={International Conference on Machine Learning},
  pages={2083--2092},
  year={2019},
}


@inproceedings{goyal2018continuous,
  title={A continuous relaxation of beam search for end-to-end training of neural sequence models},
  author={Goyal, Kartik and Neubig, Graham and Dyer, Chris and Berg-Kirkpatrick, Taylor},
  booktitle={Proceedings of the AAAI Conference on Artificial Intelligence},
  volume={32},
  number={1},
  year={2018}
}

@article{medress1977speech,
  title={Speech understanding systems: Report of a steering committee},
  author={Medress, Mark F. and Cooper, Franklin S and Forgie, Jim W. and Green, CC and Klatt, Dennis H. and O'Malley, Michael H. and Neuburg, Edward P and Newell, Allen and Reddy, DR and Ritea, B and others},
  journal={Artificial Intelligence},
  volume={9},
  number={3},
  pages={307--316},
  year={1977},
  
}

@article{wu2016google,
  title={Google's neural machine translation system: Bridging the gap between human and machine translation},
  author={Wu, Yonghui and Schuster, Mike and Chen, Zhifeng and Le, Quoc V and Norouzi, Mohammad and Macherey, Wolfgang and Krikun, Maxim and Cao, Yuan and Gao, Qin and Macherey, Klaus and others},
  journal={arXiv preprint arXiv:1609.08144},
  year={2016}
}

@article{vinyals2015pointer,
  title={Pointer networks},
  author={Vinyals, Oriol and Fortunato, Meire and Jaitly, Navdeep},
  journal={Advances in neural information processing systems},
  volume={28},
  year={2015}
}

@article{helsgaun2000effective,
  title={An effective implementation of the Lin--Kernighan traveling salesman heuristic},
  author={Helsgaun, Keld},
  journal={European journal of operational research},
  volume={126},
  number={1},
  pages={106--130},
  year={2000},
  
}

@article{nazari2018reinforcement,
  title={Reinforcement learning for solving the vehicle routing problem},
  author={Nazari, Mohammadreza and Oroojlooy, Afshin and Snyder, Lawrence and Tak{\'a}c, Martin},
  journal={Advances in neural information processing systems},
  volume={31},
  year={2018}
}

@inproceedings{deudon2018learning,
  title={Learning heuristics for the tsp by policy gradient},
  author={Deudon, Michel and Cournut, Pierre and Lacoste, Alexandre and Adulyasak, Yossiri and Rousseau, Louis-Martin},
  booktitle={International conference on the integration of constraint programming, artificial intelligence, and operations research},
  pages={170--181},
  year={2018},
  organization={Springer}
}

@article{ma2019combinatorial,
  title={Combinatorial optimization by graph pointer networks and hierarchical reinforcement learning},
  author={Ma, Qiang and Ge, Suwen and He, Danyang and Thaker, Darshan and Drori, Iddo},
  journal={arXiv preprint arXiv:1911.04936},
  year={2019}
}

@article{li2020deep,
  title={Deep reinforcement learning for multiobjective optimization},
  author={Li, Kaiwen and Zhang, Tao and Wang, Rui},
  journal={IEEE transactions on cybernetics},
  volume={51},
  number={6},
  pages={3103--3114},
  year={2020},
  publisher={IEEE}
}

@article{scarselli2008graph,
  title={The graph neural network model},
  author={Scarselli, Franco and Gori, Marco and Tsoi, Ah Chung and Hagenbuchner, Markus and Monfardini, Gabriele},
  journal={IEEE transactions on neural networks},
  volume={20},
  number={1},
  pages={61--80},
  year={2008},
  publisher={IEEE}
}

@inproceedings{nowak2017note,
  title={A note on learning algorithms for quadratic assignment with graph neural networks},
  author={Nowak, Alex and Villar, Soledad and Bandeira, Afonso S and Bruna, Joan},
  booktitle={Proceeding of the 34th International Conference on Machine Learning (ICML)},
  volume={1050},
  pages={22},
  year={2017}
}

@inproceedings{prates2019learning,
  title={Learning to solve np-complete problems: A graph neural network for decision tsp},
  author={Prates, Marcelo and Avelar, Pedro HC and Lemos, Henrique and Lamb, Luis C and Vardi, Moshe Y},
  booktitle={Proceedings of the AAAI Conference on Artificial Intelligence},
  volume={33},
  number={01},
  pages={4731--4738},
  year={2019}
}

@inproceedings{lu2019learning,
  title={A learning-based iterative method for solving vehicle routing problems},
  author={Lu, Hao and Zhang, Xingwen and Yang, Shuang},
  booktitle={International conference on learning representations},
  year={2019}
}

@article{hudson2021graph,
  title={Graph Neural Network Guided Local Search for the Traveling Salesperson Problem},
  author={Hudson, Benjamin and Li, Qingbiao and Malencia, Matthew and Prorok, Amanda},
  journal={arXiv preprint arXiv:2110.05291},
  year={2021}
}

@article{kingma2013auto,
  title={Auto-encoding variational bayes},
  author={Kingma, Diederik P and Welling, Max},
  journal={arXiv preprint arXiv:1312.6114},
  year={2013}
}

@article{mitton2021graph,
  title={A graph vae and graph transformer approach to generating molecular graphs},
  author={Mitton, Joshua and Senn, Hans M and Wynne, Klaas and Murray-Smith, Roderick},
  journal={arXiv preprint arXiv:2104.04345},
  year={2021}
}

@article{gomez2018automatic,
  title={Automatic chemical design using a data-driven continuous representation of molecules},
  author={G{\'o}mez-Bombarelli, Rafael and Wei, Jennifer N and Duvenaud, David and Hern{\'a}ndez-Lobato, Jos{\'e} Miguel and S{\'a}nchez-Lengeling, Benjam{\'\i}n and Sheberla, Dennis and Aguilera-Iparraguirre, Jorge and Hirzel, Timothy D and Adams, Ryan P and Aspuru-Guzik, Al{\'a}n},
  journal={ACS central science},
  volume={4},
  number={2},
  pages={268--276},
  year={2018},
  publisher={ACS Publications}
}

@inproceedings{mueller2017sequence,
  title={Sequence to better sequence: continuous revision of combinatorial structures},
  author={Mueller, Jonas and Gifford, David and Jaakkola, Tommi},
  booktitle={International Conference on Machine Learning},
  pages={2536--2544},
  year={2017},
}
Generalize a small pre-trained model to arbitrarily large TSP instances
@inproceedings{FuAAAI21,
  title={Continuous latent search for combinatorial optimization},
  author={Zhang-Hua Fu and Kai-Bin Qiu and Hongyuan Zha},
  booktitle={AAAI},
  year={2021}
}

@inproceedings{bartunov2020continuous,
  title={Continuous latent search for combinatorial optimization},
  author={Bartunov, Sergey and Nair, Vinod and Battaglia, Peter and Lillicrap, Tim},
  booktitle={Learning Meets Combinatorial Algorithms at NeurIPS2020},
  year={2020}
}

@article{kipf2016semi,
  title={Semi-supervised classification with graph convolutional networks},
  author={Kipf, Thomas N and Welling, Max},
  journal={arXiv preprint arXiv:1609.02907},
  year={2016}
}

@article{storn1997differential,
  title={Differential evolution--a simple and efficient heuristic for global optimization over continuous spaces},
  author={Storn, Rainer and Price, Kenneth},
  journal={Journal of global optimization},
  volume={11},
  number={4},
  pages={341--359},
  year={1997},
  
}

@article{BengioEJOR20,
  title={Machine learning for combinatorial optimization: a methodological tour dâ€™horizon},
  author={Bengio, Yoshua and Lodi, Andrea and Prouvost, Antoine},
  journal={European Journal of Operational Research},
  year={2021},
  
}

@article{peng2021graph,
  title={Graph Learning for Combinatorial Optimization: A Survey of State-of-the-Art},
  author={Peng, Yun and Choi, Byron and Xu, Jianliang},
  journal={Data Science and Engineering},
  volume={6},
  number={2},
  pages={119--141},
  year={2021},
  
}

@article{flood1956traveling,
  title={The traveling-salesman problem},
  author={Flood, Merrill M},
  journal={Operations research},
  volume={4},
  number={1},
  pages={61--75},
  year={1956},
  publisher={INFORMS}
}

@book{vazirani2001approximation,
  title={Approximation algorithms},
  author={Vazirani, Vijay V},
  volume={1},
  year={2001},
  
}

@article{LoiolaEJOR07,
author = {Loiola, Eliane Maria and de Abreu, Nair Maria Maia and Boaventura-Netto, Paulo Oswaldo and Hahn, Peter and Querido, Tania},
title = {A survey for the quadratic assignment problem},
journal = {European Journal of Operational Research},
volumn = 176,
no = 2,
year = 2007,
pages = "657--90"
}

@article{dantzig1959truck,
  title={The truck dispatching problem},
  author={Dantzig, George B and Ramser, John H},
  journal={Management science},
  volume={6},
  number={1},
  pages={80--91},
  year={1959},
  publisher={Informs}
}

@article{kingma2014adam,
  title={Adam: A method for stochastic optimization},
  author={Kingma, Diederik P and Ba, Jimmy},
  journal={arXiv preprint arXiv:1412.6980},
  year={2014}
}

@inproceedings{hudson2022graph,
    title={Graph Neural Network Guided Local Search for the Traveling Salesperson Problem},
    author={Benjamin Hudson and Qingbiao Li and Matthew Malencia and Amanda Prorok},
    booktitle={International Conference on Learning Representations},
    year={2022},
    url={https://openreview.net/forum?id=ar92oEosBIg}
}

@article{da2020learning,
  title={Learning 2-opt heuristics for the traveling salesman problem via deep reinforcement learning},
  author={da Costa, Paulo R de O and Rhuggenaath, Jason and Zhang, Yingqian and Akcay, Alp},
  journal={arXiv preprint arXiv:2004.01608},
  year={2020}
}

@misc{applegate2006concorde,
  title={Concorde TSP solver},
  author={Applegate, David and Bixby, Ribert and Chvatal, Vasek and Cook, William},
  year={2006}
}

@article{helsgaun2017extension,
  title={An extension of the Lin-Kernighan-Helsgaun TSP solver for constrained traveling salesman and vehicle routing problems},
  author={Helsgaun, Keld},
  journal={Roskilde: Roskilde University},
  pages={24--50},
  year={2017}
}

@inproceedings{geisler2022generalization,
  title={Generalization of Neural Combinatorial Solvers Through the Lens of Adversarial Robustness},
  author={Geisler, Simon and Sommer, Johanna and Schuchardt, Jan and Bojchevski, Aleksandar and G{\"u}nnemann, Stephan},
  booktitle={International Conference on Learning Representations},
  year={2022}
}

@article{kwon2020pomo,
  title={Pomo: Policy optimization with multiple optima for reinforcement learning},
  author={Kwon, Yeong-Dae and Choo, Jinho and Kim, Byoungjip and Yoon, Iljoo and Gwon, Youngjune and Min, Seungjai},
  journal={Advances in Neural Information Processing Systems},
  volume={33},
  pages={21188--21198},
  year={2020}
}

@article{sohn2015learning,
  title={Learning structured output representation using deep conditional generative models},
  author={Sohn, Kihyuk and Lee, Honglak and Yan, Xinchen},
  journal={Advances in neural information processing systems},
  volume={28},
  year={2015}
}

@article{kipf2016variational,
  title={Variational graph auto-encoders},
  author={Kipf, Thomas N and Welling, Max},
  journal={arXiv preprint arXiv:1611.07308},
  year={2016}
}

@article{cappart2021combinatorial,
  title={Combinatorial optimization and reasoning with graph neural networks},
  author={Cappart, Quentin and Ch{\'e}telat, Didier and Khalil, Elias and Lodi, Andrea and Morris, Christopher and Veli{\v{c}}kovi{\'c}, Petar},
  journal={arXiv preprint arXiv:2102.09544},
  year={2021}
}

@article{mazyavkina2021reinforcement,
  title={Reinforcement learning for combinatorial optimization: A survey},
  author={Mazyavkina, Nina and Sviridov, Sergey and Ivanov, Sergei and Burnaev, Evgeny},
  journal={Computers \& Operations Research},
  volume={134},
  pages={105400},
  year={2021},
  publisher={Elsevier}
}

@article{karalias2020erdos,
  title={Erdos goes neural: an unsupervised learning framework for combinatorial optimization on graphs},
  author={Karalias, Nikolaos and Loukas, Andreas},
  journal={Advances in Neural Information Processing Systems},
  volume={33},
  pages={6659--6672},
  year={2020}
}

@inproceedings{wang2022unsupervised,
  title={Unsupervised Learning for Combinatorial Optimization with Principled Objective Relaxation},
  author={Wang, Haoyu Peter and Wu, Nan and Yang, Hang and Hao, Cong and Li, Pan},
  booktitle={Advances in Neural Information Processing Systems},
  year={2022}
}

@article{schuetz2022combinatorial,
  title={Combinatorial optimization with physics-inspired graph neural networks},
  author={Schuetz, Martin JA and Brubaker, J Kyle and Katzgraber, Helmut G},
  journal={Nature Machine Intelligence},
  volume={4},
  number={4},
  pages={367--377},
  year={2022},
  publisher={Nature Publishing Group UK London}
}

@inproceedings{d2020learning,
  title={Learning 2-opt heuristics for the traveling salesman problem via deep reinforcement learning},
  author={d O Costa, Paulo R and Rhuggenaath, Jason and Zhang, Yingqian and Akcay, Alp},
  booktitle={Asian Conference on Machine Learning},
  pages={465--480},
  year={2020},
}

@article{chen2019learning,
  title={Learning to perform local rewriting for combinatorial optimization},
  author={Chen, Xinyun and Tian, Yuandong},
  journal={Advances in Neural Information Processing Systems},
  volume={32},
  year={2019}
}

@article{wu2021learning,
  title={Learning improvement heuristics for solving routing problems},
  author={Wu, Yaoxin and Song, Wen and Cao, Zhiguang and Zhang, Jie and Lim, Andrew},
  journal={IEEE transactions on neural networks and learning systems},
  volume={33},
  number={9},
  pages={5057--5069},
  year={2021},
  publisher={IEEE}
}

@inproceedings{hudsongraph,
  title={Graph Neural Network Guided Local Search for the Traveling Salesperson Problem},
  author={Hudson, Benjamin and Li, Qingbiao and Malencia, Matthew and Prorok, Amanda},
  booktitle={International Conference on Learning Representations}
}

@article{li2021learning,
  title={Learning to delegate for large-scale vehicle routing},
  author={Li, Sirui and Yan, Zhongxia and Wu, Cathy},
  journal={Advances in Neural Information Processing Systems},
  volume={34},
  pages={26198--26211},
  year={2021}
}

@inproceedings{hougeneralize,
  title={Generalize Learned Heuristics to Solve Large-scale Vehicle Routing Problems in Real-time},
  author={Hou, Qingchun and Yang, Jingwei and Su, Yiqiang and Wang, Xiaoqing and Deng, Yuming},
  booktitle={The Eleventh International Conference on Learning Representations},
  year={2023}
}

@article{khalil2017learning,
  title={Learning combinatorial optimization algorithms over graphs},
  author={Khalil, Elias and Dai, Hanjun and Zhang, Yuyu and Dilkina, Bistra and Song, Le},
  journal={Advances in neural information processing systems},
  volume={30},
  year={2017}
}

@article{bello2016neural,
  title={Neural combinatorial optimization with reinforcement learning},
  author={Bello, Irwan and Pham, Hieu and Le, Quoc V and Norouzi, Mohammad and Bengio, Samy},
  journal={arXiv preprint arXiv:1611.09940},
  year={2016}
}

@inproceedings{fu2021generalize,
  title={Generalize a small pre-trained model to arbitrarily large tsp instances},
  author={Fu, Zhang-Hua and Qiu, Kai-Bin and Zha, Hongyuan},
  booktitle={Proceedings of the AAAI Conference on Artificial Intelligence},
  volume={35},
  number={8},
  pages={7474--7482},
  year={2021}
}

@article{qiu2022dimes,
  title={DIMES: A Differentiable Meta Solver for Combinatorial Optimization Problems},
  author={Qiu, Ruizhong and Sun, Zhiqing and Yang, Yiming},
  journal={arXiv preprint arXiv:2210.04123},
  year={2022}
}


@article{kim2022sym,
  title={Sym-nco: Leveraging symmetricity for neural combinatorial optimization},
  author={Kim, Minsu and Park, Junyoung and Park, Jinkyoo},
  journal={arXiv preprint arXiv:2205.13209},
  year={2022}
}

@article{ho2020denoising,
  title={Denoising diffusion probabilistic models},
  author={Ho, Jonathan and Jain, Ajay and Abbeel, Pieter},
  journal={Advances in Neural Information Processing Systems},
  volume={33},
  pages={6840--6851},
  year={2020}
}

@article{song2020denoising,
  title={Denoising diffusion implicit models},
  author={Song, Jiaming and Meng, Chenlin and Ermon, Stefano},
  journal={arXiv preprint arXiv:2010.02502},
  year={2020}
}

@inproceedings{sohl2015deep,
  title={Deep unsupervised learning using nonequilibrium thermodynamics},
  author={Sohl-Dickstein, Jascha and Weiss, Eric and Maheswaranathan, Niru and Ganguli, Surya},
  booktitle={International Conference on Machine Learning},
  pages={2256--2265},
  year={2015},
}

@article{cheng2022policy,
  title={The Policy-gradient Placement and Generative Routing Neural Networks for Chip Design},
  author={Cheng, Ruoyu and Lyu, Xianglong and Li, Yang and Ye, Junjie and Hao, Jianye and Yan, Junchi},
  journal={Advances in Neural Information Processing Systems},
  volume={35},
  pages={26350--26362},
  year={2022}
}

@article{song2019generative,
  title={Generative modeling by estimating gradients of the data distribution},
  author={Song, Yang and Ermon, Stefano},
  journal={Advances in neural information processing systems},
  volume={32},
  year={2019}
}

@article{song2020improved,
  title={Improved techniques for training score-based generative models},
  author={Song, Yang and Ermon, Stefano},
  journal={Advances in neural information processing systems},
  volume={33},
  pages={12438--12448},
  year={2020}
}

@inproceedings{nichol2021improved,
  title={Improved denoising diffusion probabilistic models},
  author={Nichol, Alexander Quinn and Dhariwal, Prafulla},
  booktitle={International Conference on Machine Learning},
  pages={8162--8171},
  year={2021},
}

@article{dhariwal2021diffusion,
  title={Diffusion models beat gans on image synthesis},
  author={Dhariwal, Prafulla and Nichol, Alexander},
  journal={Advances in Neural Information Processing Systems},
  volume={34},
  pages={8780--8794},
  year={2021}
}

@article{ho2022classifier,
  title={Classifier-free diffusion guidance},
  author={Ho, Jonathan and Salimans, Tim},
  journal={arXiv preprint arXiv:2207.12598},
  year={2022}
}

@article{austin2021structured,
  title={Structured denoising diffusion models in discrete state-spaces},
  author={Austin, Jacob and Johnson, Daniel D and Ho, Jonathan and Tarlow, Daniel and van den Berg, Rianne},
  journal={Advances in Neural Information Processing Systems},
  volume={34},
  pages={17981--17993},
  year={2021}
}

@article{hoogeboom2021argmax,
  title={Argmax flows and multinomial diffusion: Learning categorical distributions},
  author={Hoogeboom, Emiel and Nielsen, Didrik and Jaini, Priyank and Forr{\'e}, Patrick and Welling, Max},
  journal={Advances in Neural Information Processing Systems},
  volume={34},
  pages={12454--12465},
  year={2021}
}

@article{lecun2006tutorial,
  title={A tutorial on energy-based learning},
  author={LeCun, Yann and Chopra, Sumit and Hadsell, Raia and Ranzato, M and Huang, Fujie},
  journal={Predicting structured data},
  volume={1},
  number={0},
  year={2006}
}

@article{graikos2022diffusion,
  title={Diffusion models as plug-and-play priors},
  author={Graikos, Alexandros and Malkin, Nikolay and Jojic, Nebojsa and Samaras, Dimitris},
  journal={arXiv preprint arXiv:2206.09012},
  year={2022}
}

@article{lin1973effective,
  title={An effective heuristic algorithm for the traveling-salesman problem},
  author={Lin, Shen and Kernighan, Brian W},
  journal={Operations research},
  volume={21},
  number={2},
  pages={498--516},
  year={1973},
  publisher={Informs}
}

@article{hottung2021efficient,
  title={Efficient active search for combinatorial optimization problems},
  author={Hottung, Andr{\'e} and Kwon, Yeong-Dae and Tierney, Kevin},
  journal={arXiv preprint arXiv:2106.05126},
  year={2021}
}


@inproceedings{kool2022deep,
  title={Deep policy dynamic programming for vehicle routing problems},
  author={Kool, Wouter and van Hoof, Herke and Gromicho, Joaquim and Welling, Max},
  booktitle={Integration of Constraint Programming, Artificial Intelligence, and Operations Research: 19th International Conference, CPAIOR 2022, Los Angeles, CA, USA, June 20-23, 2022, Proceedings},
  pages={190--213},
  year={2022},
  organization={Springer}
}

@article{li2018combinatorial,
  title={Combinatorial optimization with graph convolutional networks and guided tree search},
  author={Li, Zhuwen and Chen, Qifeng and Koltun, Vladlen},
  journal={Advances in neural information processing systems},
  volume={31},
  year={2018}
}

@inproceedings{ahn2020learning,
  title={Learning what to defer for maximum independent sets},
  author={Ahn, Sungsoo and Seo, Younggyo and Shin, Jinwoo},
  booktitle={International Conference on Machine Learning},
  pages={134--144},
  year={2020},
}

@article{bother2022s,
  title={What's Wrong with Deep Learning in Tree Search for Combinatorial Optimization},
  author={B{\"o}ther, Maximilian and Ki{\ss}ig, Otto and Taraz, Martin and Cohen, Sarel and Seidel, Karen and Friedrich, Tobias},
  journal={arXiv preprint arXiv:2201.10494},
  year={2022}
}

@article{bresson2021transformer,
  title={The transformer network for the traveling salesman problem},
  author={Bresson, Xavier and Laurent, Thomas},
  journal={arXiv preprint arXiv:2103.03012},
  year={2021}
}

@article{croes1958method,
  title={A method for solving traveling-salesman problems},
  author={Croes, Georges A},
  journal={Operations research},
  volume={6},
  number={6},
  pages={791--812},
  year={1958},
  publisher={INFORMS}
}

@inproceedings{lamm2016finding,
  title={Finding near-optimal independent sets at scale},
  author={Lamm, Sebastian and Sanders, Peter and Schulz, Christian and Strash, Darren and Werneck, Renato F},
  booktitle={2016 Proceedings of the Eighteenth Workshop on Algorithm Engineering and Experiments (ALENEX)},
  pages={138--150},
  year={2016},
  organization={SIAM}
}

@misc{llc2020gurobi,
  title={Gurobi optimizer reference manual},
  author={{Gurobi Optimization}},
  year={2020},
  howpublished = {\url{http://www.gurobi.com}},
}

@article{erdHos1960evolution,
  title={On the evolution of random graphs},
  author={Erd{\H{o}}s, Paul and R{\'e}nyi, Alfr{\'e}d and others},
  journal={Publ. Math. Inst. Hung. Acad. Sci},
  volume={5},
  number={1},
  pages={17--60},
  year={1960}
}

@article{hoos2000satlib,
  title={SATLIB: An online resource for research on SAT},
  author={Hoos, Holger H and St{\"u}tzle, Thomas},
  journal={Sat},
  volume={2000},
  pages={283--292},
  year={2000}
}

@article{wang2023unsupervised,
  title={Unsupervised Learning for Combinatorial Optimization Needs Meta-Learning},
  author={Wang, Haoyu and Li, Pan},
  journal={arXiv preprint arXiv:2301.03116},
  year={2023}
}

@article{WangPAMI21,
  title={Neural Graph Matching Network: Learning Lawler's Quadratic Assignment Problem with Extension to Hypergraph and Multiple-graph Matching},
  author={Wang, Runzhong and Yan, Junchi and Yang, Xiaokang},
  journal={IEEE Transactions on Pattern Analysis and Machine Intelligence},
  year={2022}
}

@inproceedings{LuICLR23,
  title={ROCO: A General Framework for Evaluating Robustness of Combinatorial Optimization Solvers on Graphs},
  author={Lu, Han and Li, Zenan and Wang, Runzhong and Ren, Qibing and Li, Xijun and Yuan, Mingxuan and Zeng, Jia and Yang, Xiaokang and Yan, Junchi},
  booktitle={The Eleventh International Conference on Learning Representations},
  year={2023}
}


@inproceedings{NIPS2014_5ca3e9b1,
 author = {Goodfellow, Ian and Pouget-Abadie, Jean and Mirza, Mehdi and Xu, Bing and Warde-Farley, David and Ozair, Sherjil and Courville, Aaron and Bengio, Yoshua},
 booktitle = {Advances in Neural Information Processing Systems},
 editor = {Z. Ghahramani and M. Welling and C. Cortes and N. Lawrence and K.Q. Weinberger},
 pages = {},
 publisher = {Curran Associates, Inc.},
 title = {Generative Adversarial Nets},
 url = {https://proceedings.neurips.cc/paper_files/paper/2014/file/5ca3e9b122f61f8f06494c97b1afccf3-Paper.pdf},
 volume = {27},
 year = {2014}
}

@article{iqbal2022survey,
  title={The survey: Text generation models in deep learning},
  author={Iqbal, Touseef and Qureshi, Shaima},
  journal={Journal of King Saud University-Computer and Information Sciences},
  volume={34},
  number={6},
  pages={2515--2528},
  year={2022},
  publisher={Elsevier}
}

@article{harshvardhan2020comprehensive,
  title={A comprehensive survey and analysis of generative models in machine learning},
  author={Harshvardhan, GM and Gourisaria, Mahendra Kumar and Pandey, Manjusha and Rautaray, Siddharth Swarup},
  journal={Computer Science Review},
  volume={38},
  pages={100285},
  year={2020},
  publisher={Elsevier}
}

@article{guo2022systematic,
  title={A systematic survey on deep generative models for graph generation},
  author={Guo, Xiaojie and Zhao, Liang},
  journal={IEEE Transactions on Pattern Analysis and Machine Intelligence},
  year={2022},
  publisher={IEEE}
}

@article{zhou2023towards,
  title={Towards Omni-generalizable Neural Methods for Vehicle Routing Problems},
  author={Zhou, Jianan and Wu, Yaoxin and Song, Wen and Cao, Zhiguang and Zhang, Jie},
  journal={arXiv preprint arXiv:2305.19587},
  year={2023}
}

@inproceedings{du2023hubrouter,
  title = {HubRouter: Learning Global Routing via Hub Generation and Pin-hub Connection},
  author = {Du, Xingbo and Wang, Chonghua and Zhong, Ruizhe and Yan, Junchi},
  booktitle = {Advances in Neural Information Processing Systems},
  year = {2023}
}

@article{zhang2023let,
  title={Let the Flows Tell: Solving Graph Combinatorial Optimization Problems with GFlowNets},
  author={Zhang, Dinghuai and Dai, Hanjun and Malkin, Nikolay and Courville, Aaron and Bengio, Yoshua and Pan, Ling},
  journal={arXiv preprint arXiv:2305.17010},
  year={2023}
}

@article{GuoMIR23,
  title = {Machine Learning Methods in Solving the Boolean Satisfiability Problem},
  author = {Guo, Wenxuan and Zhen, Hui-Ling and Li, Xijun and Luo, Wanqian and Yuan, Mingxuan and Jin, Yaohui and Yan, Junchi},
  year = {2023},
  journal = {Machine Intelligence Research},
  issn = {2731-5398},
  doi = {10.1007/s11633-022-1396-2}
}

@article{zhang2023survey,
  title={A survey for solving mixed integer programming via machine learning},
  author={Zhang, Jiayi and Liu, Chang and Li, Xijun and Zhen, Hui-Ling and Yuan, Mingxuan and Li, Yawen and Yan, Junchi},
  journal={Neurocomputing},
  volume={519},
  pages={205--217},
  year={2023},
  publisher={Elsevier}
}

@inproceedings{he2023mtdiff,
  title={Diffusion Model is an Effective Planner and Data Synthesizer for Multi-Task Reinforcement Learning},
  author={Haoran He and Chenjia Bai and Kang Xu and Zhuoran Yang and Weinan Zhang and Dong Wang and Bin Zhao and Xuelong Li},
booktitle = {Advances in Neural Information Processing Systems},
  year = {2023}
}

@inproceedings{wang2022diffusion,
  title={Diffusion Policies as an Expressive Policy Class for Offline Reinforcement Learning},
  author={Wang, Zhendong and Hunt, Jonathan J and Zhou, Mingyuan},
  booktitle={The Eleventh International Conference on Learning Representations},
  year={2022}
}

@inproceedings{li2023hardsatgen,
  title={HardSATGEN: Understanding the Difficulty of Hard SAT Formula Generation and A Strong Structure-Hardness-Aware Baseline},
  author={Li, Yang and Chen, Xinyan and Guo, Wenxuan and Li, Xijun and Luo, Wanqian and Huang, Junhua and Zhen, Hui-Ling and Yuan, Mingxuan and Yan, Junchi},
  booktitle={Proceedings of the ACM SIGKDD International Conference on Knowledge Discovery and Data Mining (KDD)},
  year={2023}
}

@inproceedings{you2019g2sat,
  title={G2SAT: Learning to generate sat formulas},
  author={You, Jiaxuan and Wu, Haoze and Barrett, Clark and Ramanujan, Raghuram and Leskovec, Jure},
  booktitle={Advances in neural information processing systems},
  volume={32},
  year={2019}
}


@inproceedings{VAEICLR14,
  title={Auto-encoding Variational Bayes},
  author={Kingma, Diederik P and Welling, Max},
  booktitle={ICLR},
  year={2014}
}

@inproceedings{li2022improving,
  author = {Li, Yang and Mo, Yichuan and Shi, Liangliang and Yan, Junchi},
  booktitle = {Advances in Neural Information Processing Systems},
  title = {Improving Generative Adversarial Networks via Adversarial Learning in Latent Space},
  year = {2022}
}

@inproceedings{iid2023li,
  author = {Li, Yang and Shi, Liangliang and Yan, Junchi},
  booktitle = {International Joint Conference on Artificial Intelligence},
  title = {IID-GAN: an IID Sampling Perspective for Regularizing Mode Collapse},
  year = {2023}
}

@article{bengio2021gflownet,
  title={Gflownet foundations},
  author={Bengio, Yoshua and Lahlou, Salem and Deleu, Tristan and Hu, Edward J and Tiwari, Mo and Bengio, Emmanuel},
  journal={arXiv preprint arXiv:2111.09266},
  year={2021}
}

@article{li2022kissat,
  title = {Kissat Adaptive Restart, Kissat Cfexp: Adaptive Restart Policy and Variable Scoring Improvement},
  author = {Li, Yang and Jia, Yuqi and Luo, Wanqian and Zhen, Hui-Ling and Li, Xijun and Yuan, Mingxuan and Yan, Junchi},
  journal = {Proceedings of SAT Competition},
  year = {2022}
}

@article{geng2023deep,
  title={A Deep Instance Generative Framework for MILP Solvers Under Limited Data Availability},
  author={Geng, Zijie and Li, Xijun and Wang, Jie and Li, Xiao and Zhang, Yongdong and Wu, Feng},
  journal={arXiv preprint arXiv:2310.02807},
  year={2023}
}

@inproceedings{belanger2017end,
  title={End-to-end learning for structured prediction energy networks},
  author={Belanger, David and Yang, Bishan and McCallum, Andrew},
  booktitle={International Conference on Machine Learning},
  pages={429--439},
  year={2017},
  organization={PMLR}
}

@article{chen2018optimal,
  title={Optimal control via neural networks: A convex approach},
  author={Chen, Yize and Shi, Yuanyuan and Zhang, Baosen},
  journal={arXiv preprint arXiv:1805.11835},
  year={2018}
}

@inproceedings{amos2017input,
  title={Input convex neural networks},
  author={Amos, Brandon and Xu, Lei and Kolter, J Zico},
  booktitle={International Conference on Machine Learning},
  pages={146--155},
  year={2017},
  organization={PMLR}
}

@inproceedings{wu2022nodeformer,
  title={NodeFormer: A Scalable Graph Structure Learning Transformer for Node Classification},
  author={Wu, Qitian and Zhao, Wentao and Li, Zenan and Wipf, David and Yan, Junchi},
  booktitle={Advances in Neural Information Processing Systems},
  year={2022}
}

@inproceedings{wu2023difformer,
title={{DIFF}ormer: Scalable (Graph) Transformers Induced by Energy Constrained Diffusion},
author={Qitian Wu and Chenxiao Yang and Wentao Zhao and Yixuan He and David Wipf and Junchi Yan},
booktitle={International Conference on Learning Representations},
year={2023}
}

@inproceedings{wu2023sgformer,
title={Simplifying and Empowering Transformers for Large-Graph Representations},
author={Qitian Wu and Wentao Zhao and Chenxiao Yang and Hengrui Zhang and Fan Nie and Haitian Jiang and Yatao Bian and Junchi Yan},
booktitle={Advances in Neural Information Processing Systems (NeurIPS)},
year={2023}
}

@inproceedings{li2023t2t,
  title = {T2T: From Distribution Learning in Training to Gradient Search in Testing for Combinatorial Optimization},
  author = {Li, Yang and Guo, Jinpei and Wang, Runzhong and Yan, Junchi},
  booktitle = {Advances in Neural Information Processing Systems},
  year = {2023}
}

@inproceedings{
    sun2023difusco,
    title={{DIFUSCO}: Graph-based Diffusion Solvers for Combinatorial Optimization},
    author={Zhiqing Sun and Yiming Yang},
    booktitle={Thirty-seventh Conference on Neural Information Processing Systems},
    year={2023},
    url={https://openreview.net/forum?id=JV8Ff0lgVV}
}

@article{min2024unsupervised,
  title={Unsupervised learning for solving the travelling salesman problem},
  author={Min, Yimeng and Bai, Yiwei and Gomes, Carla P},
  journal={Advances in Neural Information Processing Systems},
  volume={36},
  year={2024}
}

@article{luo2024neural,
  title={Neural combinatorial optimization with heavy decoder: Toward large scale generalization},
  author={Luo, Fu and Lin, Xi and Liu, Fei and Zhang, Qingfu and Wang, Zhenkun},
  journal={Advances in Neural Information Processing Systems},
  volume={36},
  year={2024}
}

@article{song2023consistency,
  title={Consistency models},
  author={Song, Yang and Dhariwal, Prafulla and Chen, Mark and Sutskever, Ilya},
  journal={arXiv preprint arXiv:2303.01469},
  year={2023}
}

@inproceedings{wang2019learning,
  title={Learning combinatorial embedding networks for deep graph matching},
  author={Wang, Runzhong and Yan, Junchi and Yang, Xiaokang},
  booktitle={Proceedings of the IEEE/CVF international conference on computer vision},
  pages={3056--3065},
  year={2019}
}

@inproceedings{wang2023linsatnet,
  title={LinSATNet: the positive linear satisfiability neural networks},
  author={Wang, Runzhong and Zhang, Yunhao and Guo, Ziao and Chen, Tianyi and Yang, Xiaokang and Yan, Junchi},
  booktitle={International Conference on Machine Learning},
  pages={36605--36625},
  year={2023},
  organization={PMLR}
}

@inproceedings{boether_dltreesearch_2022,
  author = {BÃ¶ther, Maximilian and KiÃŸig, Otto and Taraz, Martin and Cohen, Sarel and Seidel, Karen and Friedrich, Tobias},
  title = {What{\textquoteright}s Wrong with Deep Learning in Tree Search for Combinatorial Optimization},
  booktitle = {Proceedings of the International Conference on Learning Representations ({ICLR})},
  year = {2022}
}

@article{selsam2018learning,
  title={Learning a SAT solver from single-bit supervision},
  author={Selsam, Daniel and Lamm, Matthew and B{\"u}nz, Benedikt and Liang, Percy and de Moura, Leonardo and Dill, David L},
  journal={arXiv preprint arXiv:1802.03685},
  year={2018}
}

@article{li2022nsnet,
  title={NSNet: A general neural probabilistic framework for satisfiability problems},
  author={Li, Zhaoyu and Si, Xujie},
  journal={Advances in Neural Information Processing Systems},
  volume={35},
  pages={25573--25585},
  year={2022}
}

@inproceedings{chen2024mixsatgen,
  title={MixSATGEN: Learning Graph Mixing for SAT Instance Generation},
  author={Chen, Xinyan and Li, Yang and Wang, Runzhong and Yan, Junchi},
  booktitle={The Twelfth International Conference on Learning Representations},
  year={2024}
}

@article{geisler2021generalization,
  title={Generalization of neural combinatorial solvers through the lens of adversarial robustness},
  author={Geisler, Simon and Sommer, Johanna and Schuchardt, Jan and Bojchevski, Aleksandar and G{\"u}nnemann, Stephan},
  journal={arXiv preprint arXiv:2110.10942},
  year={2021}
}

@inproceedings{lu2022roco,
  title={Roco: A general framework for evaluating robustness of combinatorial optimization solvers on graphs},
  author={Lu, Han and Li, Zenan and Wang, Runzhong and Ren, Qibing and Li, Xijun and Yuan, Mingxuan and Zeng, Jia and Yang, Xiaokang and Yan, Junchi},
  booktitle={The Eleventh International Conference on Learning Representations},
  year={2022}
}

@article{song2020score,
  title={Score-based generative modeling through stochastic differential equations},
  author={Song, Yang and Sohl-Dickstein, Jascha and Kingma, Diederik P and Kumar, Abhishek and Ermon, Stefano and Poole, Ben},
  journal={arXiv preprint arXiv:2011.13456},
  year={2020}
}

@article{zhang2022fast,
  title={Fast sampling of diffusion models with exponential integrator},
  author={Zhang, Qinsheng and Chen, Yongxin},
  journal={arXiv preprint arXiv:2204.13902},
  year={2022}
}

@article{lu2022dpm,
  title={Dpm-solver: A fast ode solver for diffusion probabilistic model sampling in around 10 steps},
  author={Lu, Cheng and Zhou, Yuhao and Bao, Fan and Chen, Jianfei and Li, Chongxuan and Zhu, Jun},
  journal={Advances in Neural Information Processing Systems},
  volume={35},
  pages={5775--5787},
  year={2022}
}

@article{luhman2021knowledge,
  title={Knowledge distillation in iterative generative models for improved sampling speed},
  author={Luhman, Eric and Luhman, Troy},
  journal={arXiv preprint arXiv:2101.02388},
  year={2021}
}

@article{salimans2022progressive,
  title={Progressive distillation for fast sampling of diffusion models},
  author={Salimans, Tim and Ho, Jonathan},
  journal={arXiv preprint arXiv:2202.00512},
  year={2022}
}

@inproceedings{meng2023distillation,
  title={On distillation of guided diffusion models},
  author={Meng, Chenlin and Rombach, Robin and Gao, Ruiqi and Kingma, Diederik and Ermon, Stefano and Ho, Jonathan and Salimans, Tim},
  booktitle={Proceedings of the IEEE/CVF Conference on Computer Vision and Pattern Recognition},
  pages={14297--14306},
  year={2023}
}

@inproceedings{zheng2023fast,
  title={Fast sampling of diffusion models via operator learning},
  author={Zheng, Hongkai and Nie, Weili and Vahdat, Arash and Azizzadenesheli, Kamyar and Anandkumar, Anima},
  booktitle={International Conference on Machine Learning},
  pages={42390--42402},
  year={2023},
  organization={PMLR}
}

@inproceedings{wu2017improving,
  title={Improving sat-solving with machine learning},
  author={Wu, Haoze},
  booktitle={Proceedings of the 2017 ACM SIGCSE Technical Symposium on Computer Science Education},
  pages={787--788},
  year={2017}
}

@inproceedings{ye2024glop,
  title={Glop: Learning global partition and local construction for solving large-scale routing problems in real-time},
  author={Ye, Haoran and Wang, Jiarui and Liang, Helan and Cao, Zhiguang and Li, Yong and Li, Fanzhang},
  booktitle={Proceedings of the AAAI Conference on Artificial Intelligence},
  volume={38},
  number={18},
  pages={20284--20292},
  year={2024}
}

@article{zheng2024learning,
  title = {Learning Plaintext-Ciphertext Cryptographic Problems via ANF-based SAT Instance Representation},
  author = {Zheng, Xinhao and Li, Yang and Fan, Cunxin and Wu, Huaijin and Song, Xinhao and Yan, Junchi},
  journal = {Advances in Neural Information Processing Systems},
  year = {2024}
}