@article{austin2021structured,
  title={Structured denoising diffusion models in discrete state-spaces},
  author={Austin, Jacob and Johnson, Daniel D and Ho, Jonathan and Tarlow, Daniel and van den Berg, Rianne},
  journal={Advances in Neural Information Processing Systems},
  volume={34},
  pages={17981--17993},
  year={2021}
}

@inproceedings{boether_dltreesearch_2022,
  author = {Böther, Maximilian and Kißig, Otto and Taraz, Martin and Cohen, Sarel and Seidel, Karen and Friedrich, Tobias},
  title = {What{\textquoteright}s Wrong with Deep Learning in Tree Search for Combinatorial Optimization},
  booktitle = {Proceedings of the International Conference on Learning Representations ({ICLR})},
  year = {2022}
}

@article{chen2019learning,
  title={Learning to perform local rewriting for combinatorial optimization},
  author={Chen, Xinyun and Tian, Yuandong},
  journal={Advances in Neural Information Processing Systems},
  volume={32},
  year={2019}
}

@inproceedings{chen2024mixsatgen,
  title={MixSATGEN: Learning Graph Mixing for SAT Instance Generation},
  author={Chen, Xinyan and Li, Yang and Wang, Runzhong and Yan, Junchi},
  booktitle={The Twelfth International Conference on Learning Representations},
  year={2024}
}

@article{cheng2022policy,
  title={The Policy-gradient Placement and Generative Routing Neural Networks for Chip Design},
  author={Cheng, Ruoyu and Lyu, Xianglong and Li, Yang and Ye, Junjie and Hao, Jianye and Yan, Junchi},
  journal={Advances in Neural Information Processing Systems},
  volume={35},
  pages={26350--26362},
  year={2022}
}

@inproceedings{d2020learning,
  title={Learning 2-opt heuristics for the traveling salesman problem via deep reinforcement learning},
  author={d O Costa, Paulo R and Rhuggenaath, Jason and Zhang, Yingqian and Akcay, Alp},
  booktitle={Asian Conference on Machine Learning},
  pages={465--480},
  year={2020},
}

@article{dhariwal2021diffusion,
  title={Diffusion models beat gans on image synthesis},
  author={Dhariwal, Prafulla and Nichol, Alexander},
  journal={Advances in Neural Information Processing Systems},
  volume={34},
  pages={8780--8794},
  year={2021}
}

@inproceedings{du2023hubrouter,
  title = {HubRouter: Learning Global Routing via Hub Generation and Pin-hub Connection},
  author = {Du, Xingbo and Wang, Chonghua and Zhong, Ruizhe and Yan, Junchi},
  booktitle = {Advances in Neural Information Processing Systems},
  year = {2023}
}

@inproceedings{fu2021generalize,
  title={Generalize a small pre-trained model to arbitrarily large tsp instances},
  author={Fu, Zhang-Hua and Qiu, Kai-Bin and Zha, Hongyuan},
  booktitle={Proceedings of the AAAI Conference on Artificial Intelligence},
  volume={35},
  number={8},
  pages={7474--7482},
  year={2021}
}

@article{geisler2021generalization,
  title={Generalization of neural combinatorial solvers through the lens of adversarial robustness},
  author={Geisler, Simon and Sommer, Johanna and Schuchardt, Jan and Bojchevski, Aleksandar and G{\"u}nnemann, Stephan},
  journal={arXiv preprint arXiv:2110.10942},
  year={2021}
}

@inproceedings{geisler2022generalization,
  title={Generalization of Neural Combinatorial Solvers Through the Lens of Adversarial Robustness},
  author={Geisler, Simon and Sommer, Johanna and Schuchardt, Jan and Bojchevski, Aleksandar and G{\"u}nnemann, Stephan},
  booktitle={International Conference on Learning Representations},
  year={2022}
}

@article{geng2023deep,
  title={A Deep Instance Generative Framework for MILP Solvers Under Limited Data Availability},
  author={Geng, Zijie and Li, Xijun and Wang, Jie and Li, Xiao and Zhang, Yongdong and Wu, Feng},
  journal={arXiv preprint arXiv:2310.02807},
  year={2023}
}

@article{ho2020denoising,
  title={Denoising diffusion probabilistic models},
  author={Ho, Jonathan and Jain, Ajay and Abbeel, Pieter},
  journal={Advances in Neural Information Processing Systems},
  volume={33},
  pages={6840--6851},
  year={2020}
}

@article{hoogeboom2021argmax,
  title={Argmax flows and multinomial diffusion: Learning categorical distributions},
  author={Hoogeboom, Emiel and Nielsen, Didrik and Jaini, Priyank and Forr{\'e}, Patrick and Welling, Max},
  journal={Advances in Neural Information Processing Systems},
  volume={34},
  pages={12454--12465},
  year={2021}
}

@inproceedings{hottung2021learning,
  title={Learning a latent search space for routing problems using variational autoencoders},
  author={Hottung, Andr{\'e} and Bhandari, Bhanu and Tierney, Kevin},
  booktitle={International Conference on Learning Representations},
  year={2021}
}

@inproceedings{hougeneralize,
  title={Generalize Learned Heuristics to Solve Large-scale Vehicle Routing Problems in Real-time},
  author={Hou, Qingchun and Yang, Jingwei and Su, Yiqiang and Wang, Xiaoqing and Deng, Yuming},
  booktitle={The Eleventh International Conference on Learning Representations},
  year={2023}
}

@article{joshi2019efficient,
  title={An efficient graph convolutional network technique for the travelling salesman problem},
  author={Joshi, Chaitanya K and Laurent, Thomas and Bresson, Xavier},
  journal={arXiv preprint arXiv:1906.01227},
  year={2019}
}

article{medress1977speech,
  title={Speech understanding systems: Report of a steering committee},
  author={Medress, Mark F. and Cooper, Franklin S and Forgie, Jim W. and Green, CC and Klatt, Dennis H. and O'Malley, Michael H. and Neuburg, Edward P and Newell, Allen and Reddy, DR and Ritea, B and others},
  journal={Artificial Intelligence},
  volume={9},
  number={3},
  pages={307--316},
  year={1977},
  
}

@article{khalil2017learning,
  title={Learning combinatorial optimization algorithms over graphs},
  author={Khalil, Elias and Dai, Hanjun and Zhang, Yuyu and Dilkina, Bistra and Song, Le},
  journal={Advances in neural information processing systems},
  volume={30},
  year={2017}
}

@article{kim2022sym,
  title={Sym-nco: Leveraging symmetricity for neural combinatorial optimization},
  author={Kim, Minsu and Park, Junyoung and Park, Jinkyoo},
  journal={arXiv preprint arXiv:2205.13209},
  year={2022}
}

@article{kool2018attention,
  title={Attention, learn to solve routing problems!},
  author={Kool, Wouter and Van Hoof, Herke and Welling, Max},
  journal={arXiv preprint arXiv:1803.08475},
  year={2018}
}

@article{kwon2020pomo,
  title={Pomo: Policy optimization with multiple optima for reinforcement learning},
  author={Kwon, Yeong-Dae and Choo, Jinho and Kim, Byoungjip and Yoon, Iljoo and Gwon, Youngjune and Min, Seungjai},
  journal={Advances in Neural Information Processing Systems},
  volume={33},
  pages={21188--21198},
  year={2020}
}

@article{li2021learning,
  title={Learning to delegate for large-scale vehicle routing},
  author={Li, Sirui and Yan, Zhongxia and Wu, Cathy},
  journal={Advances in Neural Information Processing Systems},
  volume={34},
  pages={26198--26211},
  year={2021}
}

@article{li2022nsnet,
  title={NSNet: A general neural probabilistic framework for satisfiability problems},
  author={Li, Zhaoyu and Si, Xujie},
  journal={Advances in Neural Information Processing Systems},
  volume={35},
  pages={25573--25585},
  year={2022}
}

@inproceedings{li2023hardsatgen,
  title={HardSATGEN: Understanding the Difficulty of Hard SAT Formula Generation and A Strong Structure-Hardness-Aware Baseline},
  author={Li, Yang and Chen, Xinyan and Guo, Wenxuan and Li, Xijun and Luo, Wanqian and Huang, Junhua and Zhen, Hui-Ling and Yuan, Mingxuan and Yan, Junchi},
  booktitle={Proceedings of the ACM SIGKDD International Conference on Knowledge Discovery and Data Mining (KDD)},
  year={2023}
}

@inproceedings{li2023t2t,
  title = {T2T: From Distribution Learning in Training to Gradient Search in Testing for Combinatorial Optimization},
  author = {Li, Yang and Guo, Jinpei and Wang, Runzhong and Yan, Junchi},
  booktitle = {Advances in Neural Information Processing Systems},
  year = {2023}
}

@article{lu2022dpm,
  title={Dpm-solver: A fast ode solver for diffusion probabilistic model sampling in around 10 steps},
  author={Lu, Cheng and Zhou, Yuhao and Bao, Fan and Chen, Jianfei and Li, Chongxuan and Zhu, Jun},
  journal={Advances in Neural Information Processing Systems},
  volume={35},
  pages={5775--5787},
  year={2022}
}

@inproceedings{lu2022roco,
  title={Roco: A general framework for evaluating robustness of combinatorial optimization solvers on graphs},
  author={Lu, Han and Li, Zenan and Wang, Runzhong and Ren, Qibing and Li, Xijun and Yuan, Mingxuan and Zeng, Jia and Yang, Xiaokang and Yan, Junchi},
  booktitle={The Eleventh International Conference on Learning Representations},
  year={2022}
}

@article{luhman2021knowledge,
  title={Knowledge distillation in iterative generative models for improved sampling speed},
  author={Luhman, Eric and Luhman, Troy},
  journal={arXiv preprint arXiv:2101.02388},
  year={2021}
}

@inproceedings{meng2023distillation,
  title={On distillation of guided diffusion models},
  author={Meng, Chenlin and Rombach, Robin and Gao, Ruiqi and Kingma, Diederik and Ermon, Stefano and Ho, Jonathan and Salimans, Tim},
  booktitle={Proceedings of the IEEE/CVF Conference on Computer Vision and Pattern Recognition},
  pages={14297--14306},
  year={2023}
}

@inproceedings{nichol2021improved,
  title={Improved denoising diffusion probabilistic models},
  author={Nichol, Alexander Quinn and Dhariwal, Prafulla},
  booktitle={International Conference on Machine Learning},
  pages={8162--8171},
  year={2021},
}

@article{qiu2022dimes,
  title={DIMES: A Differentiable Meta Solver for Combinatorial Optimization Problems},
  author={Qiu, Ruizhong and Sun, Zhiqing and Yang, Yiming},
  journal={arXiv preprint arXiv:2210.04123},
  year={2022}
}

@article{salimans2022progressive,
  title={Progressive distillation for fast sampling of diffusion models},
  author={Salimans, Tim and Ho, Jonathan},
  journal={arXiv preprint arXiv:2202.00512},
  year={2022}
}

@article{selsam2018learning,
  title={Learning a SAT solver from single-bit supervision},
  author={Selsam, Daniel and Lamm, Matthew and B{\"u}nz, Benedikt and Liang, Percy and de Moura, Leonardo and Dill, David L},
  journal={arXiv preprint arXiv:1802.03685},
  year={2018}
}

@inproceedings{sohl2015deep,
  title={Deep unsupervised learning using nonequilibrium thermodynamics},
  author={Sohl-Dickstein, Jascha and Weiss, Eric and Maheswaranathan, Niru and Ganguli, Surya},
  booktitle={International Conference on Machine Learning},
  pages={2256--2265},
  year={2015},
}

@article{song2019generative,
  title={Generative modeling by estimating gradients of the data distribution},
  author={Song, Yang and Ermon, Stefano},
  journal={Advances in neural information processing systems},
  volume={32},
  year={2019}
}

@article{song2020denoising,
  title={Denoising diffusion implicit models},
  author={Song, Jiaming and Meng, Chenlin and Ermon, Stefano},
  journal={arXiv preprint arXiv:2010.02502},
  year={2020}
}

@article{song2020improved,
  title={Improved techniques for training score-based generative models},
  author={Song, Yang and Ermon, Stefano},
  journal={Advances in neural information processing systems},
  volume={33},
  pages={12438--12448},
  year={2020}
}

@article{song2020score,
  title={Score-based generative modeling through stochastic differential equations},
  author={Song, Yang and Sohl-Dickstein, Jascha and Kingma, Diederik P and Kumar, Abhishek and Ermon, Stefano and Poole, Ben},
  journal={arXiv preprint arXiv:2011.13456},
  year={2020}
}

@article{song2023consistency,
  title={Consistency models},
  author={Song, Yang and Dhariwal, Prafulla and Chen, Mark and Sutskever, Ilya},
  journal={arXiv preprint arXiv:2303.01469},
  year={2023}
}

@inproceedings{wang2019learning,
  title={Learning combinatorial embedding networks for deep graph matching},
  author={Wang, Runzhong and Yan, Junchi and Yang, Xiaokang},
  booktitle={Proceedings of the IEEE/CVF international conference on computer vision},
  pages={3056--3065},
  year={2019}
}

@inproceedings{wang2023linsatnet,
  title={LinSATNet: the positive linear satisfiability neural networks},
  author={Wang, Runzhong and Zhang, Yunhao and Guo, Ziao and Chen, Tianyi and Yang, Xiaokang and Yan, Junchi},
  booktitle={International Conference on Machine Learning},
  pages={36605--36625},
  year={2023},
  organization={PMLR}
}

@article{wu2021learning,
  title={Learning improvement heuristics for solving routing problems},
  author={Wu, Yaoxin and Song, Wen and Cao, Zhiguang and Zhang, Jie and Lim, Andrew},
  journal={IEEE transactions on neural networks and learning systems},
  volume={33},
  number={9},
  pages={5057--5069},
  year={2021},
  publisher={IEEE}
}

@inproceedings{you2019g2sat,
  title={G2SAT: Learning to generate sat formulas},
  author={You, Jiaxuan and Wu, Haoze and Barrett, Clark and Ramanujan, Raghuram and Leskovec, Jure},
  booktitle={Advances in neural information processing systems},
  volume={32},
  year={2019}
}

@article{zhang2022fast,
  title={Fast sampling of diffusion models with exponential integrator},
  author={Zhang, Qinsheng and Chen, Yongxin},
  journal={arXiv preprint arXiv:2204.13902},
  year={2022}
}

@article{zhang2023let,
  title={Let the Flows Tell: Solving Graph Combinatorial Optimization Problems with GFlowNets},
  author={Zhang, Dinghuai and Dai, Hanjun and Malkin, Nikolay and Courville, Aaron and Bengio, Yoshua and Pan, Ling},
  journal={arXiv preprint arXiv:2305.17010},
  year={2023}
}

@inproceedings{zheng2023fast,
  title={Fast sampling of diffusion models via operator learning},
  author={Zheng, Hongkai and Nie, Weili and Vahdat, Arash and Azizzadenesheli, Kamyar and Anandkumar, Anima},
  booktitle={International Conference on Machine Learning},
  pages={42390--42402},
  year={2023},
  organization={PMLR}
}

@article{zheng2024learning,
  title = {Learning Plaintext-Ciphertext Cryptographic Problems via ANF-based SAT Instance Representation},
  author = {Zheng, Xinhao and Li, Yang and Fan, Cunxin and Wu, Huaijin and Song, Xinhao and Yan, Junchi},
  journal = {Advances in Neural Information Processing Systems},
  year = {2024}
}

