@INPROCEEDINGS{AudioSampling2010,
  author={Luo, Hong and Wang, Jinge and Sun, Yan and Ma, Huadong and Li, Xiang-Yang},
  booktitle={2010 IEEE 30th International Conference on Distributed Computing Systems}, 
  title={Adaptive Sampling and Diversity Reception in Multi-hop Wireless Audio Sensor Networks}, 
  year={2010},
  volume={},
  number={},
  pages={378-387},
    doi={10.1109/ICDCS.2010.32}}

@article{Harb2018Energy-Efficient,
title={Energy-Efficient Sensor Data Collection Approach for Industrial Process Monitoring},
author={Hassan Harb and A. Makhoul},
journal={IEEE Transactions on Industrial Informatics},
year={2018},
volume={14},
pages={661-672},
doi={10.1109/TII.2017.2776082}}

@misc{Mitrovic_VideoCompression,
  author = {Djordje Mitrovic},
  title = {Video Compression},
  institution = {University of Edinburgh},
  url = {https://homepages.inf.ed.ac.uk/rbf/CVonline/LOCAL_COPIES/AV0506/s0561282.pdf},
}

@inproceedings{alrawi2019ip,
  title={Vulnerability assessment and penetration testing on IP cameras},
  author={Alrawi, Omar and Lever, Charles and Antonakakis, Manos and Monrose, Fabian},
  booktitle={Proceedings of the 12th ACM Conference on Security and Privacy in Wireless and Mobile Networks (WiSec '19)},
  year={2019},
  organization={ACM}
}

@article{anta2010sample,
  title={To sample or not to sample: Self-triggered control for nonlinear systems},
  author={Anta, Adolfo and Tabuada, Paulo},
  journal={IEEE Transactions on automatic control},
  volume={55},
  number={9},
  pages={2030--2042},
  year={2010},
  publisher={IEEE}
}

@inproceedings{antonakakis2017mirai,
  title={Understanding the Mirai Botnet},
  author={Antonakakis, Manos and April, Tim and Bailey, Michael and Bernhard, Matthew and Bursztein, Elie and Cochran, Jaime and Durumeric, Zakir and Halderman, J Alex and Invernizzi, Luca and Kallitsis, Michael and others},
  booktitle={Proceedings of the 26th USENIX Security Symposium},
  year={2017},
  organization={USENIX}
}

@misc{cloudflare_famous_ddos,
   title={Famous {DDoS} Attacks},
   author={{Cloudflare}},
   year={2024},
   url={https://www.cloudflare.com/learning/ddos/famous-ddos-attacks/},
   note={Accessed: 2024},
   organization={Cloudflare}
}

@inproceedings{giouroukis2020survey,
   title={A Survey of Adaptive Sampling and Filtering Algorithms for the Internet of Things},
   author={Giouroukis, Dimitrios and Dadiani, Alexander and Traub, Jonas and Zeuch, Steffen and Markl, Volker},
   booktitle={DEBS '20: Proceedings of the 14th ACM International Conference on Distributed and Event-Based Systems},
   year={2020},
   location={Montreal, Canada},
   month={Jul},
   publisher={ACM},
   doi={10.1145/3401025.3401759}
}

@article{helpnetsecurity2019ssdp,
  title={SSDP amplification attacks rose 639\% in 2018},
  author={Help Net Security},
  journal={Help Net Security},
  year={2019},
  howpublished={\url{https://www.helpnetsecurity.com/2019/01/22/ssdp-amplification-attacks/}},
  note={Accessed: 2025-01-06}
}

@book{jack2011video,
  author    = {Keith Jack},
  title     = {Video Demystified: A Handbook for the Digital Engineer},
  year      = {2011},
  publisher = {Elsevier},
  address   = {Burlington, MA},
}

@article{kolias2017mirai,
  title={DDoS in the IoT: Mirai and other botnets},
  author={Kolias, Constantinos and Kambourakis, Georgios and Stavrou, Angelos and Voas, Jeffrey},
  journal={IEEE Computer},
  volume={50},
  number={7},
  pages={80--84},
  year={2017},
  publisher={IEEE}
}

@article{mois2016cyber,
  title={A cyber-physical system for environmental monitoring},
  author={Mois, George and Sanislav, Teodora and Folea, Silviu C},
  journal={IEEE transactions on instrumentation and measurement},
  volume={65},
  number={6},
  pages={1463--1471},
  year={2016},
  publisher={IEEE}
}

@article{molhem2024novel,
  title={A novel adaptive sampling algorithm for cyber-physical systems},
  author={Molhem, Mohammed},
  journal={International Review of Applied Sciences and Engineering},
  volume={15},
  number={2},
  pages={161--170},
  year={2024},
  publisher={Akad{\'e}miai Kiad{\'o} Budapest}
}

@misc{nassi2018gamedronesdetecting,
      title={Game of Drones - Detecting Streamed POI from Encrypted FPV Channel}, 
      author={Ben Nassi and Raz Ben-Netanel and Adi Shamir and Yuval Elovici},
      year={2018},
      eprint={1801.03074},
      archivePrefix={arXiv},
      primaryClass={cs.CR},
      url={https://arxiv.org/abs/1801.03074}, 
}

@article{stabili2024tenda,
  title={Finding (and Exploiting) Vulnerabilities on IP Cameras: The Tenda CP3 Case Study},
  author={Stabili, Daniele and Bocchi, Tommaso and Valgimigli, Fabio and Marchetti, Matteo},
  journal={arXiv preprint arXiv:2406.15103},
  year={2024},
  note={Available at: \url{https://arxiv.org/abs/2406.15103}}
}

@misc{watchfulip2021hikvision,
  title={Unauthenticated Remote Code Execution (RCE) Vulnerability in Hikvision IP Cameras},
  author={Watchful IP},
  year={2021},
  howpublished={\url{https://watchfulip.github.io/2021/09/18/Hikvision-IP-Camera-Unauthenticated-RCE.html}}
}

@Article{waterSampling2017,
AUTHOR = {Shu, Tongxin and Xia, Min and Chen, Jiahong and De Silva, Clarence},
TITLE = {An Energy Efficient Adaptive Sampling Algorithm in a Sensor Network for Automated Water Quality Monitoring},
JOURNAL = {Sensors},
VOLUME = {17},
YEAR = {2017},
NUMBER = {11},
ARTICLE-NUMBER = {2551},
URL = {https://www.mdpi.com/1424-8220/17/11/2551},
PubMedID = {29113087},
ISSN = {1424-8220},
DOI = {10.3390/s17112551}
}

@article{xu2018survey,
  title={A survey on industrial Internet of Things: A cyber-physical systems perspective},
  author={Xu, Hansong and Yu, Wei and Griffith, David and Golmie, Nada},
  journal={Ieee access},
  volume={6},
  pages={78238--78259},
  year={2018},
  publisher={IEEE}
}

@article{yin2023adaptive,
  title={An adaptive sampling framework for life cycle degradation monitoring},
  author={Yin, Yuhua and Liu, Zhiliang and Zhang, Junhao and Zio, Enrico and Zuo, Mingjian},
  journal={Sensors},
  volume={23},
  number={2},
  pages={965},
  year={2023},
  publisher={MDPI}
}

