@Article{Einstein,
  author =       "Albert Einstein",
  title =        "{Zur Elektrodynamik bewegter K{\"o}rper}. ({German})
                 [{On} the electrodynamics of moving bodies]",
  journal =      "Annalen der Physik",
  volume =       "322",
  number =       "10",
  pages =        "891--921",
  year =         "1905",
  DOI =          "http://dx.doi.org/10.1002/andp.19053221004"
} 


@report{dragos2021cybersecurity,
    author = {Dragos},
    title = {Industrial Cybersecurity: {Year} in {Review}},
    year = {2021},
    institution = {Dragos, Inc.},
    type = {Technical Report}
}

@inproceedings{Booth2018LaserDazzling,
  author    = {C. Booth and M. Richardson},
  title     = {Visible and near-infrared laser dazzling of CCD and CMOS cameras},
  booktitle = {Proceedings of SPIE - The International Society for Optical Engineering},
  volume    = {10797},
  pages     = {107970S},
  year      = {2018},
  doi       = {10.1117/12.2325631},
  url       = {https://www.spiedigitallibrary.org/conference-proceedings-of-spie/10797/107970S/Visible-and-near-infrared-laser-dazzling-of-CCD-and-CMOS/10.1117/12.2325631.full},
  publisher = {SPIE},
  abstract  = {This paper explores the effects of visible and near-infrared laser dazzling on CCD and CMOS cameras, detailing experimental findings and implications.},
}


@techreport{siemens2019reliable,
  title        = {Reliable and Robust Industrial Networks for the Oil \& Gas Industry},
  institution  = {Siemens AG},
  year         = {2019},
  url          = {https://assets.new.siemens.com/siemens/assets/api/uuid:b4588b31-5319-4404-a9e4-16736611932e/version:1591213144/whitepaper-reliable-networks-for-oil-gas-en.pdf}
}

@misc{nassi2018gamedronesdetecting,
      title={Game of Drones - Detecting Streamed POI from Encrypted FPV Channel}, 
      author={Ben Nassi and Raz Ben-Netanel and Adi Shamir and Yuval Elovici},
      year={2018},
      eprint={1801.03074},
      archivePrefix={arXiv},
      primaryClass={cs.CR},
      url={https://arxiv.org/abs/1801.03074}, 
}

@misc{Mitrovic_VideoCompression,
  author = {Djordje Mitrovic},
  title = {Video Compression},
  institution = {University of Edinburgh},
  url = {https://homepages.inf.ed.ac.uk/rbf/CVonline/LOCAL_COPIES/AV0506/s0561282.pdf},
}

@article{kalbo2020security,
   title={The Security of {IP}-Based Video Surveillance Systems},
   author={Kalbo, Naor and Mirsky, Yisroel and Shabtai, Asaf and Elovici, Yuval},
   journal={Sensors},
   publisher={MDPI},
   year={2020},
   month={Aug},
   volume={20},
   number={17},
   pages={4806},
   doi={10.3390/s20174806}
}

@book{jack2011video,
  author    = {Keith Jack},
  title     = {Video Demystified: A Handbook for the Digital Engineer},
  year      = {2011},
  publisher = {Elsevier},
  address   = {Burlington, MA},
}


@misc{cloudflare_famous_ddos,
   title={Famous {DDoS} Attacks},
   author={{Cloudflare}},
   year={2024},
   url={https://www.cloudflare.com/learning/ddos/famous-ddos-attacks/},
   note={Accessed: 2024},
   organization={Cloudflare}
}

@INPROCEEDINGS{IoTDDoS2018,
  author={Vlajic, Natalija and Zhou, Daiwei and Tung, Jonathan},
  booktitle={2018 IEEE International Conference on Industrial Internet (ICII)}, 
  title={IoT Cameras and DVRs as DDoS Reflectors: Pros and Cons from Hacker’s Perspective}, 
  year={2018},
  volume={},
  number={},
  pages={181-187},
  keywords={Computer crime;Search engines;Computer hacking;Cameras;IP networks;Botnet;IoT-devices;OiT-search-engines;DDoS-attack-and-defenses;TCP-SYN-attack},
  doi={10.1109/ICII.2018.00035}}

@inproceedings{giouroukis2020survey,
   title={A Survey of Adaptive Sampling and Filtering Algorithms for the Internet of Things},
   author={Giouroukis, Dimitrios and Dadiani, Alexander and Traub, Jonas and Zeuch, Steffen and Markl, Volker},
   booktitle={DEBS '20: Proceedings of the 14th ACM International Conference on Distributed and Event-Based Systems},
   year={2020},
   location={Montreal, Canada},
   month={Jul},
   publisher={ACM},
   doi={10.1145/3401025.3401759}
}

@article{demaine2007jigsaw,
  title={Jigsaw puzzles, edge matching, and polyomino packing: Connections and complexity},
  author={Demaine, Erik D. and Demaine, Martin L.},
  journal={Graphs and Combinatorics},
  volume={23},
  number={1},
  pages={195--208},
  year={2007},
  publisher={Springer}
}

@article{altman1989solving,
  title={Solving the jigsaw puzzle problem in linear time},
  author={Altman, Tom},
  journal={Applied Artificial Intelligence an International Journal},
  volume={3},
  number={4},
  pages={453--462},
  year={1989},
  publisher={Taylor \& Francis}
}

@article{demaine2007jigsaw,
  title={Jigsaw puzzles, edge matching, and polyomino packing: Connections and complexity},
  author={Demaine, Erik D. and Demaine, Martin L.},
  journal={Graphs and Combinatorics},
  volume={23},
  number={1},
  pages={195--208},
  year={2007},
  publisher={Springer}
}

@article{altman1989solving,
  title={Solving the jigsaw puzzle problem in linear time},
  author={Altman, Tom},
  journal={Applied Artificial Intelligence an International Journal},
  volume={3},
  number={4},
  pages={453--462},
  year={1989},
  publisher={Taylor \& Francis}
}

@INPROCEEDINGS {Nassi2024,
author = {B. Nassi and E. Iluz and O. Cohen and O. Vayner and D. Nassi and B. Zadov and Y. Elovici},
booktitle = {2024 IEEE Symposium on Security and Privacy (SP)},
title = {Video-Based Cryptanalysis: Extracting Cryptographic Keys from Video Footage of a Device’s Power LED Captured by Standard Video Cameras},
year = {2024},
volume = {},
issn = {2375-1207},
pages = {163-163},
keywords = {side-channel attack;cryptanalysis;video;sike;ecdsa},
doi = {10.1109/SP54263.2024.00163},
url = {https://doi.ieeecomputersociety.org/10.1109/SP54263.2024.00163},
publisher = {IEEE Computer Society},
address = {Los Alamitos, CA, USA},
month = {may}
}

@misc{mcafee_report,
  title={The Carbon Footprint of Email Spam Report},
  author={McAfee, ICF},
  year={2009}
}


@article{hardware_efficiency_static_currents,
  title={Leakage current: Moore's law meets static power},
  author={Kim, Nam Sung and Austin, Todd and Baauw, David and Mudge, Trevor and Flautner, Kriszti{\'a}n and Hu, Jie S and Irwin, Mary Jane and Kandemir, Mahmut and Narayanan, Vijaykrishnan},
  journal={computer},
  volume={36},
  number={12},
  pages={68--75},
  year={2003},
  publisher={IEEE}
}

@article{climate_impact_of_ict,
  title={The real climate and transformative impact of ICT: A critique of estimates, trends, and regulations},
  author={Freitag, Charlotte and Berners-Lee, Mike and Widdicks, Kelly and Knowles, Bran and Blair, Gordon S and Friday, Adrian},
  journal={Patterns},
  volume={2},
  number={9},
  pages={100340},
  year={2021},
  publisher={Elsevier}
}

@book{ipcc_climate_change_impact,
title = "Summary for Policymakers: Climate change 2022: Impacts, adaptation and vulnerability. Contribution of Working Group II to the Sixth Assessment Report of the Intergovernmental Panel of Climate Change (IPCC),",
author = "Schmidt, {Daniela N}",
year = "2022",
month = feb,
day = "28",
language = "English",
publisher = "Cambridge University Press",
address = "United Kingdom",
}

@article{place_servers_in_nordic_countries,
  title={A review of data centers energy consumption and reliability modeling},
  author={Ahmed, Kazi Main Uddin and Bollen, Math HJ and Alvarez, Manuel},
  journal={IEEE Access},
  volume={9},
  pages={152536--152563},
  year={2021},
  publisher={IEEE}
}

@article{placing_servers_underwater,
  title={Dunking the data center},
  author={Cutler, Ben and Fowers, Spencer and Kramer, Jeffrey and Peterson, Eric},
  journal={IEEE Spectrum},
  volume={54},
  number={3},
  pages={26--31},
  year={2017},
  publisher={IEEE}
}

@inproceedings{leverage_diffences_of_prices_in_diffent_geographical_places,
  title={Electricity bill capping for cloud-scale data centers that impact the power markets},
  author={Zhang, Yanwei and Wang, Yefu and Wang, Xiaorui},
  booktitle={2012 41st International Conference on Parallel Processing},
  pages={440--449},
  year={2012},
  organization={IEEE}
}

@incollection{data_centers_in_nordic_arctic,
  title={Development of Data Centres in the Nordic Arctic},
  author={Middleton, Alexandra and R{\o}nning, Bj{\o}rn},
  booktitle={Non-state Actors in the Arctic Region},
  pages={153--178},
  year={2022},
  publisher={Springer}
}

@inproceedings{what_is_green_security,
  title={What is green security?},
  author={Caviglione, Luca and Merlo, Alessio and Migliardi, Mauro},
  booktitle={2011 7th international conference on information assurance and security (IAS)},
  pages={366--371},
  year={2011},
  organization={IEEE}
}

@article{price_of_security_in_wsn,
  title={The price of security in wireless sensor networks},
  author={Lee, Jongdeog and Kapitanova, Krasimira and Son, Sang H},
  journal={Computer Networks},
  volume={54},
  number={17},
  pages={2967--2978},
  year={2010},
  publisher={Elsevier}
}

@inproceedings{measure_energy_each_assembly_command,
  title={A Quantitative Study of Energy Consumption for Embedded Security},
  author={Guo, Chen and Yang, Yang and Zhou, Yanglin and Zhang, Kuan and Ci, Song},
  booktitle={2021 IEEE Wireless Communications and Networking Conference (WCNC)},
  pages={1--5},
  year={2021},
  organization={IEEE}
}

@article{assembly_instructions_energy_consumption,
  title={An instruction level energy characterization of arm processors},
  author={Vasilakis, Evangelos},
  journal={Foundation of Research and Technology Hellas, Inst. of Computer Science, Tech. Rep. FORTH-ICS/TR-450},
  year={2015}
}

@article{offloading,
  title={Cloud computing for mobile users: Can offloading computation save energy?},
  author={Kumar, Karthik and Lu, Yung-Hsiang},
  journal={Computer},
  volume={43},
  number={4},
  pages={51--56},
  year={2010},
  publisher={IEEE}
}

@article{energy_efficient_security_survey,
  title={Energy-efficient mechanisms in security of the internet of things: A survey},
  author={Hellaoui, Hamed and Koudil, Mouloud and Bouabdallah, Abdelmadjid},
  journal={Computer Networks},
  volume={127},
  pages={173--189},
  year={2017},
  publisher={Elsevier}
}

@article{energy_aware_security_mechanisms_survey,
  title={A survey on energy-aware security mechanisms},
  author={Merlo, Alessio and Migliardi, Mauro and Caviglione, Luca},
  journal={Pervasive and Mobile Computing},
  volume={24},
  pages={77--90},
  year={2015},
  publisher={Elsevier}
}

@inproceedings{online_offline_stream_ciphers,
  title={Providing security in energy harvesting sensor networks},
  author={Pelissier, Sylvain and Prabhakar, Tamma V and Jamadagni, Hirisave Shankaralingaiah and VenkateshaPrasad, R and Niemegeers, Ignas},
  booktitle={2011 IEEE Consumer Communications and Networking Conference (CCNC)},
  pages={452--456},
  year={2011},
  organization={IEEE}
}

@article{energy_of_encryption_depends_on_packet_size_key_size_and_rounds,
  title={On a framework for energy-efficient security protocols in wireless networks},
  author={Prasithsangaree, Phongsak and Krishnamurthy, Prashant},
  journal={Computer Communications},
  volume={27},
  number={17},
  pages={1716--1729},
  year={2004},
  publisher={Elsevier}
}

@article{energy_consumption_cryptographic_algorithms_and_ssl,
  title={A study of the energy consumption characteristics of cryptographic algorithms and security protocols},
  author={Potlapally, Nachiketh R and Ravi, Srivaths and Raghunathan, Anand and Jha, Niraj K},
  journal={IEEE Transactions on mobile computing},
  volume={5},
  number={2},
  pages={128--143},
  year={2005},
  publisher={IEEE}
}

@article{energy_costs_analysis_asymmetric_symmetric,
  title={Comparative analysis of energy costs of asymmetric vs symmetric encryption-based security applications},
  author={Halak, Basel and Yilmaz, Yildiran and Shiu, Daniel},
  journal={IEEE Access},
  volume={10},
  pages={76707--76719},
  year={2022},
  publisher={IEEE}
}

@inproceedings{energy_aware_security_mechanisms,
  title={A case for energy-aware security mechanisms},
  author={Li, Xun and Chong, Frederic T},
  booktitle={2013 27th International Conference on Advanced Information Networking and Applications Workshops},
  pages={1541--1546},
  year={2013},
  organization={IEEE}
}

@article{measuring_the_energy_consumption_of_cyber_security,
  title={Measuring the energy consumption of cyber security},
  author={Caviglione, Luca and Gaggero, Mauro and Cambiaso, Enrico and Aiello, Maurizio},
  journal={IEEE Communications Magazine},
  volume={55},
  number={7},
  pages={58--63},
  year={2017},
  publisher={IEEE}
}

@inproceedings{rootkits,
  title={Security versus energy tradeoffs in host-based mobile malware detection},
  author={Bickford, Jeffrey and Lagar-Cavilla, H Andr{\'e}s and Varshavsky, Alexander and Ganapathy, Vinod and Iftode, Liviu},
  booktitle={Proceedings of the 9th international conference on Mobile systems, applications, and services},
  pages={225--238},
  year={2011}
}

@inproceedings{secure_sensitive_data_more,
  title={Qos and security in energy-harvesting wireless sensor networks},
  author={Taddeo, Antonio Vincenzo and Mura, Marcello and Ferrante, Alberto},
  booktitle={2010 International conference on security and cryptography (SECRYPT)},
  pages={1--10},
  year={2010},
  organization={IEEE}
}

@inproceedings{secure_depends_on_number_of_years_to_protect,
  title={Energy efficient security services for limited wireless devices},
  author={Keeratiwintakorn, Phongsak and Krishnamurthy, Prashant},
  booktitle={2006 1st International Symposium on Wireless Pervasive Computing},
  pages={1--6},
  year={2006},
  organization={IEEE}
}

@inproceedings{powerslave_measure_6_antiviruses,
  title={Powerslave: Analyzing the energy consumption of mobile antivirus software},
  author={Polakis, Iasonas and Diamantaris, Michalis and Petsas, Thanasis and Maggi, Federico and Ioannidis, Sotiris},
  booktitle={International Conference on Detection of Intrusions and Malware, and Vulnerability Assessment},
  pages={165--184},
  year={2015},
  organization={Springer}
}

@inproceedings{appscope_measure_energy_of_each_hw_component_at_process_level_linux,
  title={$\{$AppScope$\}$: Application Energy Metering Framework for Android Smartphone Using Kernel Activity Monitoring},
  author={Yoon, Chanmin and Kim, Dongwon and Jung, Wonwoo and Kang, Chulkoo and Cha, Hojung},
  booktitle={2012 USENIX Annual Technical Conference (USENIX ATC 12)},
  pages={387--400},
  year={2012}
}

@article{montevecchi2020energy,
  title={Energy-efficient cloud computing technologies and policies for an eco-friendly cloud market},
  author={Montevecchi, Francesca and Stickler, Therese and Hintemann, R and Hinterholzer, S},
  journal={European Commission, final study report, Vienna, report commissioned by the Directorate-General for Communications Networks, Content and Technology},
  year={2020}
}


@ARTICLE{Miyuru2016,
  author={Dayarathna, Miyuru and Wen, Yonggang and Fan, Rui},
  journal={IEEE Communications Surveys \& Tutorials}, 
  title={Data Center Energy Consumption Modeling: A Survey}, 
  year={2016},
  volume={18},
  number={1},
  pages={732-794},
  doi={10.1109/COMST.2015.2481183}}
  
 
  
  @ARTICLE{Ahmed2021,
  author={Ahmed, Kazi Main Uddin and Bollen, Math H. J. and Alvarez, Manuel},
  journal={IEEE Access}, 
  title={A Review of Data Centers Energy Consumption and Reliability Modeling}, 
  year={2021},
  volume={9},
  number={},
  pages={152536-152563},
  doi={10.1109/ACCESS.2021.3125092}}
  
 
 @online{onprem,
 title={Gartner: By 2025 half of enterprise IT spending will be for cloud},
 url={www.networkworld.com/article/3649791/gartner-by-2025-half-of-enterprise-it-spending-will-be-for-cloud.html}}
 
 
 @article{gpucpu,
author = {Mittal, Sparsh and Vetter, Jeffrey S.},
title = {A Survey of Methods for Analyzing and Improving GPU Energy Efficiency},
year = {2014},
issue_date = {January 2015},
publisher = {Association for Computing Machinery},
address = {New York, NY, USA},
volume = {47},
number = {2},
issn = {0360-0300},
url = {https://doi.org/10.1145/2636342},
doi = {10.1145/2636342},
abstract = {Recent years have witnessed phenomenal growth in the computational capabilities and applications of GPUs. However, this trend has also led to a dramatic increase in their power consumption. This article surveys research works on analyzing and improving energy efficiency of GPUs. It also provides a classification of these techniques on the basis of their main research idea. Further, it attempts to synthesize research works that compare the energy efficiency of GPUs with other computing systems (e.g., FPGAs and CPUs). The aim of this survey is to provide researchers with knowledge of the state of the art in GPU power management and motivate them to architect highly energy-efficient GPUs of tomorrow.},
journal = {ACM Comput. Surv.},
month = {aug},
articleno = {19},
numpages = {23},
keywords = {power model, green computing, architecture techniques, power management, energy efficiency, GPU (graphics-processing unit), energy saving}
}
 
 @article{katal2022energy,
  title={Energy efficiency in cloud computing data centers: a survey on software technologies},
  author={Katal, Avita and Dahiya, Susheela and Choudhury, Tanupriya},
  journal={Cluster Computing},
  pages={1--31},
  year={2022},
  publisher={Springer}
}
 
 @Article{global2030,
AUTHOR = {Andrae, Anders S. G. and Edler, Tomas},
TITLE = {On Global Electricity Usage of Communication Technology: Trends to 2030},
JOURNAL = {Challenges},
VOLUME = {6},
YEAR = {2015},
NUMBER = {1},
PAGES = {117--157},
URL = {https://www.mdpi.com/2078-1547/6/1/117},
ISSN = {2078-1547},
ABSTRACT = {This work presents an estimation of the global electricity usage that can be ascribed to Communication Technology (CT) between 2010 and 2030. The scope is three scenarios for use and production of consumer devices, communication networks and data centers. Three different scenarios, best, expected, and worst, are set up, which include annual numbers of sold devices, data traffic and electricity intensities/efficiencies. The most significant trend, regardless of scenario, is that the proportion of use-stage electricity by consumer devices will decrease and will be transferred to the networks and data centers. Still, it seems like wireless access networks will not be the main driver for electricity use. The analysis shows that for the worst-case scenario, CT could use as much as 51% of global electricity in 2030. This will happen if not enough improvement in electricity efficiency of wireless access networks and fixed access networks/data centers is possible. However, until 2030, globally-generated renewable electricity is likely to exceed the electricity demand of all networks and data centers. Nevertheless, the present investigation suggests, for the worst-case scenario, that CT electricity usage could contribute up to 23% of the globally released greenhouse gas emissions in 2030.},
DOI = {10.3390/challe6010117}
}
 
 @article{
recalibrating2020,
author = {Eric Masanet  and Arman Shehabi  and Nuoa Lei  and Sarah Smith  and Jonathan Koomey },
title = {Recalibrating global data center energy-use estimates},
journal = {Science},
volume = {367},
number = {6481},
pages = {984-986},
year = {2020},
doi = {10.1126/science.aba3758},
URL = {https://www.science.org/doi/abs/10.1126/science.aba3758},
eprint = {https://www.science.org/doi/pdf/10.1126/science.aba3758},
abstract = {Growth in energy use has slowed owing to efficiency gains that smart policies can help maintain in the near term Data centers represent the information backbone of an increasingly digitalized world. Demand for their services has been rising rapidly (1), and data-intensive technologies such as artificial intelligence, smart and connected energy systems, distributed manufacturing systems, and autonomous vehicles promise to increase demand further (2). Given that data centers are energy-intensive enterprises, estimated to account for around 1\% of worldwide electricity use, these trends have clear implications for global energy demand and must be analyzed rigorously. Several oft-cited yet simplistic analyses claim that the energy used by the world's data centers has doubled over the past decade and that their energy use will triple or even quadruple within the next decade (3–5). Such estimates contribute to a conventional wisdom (5, 6) that as demand for data center services rises rapidly, so too must their global energy use. But such extrapolations based on recent service demand growth indicators overlook strong countervailing energy efficiency trends that have occurred in parallel (see the first figure). Here, we integrate new data from different sources that have emerged recently and suggest more modest growth in global data center energy use (see the second figure). This provides policy-makers and energy analysts a recalibrated understanding of global data center energy use, its drivers, and near-term efficiency potential.}}
 
 
@INPROCEEDINGS{IoTEnergy2019,
  author={Shin, Hyungsik and Lee, Ho Kyoung and Cha, Ho-Young and Heo, Seo Weon and Kim, Hyungtak},
  booktitle={2019 International Conference on Artificial Intelligence in Information and Communication (ICAIIC)}, 
  title={IoT Security Issues and Light Weight Block Cipher}, 
  year={2019},
  volume={},
  number={},
  pages={381-384},
  doi={10.1109/ICAIIC.2019.8669029}}


@article{fileSize,
  title={How Big Are Peoples' Computer Files? File Size Distributions Among User-managed Collections},
  author={Dinneen, Jesse David and Nguyen, Ba Xuan},
  journal={Proceedings of the Association for Information Science and Technology},
  volume={58},
  number={1},
  pages={425--429},
  year={2021},
  publisher={Wiley Online Library}
}


 @online{AVStat,
 title={2023 Antivirus Market Annual Report},
 year={2023},
 url={https://www.security.org/antivirus/antivirus-consumer-report-annual/}}

 @online{EEA,
 title={EEA - environmental impact of energy},
 year={2004},
 url={https://www.eea.europa.eu/help/glossary/eea-glossary/environmental-impact-of-energy}}

 @misc{Overlap,
 title={Are Overlapping Security Tools Adversely Impacting Your Security Posture?},
author={Kevin Townsend},
 year={2020},
 howpublished ={\url{https://www.securityweek.com/are-overlapping-security-tools-adversely-impacting-your-security-posture/}}}


 @misc{annual_co2_emmisions_worldwide,
 title={Annual carbon dioxide (\ensuremath{\mathrm{CO_2}}) emissions worldwide from 1940 to 2023},
author={Ian Tiseo},
 year={2023},
 howpublished ={\url{https://www.statista.com/statistics/276629/global-co2-emissions/}}}



@article{environmental_damage_caused_by_fossil_fuels,
  title={Monetization of the environmental damage caused by fossil fuels},
  author={Hassan, Ather and Ilyas, Syed Zafar and Jalil, Abdul and Ullah, Zahid},
  journal={Environmental Science and Pollution Research},
  volume={28},
  pages={21204--21211},
  year={2021},
  publisher={Springer}
}

@article{fossil_fuels_and_climate_change,
  title={Fossil fuels and climate change},
  author={Soeder, Daniel J and Soeder, Daniel J},
  journal={Fracking and the Environment: A scientific assessment of the environmental risks from hydraulic fracturing and fossil fuels},
  pages={155--185},
  year={2021},
  publisher={Springer}
}

@article{Climate_change_fossil_fuel_pollution_children_health,
  title={Climate change, fossil-fuel pollution, and children’s health},
  author={Perera, Frederica and Nadeau, Kari},
  journal={New England Journal of Medicine},
  volume={386},
  number={24},
  pages={2303--2314},
  year={2022},
  publisher={Mass Medical Soc}
}

@article{reduce_off_state_leakage,
  title={A method for reduction of off state leakage current in symmetric DG JLT},
  author={Sarma, Kaushik Chandra Deva and Sharma, Santanu},
  journal={Engineering Research Express},
  volume={1},
  number={1},
  pages={015034},
  year={2019},
  publisher={IOP Publishing}
}

@article{survey_of_leakage_reduction_techniques,
  title={A survey of leakage reduction techniques in CMOS digital circuits for nanoscale regime},
  author={Sharma, Vijay Kumar},
  journal={Australian journal of electrical and electronics Engineering},
  volume={18},
  number={4},
  pages={217--236},
  year={2021},
  publisher={Taylor \& Francis}
}

@article{do_you_have_too_much_security,
  title={Do you have too much security?},
  author={Mansfield-Devine, Steve},
  journal={Network Security},
  volume={2023},
  number={3},
  year={2023},
  publisher={MA Business London}
}

@inproceedings{timestomping,
  title={Time for truth: Forensic analysis of ntfs timestamps},
  author={Galhuber, Michael and Luh, Robert},
  booktitle={Proceedings of the 16th International Conference on Availability, Reliability and Security},
  pages={1--10},
  year={2021}
}

@article{sprirel_asaf,
  title={Cost-effective ensemble models selection using deep reinforcement learning},
  author={Birman, Yoni and Hindi, Shaked and Katz, Gilad and Shabtai, Asaf},
  journal={Information Fusion},
  volume={77},
  pages={133--148},
  year={2022},
  publisher={Elsevier}
}

@inproceedings{designing_energy_aware_cybersecurity_Policies,
  title={Towards Designing Energy-Aware Cybersecurity Policies},
  author={Salnitri, Mattia and Plebani, Pierluigi and Raffone, Alessandra},
  booktitle={International Conference on Advanced Information Systems Engineering},
  pages={26--33},
  year={2023},
  organization={Springer}
}

@article{rank_program_languages_by_energy_using_rapl,
  title={Ranking programming languages by energy efficiency},
  author={Pereira, Rui and Couto, Marco and Ribeiro, Francisco and Rua, Rui and Cunha, J{\'a}come and Fernandes, Jo{\~a}o Paulo and Saraiva, Jo{\~a}o},
  journal={Science of Computer Programming},
  volume={205},
  pages={102609},
  year={2021},
  publisher={Elsevier}
}

@article{rapl_adventages_and_weaknesses,
  title={RAPL in Action: Experiences in Using RAPL for Power measurements},
  author={Khan, Kashif Nizam and Hirki, Mikael and Niemi, Tapio and Nurminen, Jukka K and Ou, Zhonghong},
  journal={ACM Transactions on Modeling and Performance Evaluation of Computing Systems (TOMPECS)},
  volume={3},
  number={2},
  pages={1--26},
  year={2018},
  publisher={ACM New York, NY, USA}
}


@online{raplcap_github,
title={RAPLCap: C interface for getting/setting power caps with Intel RAPL},
year={2023},
url={https://github.com/powercap/raplcap}}

@misc{full_scan_frequency_colocation_america,
author = {Katrina Matthews},
title={Anti-Virus Software: How Often to Run and Why?},
year={2014},
howpublished ={\url{https://www.colocationamerica.com/blog/anti-virus-software-how-often-to-run-and-why}}}


@misc{full_scan_frequency_windowscentral,
author = {Jennifer Allen},
title={5 reasons you should run an antivirus scan at least once each week},
year={2020},
howpublished ={\url{https://www.windowscentral.com/5-reasons-you-should-run-antivirus-scan-least-once-each-week}}}

@misc{full_scan_frequency_avira,
author = {Avira},
title={How often should I scan my PC for malware?},
year={2019},
howpublished ={\url{https://www.avira.com/en/blog/how-often-should-i-scan-my-pc-for-malware}}}

@misc{antivirus_scan_frequency_kaspersky,
author = {Kaspersky},
title={How to Run a Virus Scan the right way: Step-by-Step Guide},
howpublished ={\url{https://usa.kaspersky.com/resource-center/preemptive-safety/how-to-run-a-virus-scan}}}

@misc{keysight_current_measurement,
author = {Keysight},
title={How to Select the Right Current Probe},
year={2018},
howpublished ={\url{https://www.keysight.com/us/en/assets/7018-05961/application-notes/5992-2656.pdf?success=true}}}

@article{rapl_measurements,
  title={Measuring energy consumption for short code paths using RAPL},
  author={H{\"a}hnel, Marcus and D{\"o}bel, Bj{\"o}rn and V{\"o}lp, Marcus and H{\"a}rtig, Hermann},
  journal={ACM SIGMETRICS Performance Evaluation Review},
  volume={40},
  number={3},
  pages={13--17},
  year={2012},
  publisher={ACM New York, NY, USA}
}

@article{offloading_key_establishment_in_iot,
  title={Lightweight collaborative key establishment scheme for the Internet of Things},
  author={Saied, Yosra Ben and Olivereau, Alexis and Zeghlache, Djamal and Laurent, Maryline},
  journal={Computer Networks},
  volume={64},
  pages={273--295},
  year={2014},
  publisher={Elsevier}
}

@article{phishing_techniques,
  title={Web phishing detection techniques: a survey on the state-of-the-art, taxonomy and future directions},
  author={Vijayalakshmi, M and Mercy Shalinie, S and Yang, Ming Hour and U, Raja Meenakshi},
  journal={Iet Networks},
  volume={9},
  number={5},
  pages={235--246},
  year={2020},
  publisher={Wiley Online Library}
}

@misc{wmi,
author = {Tim Golden},
title={WMI},
howpublished ={\url{https://pypi.org/project/WMI/}}}

@article{cic_ids_dataset,
  title={Toward generating a new intrusion detection dataset and intrusion traffic characterization.},
  author={Sharafaldin, Iman and Lashkari, Arash Habibi and Ghorbani, Ali A},
  journal={ICISSp},
  volume={1},
  pages={108--116},
  year={2018}
}

@misc{upower,
author = {David Zeuthen},
title={WMI},
howpublished ={\url{https://manpages.ubuntu.com/manpages/jammy/man1/upower.1.html}}}

@misc{psutil,
author = {Giampaolo Rodola},
title={Psutil},
howpublished ={\url{https://github.com/giampaolo/psutil}}}

@misc{windows_defender,
title={Windows Defender Antivirus},
author = {Microsoft},
howpublished ={\url{https://learn.microsoft.com/en-us/microsoft-365/security/defender-endpoint/microsoft-defender-antivirus-windows?view=o365-worldwide}}}

@misc{clamav,
title={ClamAV},
author = {Cisco Talos},
howpublished ={\url{https://www.clamav.net/}}}

@misc{clamav_signatures_tracker,
title={ClamAV Signatures Tracker},
author = {Loxkim},
howpublished ={\url{https://github.com/loxkim/clamav}}}

@misc{snort_ids,
title={Snort},
author = {Snort},
howpublished ={\url{https://www.snort.org/}}}

@misc{scikit_learn_package,
title={scikit-learn},
author = {INRIA},
howpublished ={\url{https://scikit-learn.org/stable/}}}

@misc{heavy_load_documentation,
title={HeavyLoad},
author = {JAM software},
howpublished ={\url{https://www.jam-software.com/heavyload}}}

@misc{ict_and_cybersecurity_energy_consumption,
title={Energy Consumption by ICT and Cybersecurity at the Time of COP26},
author = {Erol Gelenbe},
year={2021},
url ={https://iotac.eu/energy-consumption-by-ict-and-cybersecurity-at-the-time-of-cop26/}}


@techreport{energy_consumption_of_ict_infrastructure,
    author       = {Gr{\"{u}}nwald, Reinhard and Caviezel, Claudio},
    year         = {2022},
    title        = {Energy consumption of ICT infrastructure},
    doi          = {10.5445/IR/1000152733},
    institution  = {{B{\"{u}}ro f{\"{u}}r Technikfolgen-Absch{\"{a}}tzung beim Deutschen Bundestag (TAB)}},
    issn         = {2364-2645},
    series       = {TAB-Fokus},
    note         = {46.24.01; LK 01},
    keywords     = {Energy consumption; Information and communication technology; Technology assessment; Blockchain; Digital media; Digitalisation; Energy saving; Renewable energy; Buildings; Building energy efficiency; Internet; Data centre; Telecommunication network; Virtual currency},
    pagetotal    = {4},
    language     = {english},
    volume       = {35}
}


@misc{uk_parliment_ict_energy_consumption,
title={Energy Consumption of ICT},
author = {UK Parliament},
year={2022},
howpublished ={\url{https://researchbriefings.files.parliament.uk/documents/POST-PN-0677/POST-PN-0677.pdf}}}

@inproceedings{malware_detection_techniques,
  title={A Survey on malware detection techniques},
  author={Alsmadi, Tibra and Alqudah, Nour},
  booktitle={2021 International Conference on Information Technology (ICIT)},
  pages={371--376},
  year={2021},
  organization={IEEE}
}

@inproceedings{signature_based_antivirus_string_matching,
  title={Review of signature-based techniques in antivirus products},
  author={Al-Asli, Mohammed and Ghaleb, Taher Ahmed},
  booktitle={2019 International Conference on Computer and Information Sciences (ICCIS)},
  pages={1--6},
  year={2019},
  organization={IEEE}
}

@article{comprehensive_survey_on_malware_detection_techniques,
  title={Malware detection issues, challenges, and future directions: A survey},
  author={Aboaoja, Faitouri A and Zainal, Anazida and Ghaleb, Fuad A and Al-rimy, Bander Ali Saleh and Eisa, Taiseer Abdalla Elfadil and Elnour, Asma Abbas Hassan},
  journal={Applied Sciences},
  volume={12},
  number={17},
  pages={8482},
  year={2022},
  publisher={MDPI}
}

@article{ml_methods_malware_detection_survey,
  title={A survey on machine learning-based malware detection in executable files},
  author={Singh, Jagsir and Singh, Jaswinder},
  journal={Journal of Systems Architecture},
  volume={112},
  pages={101861},
  year={2021},
  publisher={Elsevier}
}

@inproceedings{malware_evolution_and_detection_techniques,
  title={Evolution of malware and its detection techniques},
  author={Sahay, Sanjay K and Sharma, Ashu and Rathore, Hemant},
  booktitle={Information and Communication Technology for Sustainable Development: Proceedings of ICT4SD 2018},
  pages={139--150},
  year={2020},
  organization={Springer}
}

@article{heuristic_and_behavioral_detect_unknown_malwares,
  title={A comprehensive review on malware detection approaches},
  author={Aslan, {\"O}mer Aslan and Samet, Refik},
  journal={IEEE access},
  volume={8},
  pages={6249--6271},
  year={2020},
  publisher={IEEE}
}

@inproceedings{methods_for_malware_detection_focus_on_heuristic,
  title={A survey on heuristic malware detection techniques},
  author={Bazrafshan, Zahra and Hashemi, Hashem and Fard, Seyed Mehdi Hazrati and Hamzeh, Ali},
  booktitle={The 5th Conference on Information and Knowledge Technology},
  pages={113--120},
  year={2013},
  organization={IEEE}
}

@article{timstomping_detection_ml,
  title={Detection of Timestamps Tampering in NTFS using Machine Learning},
  author={Mohamed, Alji and Khalid, Chougdali},
  journal={Procedia Computer Science},
  volume={160},
  pages={778--784},
  year={2019},
  publisher={Elsevier}
}

@article{timestomping_ntfs,
  title={Timestomping ntfs},
  author={Minnaard, Wicher and de Laat, CTAM and van Loosen MSc, M},
  journal={IMSc final research project report, University of Amsterdam, Faculty of Natural Sciences, Mathematics and Computer Science},
  year={2014}
}

@article{timestomping_detection_usnjrnl_and_logfile,
  title={Artifacts for detecting timestamp manipulation in NTFS on windows and their reliability},
  author={Palmbach, David and Breitinger, Frank},
  journal={Forensic Science International: Digital Investigation},
  volume={32},
  pages={300920},
  year={2020},
  publisher={Elsevier}
}

@article{xai_survey_2022,
  title={Explainable Artificial Intelligence (XAI): Concepts, taxonomies, opportunities and challenges toward responsible AI},
  author={Arrieta, Alejandro Barredo and D{\'\i}az-Rodr{\'\i}guez, Natalia and Del Ser, Javier and Bennetot, Adrien and Tabik, Siham and Barbado, Alberto and Garc{\'\i}a, Salvador and Gil-L{\'o}pez, Sergio and Molina, Daniel and Benjamins, Richard and others},
  journal={Information fusion},
  volume={58},
  pages={82--115},
  year={2020},
  publisher={Elsevier}
}

@article{Ids_Iot_A_comprehensive_investigation,
  title={Intrusion detection systems in the Internet of things: A comprehensive investigation},
  author={Hajiheidari, Somayye and Wakil, Karzan and Badri, Maryam and Navimipour, Nima Jafari},
  journal={Computer Networks},
  volume={160},
  pages={165--191},
  year={2019},
  publisher={Elsevier}
}

@article{surveying_port_scans_and_their_detection_methodologies,
  title={Surveying port scans and their detection methodologies},
  author={Bhuyan, Monowar H and Bhattacharyya, Dhruba Kr and Kalita, Jugal K},
  journal={The Computer Journal},
  volume={54},
  number={10},
  pages={1565--1581},
  year={2011},
  publisher={Oxford University Press}
}

@article{detection_of_ddos_on_software_defined_networking_controller_review,
  title={Detection techniques of distributed denial of service attacks on software-defined networking controller--a review},
  author={Aladaileh, Mohammad A and Anbar, Mohammed and Hasbullah, Iznan H and Chong, Yung-Wey and Sanjalawe, Yousef K},
  journal={IEEE Access},
  volume={8},
  pages={143985--143995},
  year={2020},
  publisher={IEEE}
}

@article{big_data_analytics_adoption_for_cybersecurity,
  title={Big Data Analytics Adoption for Cybersecurity: A Review of Current Solutions, Requirements, Challenges and Trends.},
  author={Rassam, Murad A and Maarof, Mohd and Zainal, Anazida and others},
  journal={Journal of Information Assurance \& Security},
  volume={12},
  number={4},
  year={2017}
}

@article{anti_forensic_study,
  title={Anti-forensic study},
  author={Zdzichowski, Patrycjusz and Sadlon, Michal and V{\"a}is{\"a}nen, Teemu Uolevi and Munoz, Alvaro Botas and Filipczak, Karina},
  journal={NATO CCD COE, Tallinn},
  year={2015}
}

@misc{sophos_market_share,
author = {6sense},
title={Market Share of Sophos},
howpublished ={\url{https://6sense.com/tech/antivirus/sophos-market-share}}}


% Abbreviations for some of our favorite conference.

@string{EuroSP="IEEE European Symposium on Security and Privacy"}
@string{NorCalSP="IEEE Symposium on Security and Privacy"}
@string{CCS="ACM Conference on Computer and Communications Security"}
@string{USEC="USENIX Security Symposium"}
@string{NDSS = "Network and Distributed System Security"}
@string{PETS = "Privacy Enhancing Technologies Symposium"}

%Entries

@article{hassanien2020machine,
  title={Machine learning in telemetry data mining of space mission: basics, challenging and future directions},
  author={Hassanien, Aboul Ella and Darwish, Ashraf and Abdelghafar, Sara},
  journal={Artificial Intelligence Review},
  volume={53},
  pages={3201--3230},
  year={2020},
  publisher={Springer}
}

@incollection{nguyen2020communication,
  title={Communication subsystems for satellite design},
  author={Nguyen, Hung H and Nguyen, Peter S},
  booktitle={Satellite Systems-Design, Modeling, Simulation and Analysis},
  year={2020},
  publisher={IntechOpen}
}

@inproceedings{eger2008orion,
  title={Orion's Command and Data Handling Architecture},
  author={Eger, George},
  booktitle={AIAA Space 2008 Conference \& Exposition},
  pages={7743},
  year={2008}
}

@inproceedings{giuliari2021icarus,
  title={ICARUS: Attacking low Earth orbit satellite networks.},
  author={Giuliari, Giacomo and Ciussani, Tommaso and Perrig, Adrian and Singla, Ankit and Zurich, E},
  booktitle={USENIX Annual Technical Conference},
  pages={317--331},
  year={2021}
}

@article{pavur2022building,
  title={Building a launchpad for satellite cyber-security research: lessons from 60 years of spaceflight},
  author={Pavur, James and Martinovic, Ivan},
  journal={Journal of Cybersecurity},
  volume={8},
  number={1},
  pages={tyac008},
  year={2022},
  publisher={Oxford University Press}
}

@article{tedeschi2022satellite,
  title={Satellite-based communications security: A survey of threats, solutions, and research challenges},
  author={Tedeschi, Pietro and Sciancalepore, Savio and Di Pietro, Roberto},
  journal={Computer Networks},
  pages={109246},
  year={2022},
  publisher={Elsevier}
}

@article{falco2019cybersecurity,
  title={Cybersecurity principles for space systems},
  author={Falco, Gregory},
  journal={Journal of Aerospace Information Systems},
  volume={16},
  number={2},
  pages={61--70},
  year={2019},
  publisher={American Institute of Aeronautics and Astronautics}
}

@article{manulis2021cyber,
  title={Cyber security in new space: analysis of threats, key enabling technologies and challenges},
  author={Manulis, Mark and Bridges, Christopher P and Harrison, Richard and Sekar, Venkkatesh and Davis, Andy},
  journal={International Journal of Information Security},
  volume={20},
  pages={287--311},
  year={2021},
  publisher={Springer}
}



@inproceedings{li2018security,
  title={Security mechanisms to defend against new attacks on software-defined radio},
  author={Li, Ke and Yu, Xiangzhan and Zhang, Hongli and Wu, Longfei and Du, Xiaojiang and Ratazzi, Paul and Guizani, Mohsen},
  booktitle={2018 international conference on computing, networking and communications (ICNC)},
  pages={537--541},
  year={2018},
  organization={IEEE}
}
@article{hosel2014failure,
  title={Failure modes and fast repair procedures in high voltage organic solar cell installations},
  author={H{\"o}sel, Markus and S{\o}ndergaard, Roar R and J{\o}rgensen, Mikkel and Krebs, Frederik C},
  journal={Advanced Energy Materials},
  volume={4},
  number={7},
  pages={1301625},
  year={2014},
  publisher={Wiley Online Library}
}

@inproceedings{falco2021cubesat,
  title={Cubesat security attack tree analysis},
  author={Falco, Gregory and Viswanathan, Arun and Santangelo, Andrew},
  booktitle={2021 IEEE 8th International Conference on Space Mission Challenges for Information Technology (SMC-IT)},
  pages={68--76},
  year={2021},
  organization={IEEE}
}

@incollection{falco2020satellites,
  title={When satellites attack: Satellite-to-satellite cyber attack, defense and resilience},
  author={Falco, Gregory},
  booktitle={ASCEND 2020},
  pages={4014},
  year={2020}
}


@inproceedings{baselt2022security,
  title={Security and Privacy Issues of Satellite Communication in the Avlatlon Domain},
  author={Baselt, Georg and Strohmeier, Martin and Pavur, James and Lenders, Vincent and Martinovic, Ivan},
  booktitle={2022 14th International Conference on Cyber Conflict: Keep Moving!(CyCon)},
  volume={700},
  pages={285--307},
  year={2022},
  organization={IEEE}
}
@article{zhuo2021survey,
  title={Survey on security issues of routing and anomaly detection for space information networks},
  author={Zhuo, Ming and Liu, Leyuan and Zhou, Shijie and Tian, Zhiwen},
  journal={Scientific Reports},
  volume={11},
  number={1},
  pages={22261},
  year={2021},
  publisher={Nature Publishing Group UK London}
}

@article{wu2020spoofing,
  title={Spoofing and anti-spoofing technologies of global navigation satellite system: A survey},
  author={Wu, Zhijun and Zhang, Yun and Yang, Yiming and Liang, Cheng and Liu, Rusen},
  journal={IEEE Access},
  volume={8},
  pages={165444--165496},
  year={2020},
  publisher={IEEE}
}

@article{fritz2013satellite,
  title={Satellite hacking: A guide for the perplexed},
  author={Fritz, Jason},
  journal={Culture Mandala},
  volume={10},
  number={1},
  pages={5906},
  year={2013},
  publisher={Bond University}
}
@book{dacey2002critical,
  title={Critical Infrastructure Protection: Commercial Satellite Security Should Be More Fully Addressed},
  author={Dacey, Robert F},
  year={2002},
  publisher={Diane Publishing}
}

@article{humphreys2013ut,
  title={Ut austin researchers spoof superyacht at sea},
  author={Humphreys, T},
  journal={URL: https://cockrell. utexas. edu/news/archive/7649-superyacht-gps-spoofing},
  year={2013}
}

@article{lied2017gps,
  title={Gps freaking out? maybe you’re too close to putin},
  author={Lied, Henrik},
  journal={NRK beta, September},
  volume={18},
  year={2017}
}
@article{davis1986captain,
  title={Captain Midnight Unmasked by FCC, Enters Guilty Plea},
  author={Davis, Bob},
  journal={Wall Street Journal},
  pages={1},
  year={1986}
}

@article{epstein2008network,
  title={Network security breaches plague nasa},
  author={Epstein, Keith and Elgin, Ben},
  journal={Business Week Online--http://www. businessweek. com/magazine/content/08\_48},
  year={2008}
}

@article{o2017insights,
  title={Insights into Iranian cyber espionage: APT33 targets aerospace and energy sectors and has ties to destructive malware},
  author={O’Leary, Jacqueline and Kimble, Josiah and Vanderlee, Kelli and Fraser, Nalani},
  journal={Threat Research Blog},
  year={2017}
}

@inproceedings{del2013towards,
  title={Towards a cybersecurity policy for a sustainable, secure and safe space environment},
  author={del Monte, Luca},
  booktitle={Proceedings of the 64th International Astronautical Congress (IAC)},
  year={2013}
}
@article{zhang2022security,
  title={Security Performance Analysis of LEO Satellite Constellation Networks under DDoS Attack},
  author={Zhang, Yan and Wang, Yong and Hu, Yihua and Lin, Zhi and Zhai, Yadi and Wang, Lei and Zhao, Qingsong and Wen, Kang and Kang, Linshuang},
  journal={Sensors},
  volume={22},
  number={19},
  pages={7286},
  year={2022},
  publisher={MDPI}
}
@article{book2006security,
  title={Security threats against space missions},
  author={Book, Green},
  journal={CCSDS Secretariat: Washington, DC, USA},
  year={2006}
}
@incollection{boschetti2022space,
  title={Space Cybersecurity Lessons Learned from The ViaSat Cyberattack},
  author={Boschetti, Nicol{\`o} and Gordon, Nathaniel G and Falco, Gregory},
  booktitle={ASCEND 2022},
  pages={4380},
  year={2022}
}
@incollection{cohen2016spacecraft,
  title={Spacecraft embedded cyber defense-prototypes \& experimentation},
  author={Cohen, Nicholas and Wheeler, Wayne A and Ewart, Roberta and Betser, Joseph},
  booktitle={AIAA SPACE 2016},
  pages={5231},
  year={2016}
}
@book{us2019report,
  title={report to congress of the US-China economic and security review commission},
  author={US-China Economic and Security Review Commission},
  year={2019},
  publisher={US-China Economic and Security Review Commission}
}
@article{colton2016supporting,
  title={Supporting the flock: building a ground station network for autonomy and reliability},
  author={Colton, Kyle and Klofas, Bryan},
  year={2016}
}
@article{ray2022review,
  title={A review on 6G for space-air-ground integrated network: Key enablers, open challenges, and future direction},
  author={Ray, Partha Pratim},
  journal={Journal of King Saud University-Computer and Information Sciences},
  volume={34},
  number={9},
  pages={6949--6976},
  year={2022},
  publisher={Elsevier}
}
@incollection{guest2017telemetry,
  title={Telemetry, tracking, and command (TT\&C)},
  author={Guest, Arthur Norman},
  booktitle={Handbook of Satellite Applications},
  pages={1313--1324},
  year={2017},
  publisher={Springer}
}
@incollection{SOBOLEWSKI2003277,
title = {Data Transmission Media},
editor = {Robert A. Meyers},
booktitle = {Encyclopedia of Physical Science and Technology (Third Edition)},
publisher = {Academic Press},
edition = {Third Edition},
address = {New York},
pages = {277-303},
year = {2003},
isbn = {978-0-12-227410-7},
doi = {https://doi.org/10.1016/B0-12-227410-5/00165-4},
url = {https://www.sciencedirect.com/science/article/pii/B0122274105001654},
author = {John S. Sobolewski}
}

@article{abe2018frequency,
  title={Frequency resource management based on model predictive control for satellite communications system},
  author={Abe, Yuma and Tsuji, Hiroyuki and Miura, Amane and Adachi, Shuichi},
  journal={IEICE Transactions on Fundamentals of Electronics, Communications and Computer Sciences},
  volume={101},
  number={12},
  pages={2434--2445},
  year={2018},
  publisher={The Institute of Electronics, Information and Communication Engineers}
}

@article{lin20215g,
  title={5G from space: An overview of 3GPP non-terrestrial networks},
  author={Lin, Xingqin and Rommer, Stefan and Euler, Sebastian and Yavuz, Emre A and Karlsson, Robert S},
  journal={IEEE Communications Standards Magazine},
  volume={5},
  number={4},
  pages={147--153},
  year={2021},
  publisher={IEEE}
}
@incollection{strom2018mitre,
  title={Mitre att\&ck: Design and philosophy},
  author={Strom, Blake E and Applebaum, Andy and Miller, Doug P and Nickels, Kathryn C and Pennington, Adam G and Thomas, Cody B},
  booktitle={Technical report},
  year={2018},
  publisher={The MITRE Corporation}
}
@article{rawlins2022death,
  title={Death By A Thousand COTS: Disrupting Satellite Communications using Low Earth Orbit Constellations},
  author={Rawlins, Frederick and Baker, Richard and Martinovic, Ivan},
  journal={arXiv preprint arXiv:2204.13514},
  year={2022}
}
@techreport{lee2023vulnerabilities,
  title={The Vulnerabilities Less Exploited: Cyberattacks on End-of-Life Satellites},
  author={Lee, Frank and Falco, Gregory},
  year={2023},
  institution={EasyChair}
}

@article{way2019counterspace,
  title={Counterspace Weapons 101},
  author={Way, Tyler},
  journal={Aero Space Security (CSIS)},
  year={2019}
}

@inproceedings{falco2018vacuum,
  title={The vacuum of space cyber security},
  author={Falco, Gregory},
  booktitle={2018 AIAA SPACE and Astronautics Forum and Exposition},
  pages={5275},
  year={2018}
}
@incollection{falco2021security,
  title={A security risk taxonomy for commercial space missions},
  author={Falco, Gregory and Boschetti, Nicolo},
  booktitle={ASCEND 2021},
  pages={4241},
  year={2021}
}

@inproceedings{liu2015research,
  title={Research of Satellite Receiver Anti-replay Attack Techniques},
  author={Liu, Mengjiang and Deng, Zhixin and Jun, Li},
  booktitle={China Satellite Navigation Conference (CSNC) 2015 Proceedings: Volume I},
  pages={503--516},
  year={2015},
  organization={Springer}
}

@Inbook{You2021,
author="You, Rui
and Gao, Wenjun
and Wu, Chunbang
and Li, Hongbin",
title="Low-Frequency Antenna and Small Satellite Antenna",
bookTitle="Technologies for Spacecraft Antenna Engineering Design ",
year="2021",
publisher="Springer Singapore",
address="Singapore",
pages="231--247",
abstract="VHF and UHF bands are widely used in special communication satellite, small satellite, etc. This chapter provides UHF deployable helix antennas for communication satellite, and introduces some typical antennas used in small satellite.",
isbn="978-981-15-5833-7",
doi="10.1007/978-981-15-5833-7_8",
url="https://doi.org/10.1007/978-981-15-5833-7_8"
}



@article{bateman2022mutually,
  title={Mutually assured surveillance at risk: Anti-satellite weapons and cold war arms control},
  author={Bateman, Aaron},
  journal={Journal of Strategic Studies},
  volume={45},
  number={1},
  pages={119--142},
  year={2022},
  publisher={Taylor \& Francis}
}
@article{yahia2022optical,
  title={Optical satellite eavesdropping},
  author={Yahia, Olfa Ben and Erdogan, Eylem and Kurt, Gunes Karabulut and Altunbas, Ibrahim and Yanikomeroglu, Halim},
  journal={IEEE Transactions on Vehicular Technology},
  volume={71},
  number={9},
  pages={10126--10131},
  year={2022},
  publisher={IEEE}
}

@book{harrison2020space,
  title={Space threat assessment 2020},
  author={Harrison, Todd and Johnson, Kaitlyn and Moye, Joe and Young, Makena and others},
  year={2020},
  publisher={Center for Strategic \& International Studies.}
}

@misc{kai2020handbook,
  title={Handbook of space security: policies, applications and programs},
  author={Kai, US and Peter, LH and Jana, R and others},
  year={2020},
  publisher={Springer New York}
}
@inproceedings{willbold2023space,
  title={Space Odyssey: An Experimental Software Security Analysis of Satellites},
  author={Willbold, Johannes and Schloegel, Moritz and V{\"o}gele, Manuel and Gerhardt, Maximilian and Holz, Thorsten and Abbasi, Ali},
  booktitle={IEEE Symposium on Security and Privacy},
  year={2023}
}
@article{cyrposition,
  title={Position Paper: Space System Threat Models Must Account for Satellite Sensor Spoofing},
  author={Cyr, Benjamin and Long, Yan and Sugawara, Takeshi and Fu, Kevin}
}

@INPROCEEDINGS{8170760,
  author={Wang, Qiwei and Nguyen, Thinh and Pham, Khanh and Kwon, Hyuck},
  booktitle={MILCOM 2017 - 2017 IEEE Military Communications Conference (MILCOM)}, 
  title={Satellite jamming: A game theoretic analysis}, 
  year={2017},
  volume={},
  number={},
  pages={141-146},
  doi={10.1109/MILCOM.2017.8170760}
}

@inproceedings{wang2017satellite,
  title={Satellite jamming: A game theoretic analysis},
  author={Wang, Qiwei and Nguyen, Thinh and Pham, Khanh and Kwon, Hyuck},
  booktitle={MILCOM 2017-2017 IEEE Military Communications Conference (MILCOM)},
  pages={141--146},
  year={2017},
  organization={IEEE}
}

@article{guerrero2022acidrain,
  title={AcidRain| A Modem Wiper Rains Down on Europe},
  author={Guerrero-Saade, Juan Andres and van Amerongen, Max},
  journal={Sentinel Labs},
  volume={31},
  year={2022}
}  
@article{willuhn2022satellite,
  title={Satellite cyber attack paralyzes 11GW of German wind turbines},
  author={Willuhn, Marian},
  year={2022}
}

@article{leyva2020leo,
  title={LEO small-satellite constellations for 5G and beyond-5G communications},
  author={Leyva-Mayorga, Israel and Soret, Beatriz and R{\"o}per, Maik and W{\"u}bben, Dirk and Matthiesen, Bho and Dekorsy, Armin and Popovski, Petar},
  journal={Ieee Access},
  volume={8},
  pages={184955--184964},
  year={2020},
  publisher={IEEE}
}
@inproceedings{ma2010protecting,
  title={Protecting satellite networks from disassociation DoS attacks},
  author={Ma, Ting and Lee, Yee Hui and Ma, Maode},
  booktitle={2010 IEEE International Conference on Communication Systems},
  pages={662--666},
  year={2010},
  organization={IEEE}
}
@article{ma2013protecting,
  title={Protecting satellite systems from disassociation DoS attacks},
  author={Ma, Ting and Lee, Yee Hui and Ma, Maode},
  journal={Wireless personal communications},
  volume={69},
  pages={623--638},
  year={2013},
  publisher={Springer}
}

@article{smailes2023dishing,
  title={Dishing out DoS: How to Disable and Secure the Starlink User Terminal},
  author={Smailes, Joshua and Salkield, Edd and Birnbach, Simon and Strohmeier, Martin and Martinovic, Ivan},
  journal={arXiv preprint arXiv:2303.00582},
  year={2023}
}

@article{perez2019signal,
  title={Signal processing for high-throughput satellites: Challenges in new interference-limited scenarios},
  author={Perez-Neira, Ana I and Vazquez, Miguel Angel and Shankar, MR Bhavani and Maleki, Sina and Chatzinotas, Symeon},
  journal={IEEE Signal Processing Magazine},
  volume={36},
  number={4},
  pages={112--131},
  year={2019},
  publisher={IEEE}
}

@article{darwish2022leo,
  title={LEO satellites in 5G and beyond networks: A review from a standardization perspective},
  author={Darwish, Tasneem and Kurt, Gunes Karabulut and Yanikomeroglu, Halim and Bellemare, Michel and Lamontagne, Guillaume},
  journal={IEEE Access},
  volume={10},
  pages={35040--35060},
  year={2022},
  publisher={IEEE}
}

@inproceedings{kodheli2017integration,
  title={Integration of Satellites in 5G through LEO Constellations},
  author={Kodheli, Oltjon and Guidotti, Alessandro and Vanelli-Coralli, Alessandro},
  booktitle={GLOBECOM 2017-2017 IEEE Global Communications Conference},
  pages={1--6},
  year={2017},
  organization={IEEE}
}

@article{di2019ultra,
  title={Ultra-dense LEO: Integration of satellite access networks into 5G and beyond},
  author={Di, Boya and Song, Lingyang and Li, Yonghui and Poor, H Vincent},
  journal={IEEE Wireless Communications},
  volume={26},
  number={2},
  pages={62--69},
  year={2019},
  publisher={IEEE}
}

@article{xie2021leo,
  title={LEO mega-constellations for 6G global coverage: Challenges and opportunities},
  author={Xie, Haoran and Zhan, Yafeng and Zeng, Guanming and Pan, Xiaohan},
  journal={IEEE Access},
  volume={9},
  pages={164223--164244},
  year={2021},
  publisher={IEEE}
}
@article{zhen2020energy,
  title={Energy-efficient random access for LEO satellite-assisted 6G internet of remote things},
  author={Zhen, Li and Bashir, Ali Kashif and Yu, Keping and Al-Otaibi, Yasser D and Foh, Chuan Heng and Xiao, Pei},
  journal={IEEE Internet of Things Journal},
  volume={8},
  number={7},
  pages={5114--5128},
  year={2020},
  publisher={IEEE}
}

@article{kim2020new,
  title={New era of air quality monitoring from space: Geostationary Environment Monitoring Spectrometer (GEMS)},
  author={Kim, Jhoon and Jeong, Ukkyo and Ahn, Myoung-Hwan and Kim, Jae H and Park, Rokjin J and Lee, Hanlim and Song, Chul Han and Choi, Yong-Sang and Lee, Kwon-Ho and Yoo, Jung-Moon and others},
  journal={Bulletin of the American Meteorological Society},
  volume={101},
  number={1},
  pages={E1--E22},
  year={2020}
}
@article{early2021spying,
  title={Spying from space: Reconnaissance satellites and interstate disputes},
  author={Early, Bryan R and Gartzke, Erik},
  journal={Journal of Conflict Resolution},
  volume={65},
  number={9},
  pages={1551--1575},
  year={2021},
  publisher={SAGE Publications Sage CA: Los Angeles, CA}
}

@article{shaofei2018analysis,
  title={Analysis of detection capabilities of LEO reconnaissance satellite constellation based on coverage performance},
  author={Shaofei, MENG and Jiansheng, SHU and Qi, YANG and Wei, XIA},
  journal={Journal of Systems Engineering and Electronics},
  volume={29},
  number={1},
  pages={98--104},
  year={2018},
  publisher={BIAI}
}
@article{united2008online,
  title={Online Index of Objects Launched into Outer Space},
  author={United Nations Office for Outer Space Affairs},
  year={2008}
}

@article{de2019degree,
  title={The degree of the lack of regulation of space debris within the current space law regime and suggestions for a prospective legal framework and technological interventions},
  author={de Waal Alberts, Anton},
  journal={Space Security and Legal Aspects of Active Debris Removal},
  pages={93--106},
  year={2019},
  publisher={Springer}
}
@inproceedings{jones2018recent,
  title={The recent large reduction in space launch cost},
  author={Jones, Harry},
  year={2018},
  organization={48th International Conference on Environmental Systems}
}
@article{pavur2020sok,
  title={Sok: Building a launchpad for impactful satellite cyber-security research},
  author={Pavur, James and Martinovic, Ivan},
  journal={arXiv preprint arXiv:2010.10872},
  year={2020}
}

@book{li2014geostationary,
  title={Geostationary satellites collocation},
  author={Li, Hengnian},
  year={2014},
  publisher={Springer}
}

@inproceedings{hiriart2009comparative,
  title={Comparative reliability of GEO, LEO, and MEO satellites},
  author={Hiriart, Thomas and Castet, Jean-Francois and Lafleur, Jarret M and Saleh, Joseph H},
  booktitle={Proceedings of the international astronautical congress, IAC-09 D},
  volume={1},
  year={2009}
}

@article{vatalaro1995analysis,
  title={Analysis of LEO, MEO, and GEO global mobile satellite systems in the presence of interference and fading},
  author={Vatalaro, Francesco and Corazza, Giovanni Emanuele and Caini, Carlo and Ferrarelli, Carlo},
  journal={IEEE Journal on selected areas in communications},
  volume={13},
  number={2},
  pages={291--300},
  year={1995},
  publisher={IEEE}
}

@book{harrison2022space,
  title={Space threat assessment 2022},
  author={Johnson, Harrison and Young, Wood and Goessler and others},
  year={2022},
  publisher={Center for Strategic \& International Studies.}
}

@article{martin2012nasa,
  title={Nasa cybersecurity: An examination of the agency’s information security},
  author={Martin, Paul K and General, Inspector},
  journal={NASA, Testimony Before the Subcommittee on Investigations and Oversight, US House of Representatives, House Committee on Science, Space, and Technology},
  volume={29},
  year={2012}
}
@article{costin2023cybersecurity,
  title={Cybersecurity of COSPAS-SARSAT and EPIRB: threat and attacker models, exploits, future research},
  author={Costin, Andrei and Khandker, Syed and Turtiainen, Hannu and H{\"a}m{\"a}l{\"a}inen, Timo},
  journal={arXiv preprint arXiv:2302.08361},
  year={2023}
}

@article{falco2018job,
  title={Job one for space force: Space asset cybersecurity},
  author={Falco, Gregory},
  journal={Belfer Center, Harvard Kennedy School, Belfer Center for Science and International Affairs, Harvard Kennedy School},
  volume={79},
  year={2018}
}

@article{nussbaum2020cybersecurity,
  title={Cybersecurity implications of commercial off the shelf (COTS) equipment in space infrastructure},
  author={Nussbaum, Brian and Berg, George},
  journal={Space infrastructures: From risk to resilience governance},
  pages={91--99},
  year={2020}
}
@inproceedings{singhal2010ontologies,
  title={Ontologies for modeling enterprise level security metrics},
  author={Singhal, Anoop and Wijesekera, Duminda},
  booktitle={Proceedings of the Sixth Annual Workshop on Cyber Security and Information Intelligence Research},
  pages={1--3},
  year={2010}
}

@article{addaim2010design,
  title={Design of low-cost telecommunications CubeSat-class spacecraft},
  author={Addaim, Adnane and Kherras, Abdelhaq and Zantou, El Bachir},
  journal={Aerospace Technologies Advancements},
  pages={293},
  year={2010},
  publisher={IntechOpen}
}

@article{baker2019amazon,
  title={Amazon Web Services (AWS) Cloud Platform for Satellite Data Processing},
  author={Baker, Richard and MacHarrie, Peter and Phung, Hieu and Hansford, Jonathan and Reddy, Jakku and Causey, Stephen and Sobanski, John and Walsh, Steven and Niemann, Ronald and Beall, Daniel},
  year={2019}
}
@article{menzel1994introducing,
  title={Introducing GOES-I: The first of a new generation of geostationary operational environmental satellites},
  author={Menzel, W Paul and Purdom, James FW},
  journal={Bulletin of the American Meteorological Society},
  volume={75},
  number={5},
  pages={757--782},
  year={1994},
  publisher={American Meteorological Society}
}

@book{goodman2019goes,
  title={The GOES-R series: a new generation of geostationary environmental satellites},
  author={Goodman, Steven J and Schmit, Timothy J and Daniels, Jaime and Redmon, Robert J},
  year={2019},
  publisher={Elsevier}
}
@article{parkinson1995history,
  title={A history of satellite navigation},
  author={Parkinson, Bradford W and Stansell, Thomas and Beard, Ronald and Gromov, Konstantine},
  journal={Navigation},
  volume={42},
  number={1},
  pages={109--164},
  year={1995},
  publisher={Wiley Online Library}
}
@book{morton2021position,
  title={Position, navigation, and timing technologies in the 21st century: Integrated satellite navigation, sensor systems, and civil applications, volume 1},
  author={Morton, Y Jade and van Diggelen, Frank and Spilker Jr, James J and Parkinson, Bradford W and Lo, Sherman and Gao, Grace},
  year={2021},
  publisher={John Wiley \& Sons}
}
@article{morales2019survey,
  title={A survey on coping with intentional interference in satellite navigation for manned and unmanned aircraft},
  author={Morales-Ferre, Ruben and Richter, Philipp and Falletti, Emanuela and de la Fuente, Alberto and Lohan, Elena Simona},
  journal={IEEE Communications Surveys \& Tutorials},
  volume={22},
  number={1},
  pages={249--291},
  year={2019},
  publisher={IEEE}
}
@article{kodheli2020satellite,
  title={Satellite communications in the new space era: A survey and future challenges},
  author={Kodheli, Oltjon and Lagunas, Eva and Maturo, Nicola and Sharma, Shree Krishna and Shankar, Bhavani and Montoya, Jesus Fabian Mendoza and Duncan, Juan Carlos Merlano and Spano, Danilo and Chatzinotas, Symeon and Kisseleff, Steven and others},
  journal={IEEE Communications Surveys \& Tutorials},
  volume={23},
  number={1},
  pages={70--109},
  year={2020},
  publisher={IEEE}
}

@article{habler2023assessing,
  title={Assessing Aircraft Security: A Comprehensive Survey and Methodology for Evaluation},
  author={Habler, Edan and Bitton, Ron and Shabtai, Asaf},
  journal={ACM Computing Surveys},
  year={2023},
  publisher={ACM New York, NY}
}
@article{miraux2022environmental,
  title={Environmental limits to the space sector's growth},
  author={Miraux, Lo{\"\i}s},
  journal={Science of The Total Environment},
  volume={806},
  pages={150862},
  year={2022},
  publisher={Elsevier}
}
@article{karvinen2015using,
  title={Using hobby prototyping boards and commercial-off-the-shelf (COTS) components for developing low-cost, fast-delivery satellite subsystems},
  author={Karvinen, Kimmo and Tikka, Tuomas and Praks, Jaan},
  journal={Journal of Small Satellites},
  volume={4},
  number={1},
  pages={301--314},
  year={2015}
}
@article{singh2020low,
  title={Low cost satellite constellations for nearly continuous global coverage},
  author={Singh, Lake A and Whittecar, William R and DiPrinzio, Marc D and Herman, Jonathan D and Ferringer, Matthew P and Reed, Patrick M},
  journal={Nature communications},
  volume={11},
  number={1},
  pages={200},
  year={2020},
  publisher={Nature Publishing Group UK London}
}

@article{rahmat2017satellites,
  title={For Satellites, Think Small, Dream Big: A review of recent antenna developments for CubeSats.},
  author={Rahmat-Samii, Yahya and Manohar, Vignesh and Kovitz, Joshua Michael},
  journal={IEEE Antennas and Propagation Magazine},
  volume={59},
  number={2},
  pages={22--30},
  year={2017},
  publisher={IEEE}
}

@article{strozzi2005survey,
  title={Survey and monitoring of landslide displacements by means of L-band satellite SAR interferometry},
  author={Strozzi, Tazio and Farina, Paolo and Corsini, Alessandro and Ambrosi, Christian and Th{\"u}ring, Manfred and Zilger, Johannes and Wiesmann, Andreas and Wegm{\"u}ller, Urs and Werner, Charles},
  journal={Landslides},
  volume={2},
  pages={193--201},
  year={2005},
  publisher={Springer}
}
@article{ilvcev2017users,
  title={Users Segment},
  author={Il{\v{c}}ev, Stoj{\v{c}}e Dimov and Il{\v{c}}ev, Stoj{\v{c}}e Dimov},
  journal={Global Mobile Satellite Communications Theory: For Maritime, Land and Aeronautical Applications},
  pages={511--580},
  year={2017},
  publisher={Springer}
}
@article{prior2008satellite,
  title={Satellite communications systems buyers’ guide},
  author={Prior-Jones, Michael},
  journal={British Antarctic Survey},
  year={2008}
}
@inproceedings{hadinger2015inmarsat,
  title={Inmarsat Global Xpress the design, implementation, and activation of a global Ka-band network},
  author={Hadinger, Peter},
  booktitle={33rd AIAA International Communications Satellite Systems Conference and Exhibition},
  pages={4303},
  year={2015}
}

@article{franchi2000broadband,
  title={Broadband mobile via satellite Inmarsat BGAN},
  author={Franchi, A and Howell, A and Sengupta, J},
  year={2000},
  publisher={IET}
}

@article{peter2015detection,
  title={Detection of the uplink of the Inmarsat satellite phone calls},
  author={P{\'e}ter, Sz{\H{u}}cs},
  journal={Nemzetbiztons{\'a}gi Szemle},
  volume={3},
  number={4},
  pages={35--42},
  year={2015}
}
@article{parthasarathy2022reaching,
  title={Reaching for the Sky--Bridging Distances},
  author={Parthasarathy, Anand},
  year={2022},
  publisher={NIScPR-CSIR, India}
}
@article{steinberger2008survey,
  title={A survey of satellite communications system vulnerabilities},
  author={Steinberger, Jessica A},
  year={2008}
}

@book{majumdar2010free,
  title={Free-space laser communications: principles and advances},
  author={Majumdar, Arun K and Ricklin, Jennifer C},
  volume={2},
  year={2010},
  publisher={Springer Science \& Business Media}
}

@book{hemmati2020near,
  title={Near-earth laser communications},
  author={Hemmati, Hamid},
  volume={1},
  year={2020},
  publisher={CRC press}
}
@misc{kopp1996electromagnetic,
  title={The electromagnetic bomb: a weapon of electrical mass destruction},
  author={Kopp, Carlo},
  year={1996},
  publisher={Monash University}
}
@inproceedings{wang2019power,
  title={Power grid resilience to electromagnetic pulse (EMP) disturbances: a literature review},
  author={Wang, Dingwei and Li, Yifu and Dehghanian, Payman and Wang, Shiyuan},
  booktitle={2019 North American Power Symposium (NAPS)},
  pages={1--6},
  year={2019},
  organization={IEEE}
}
@article{longmire1978electromagnetic,
  title={On the electromagnetic pulse produced by nuclear explosions},
  author={Longmire, Conrad L},
  journal={IEEE Transactions on Electromagnetic Compatibility},
  number={1},
  pages={3--13},
  year={1978},
  publisher={IEEE}
}
@article{schwelb1964nuclear,
  title={The nuclear Test Ban Treaty and international law},
  author={Schwelb, Egon},
  journal={American Journal of International Law},
  volume={58},
  number={3},
  pages={642--670},
  year={1964},
  publisher={Cambridge University Press}
}
@article{colgate1965phenomenology,
  title={The phenomenology of the mass motion of a high altitude nuclear explosion},
  author={Colgate, Stirling A},
  journal={Journal of Geophysical Research},
  volume={70},
  number={13},
  pages={3161--3173},
  year={1965},
  publisher={Wiley Online Library}
}
@incollection{jensen2020fancy,
  title={Fancy bears and digital trolls: Cyber strategy with a Russian twist},
  author={Jensen, Benjamin and Valeriano, Brandon and Maness, Ryan},
  booktitle={Military Strategy in the 21st Century},
  pages={58--80},
  year={2020},
  publisher={Routledge}
}
@inproceedings{mcgann2005analysis,
  title={An analysis of security threats and tools in SIP-based VoIP systems},
  author={McGann, Shawn and Sicker, Douglas C},
  booktitle={Second VoIP security workshop},
  year={2005}
}

@inproceedings{wu2018approach,
  title={An Approach of Security Protection for VSAT Network},
  author={Wu, Zhijun and Pan, Qingbo and Yue, Meng and Ma, Shaopu},
  booktitle={2018 17th IEEE International Conference On Trust, Security And Privacy In Computing And Communications/12th IEEE International Conference On Big Data Science And Engineering (TrustCom/BigDataSE)},
  pages={1511--1516},
  year={2018},
  organization={IEEE}
}

@misc{center2002cert,
  title={CERT Advisory CA-2002-03 Multiple Vulnerabilities in Many Implementations of the Simple Network Management Protocol (SNMP), 12 February},
  author={Center, CERT Coordination},
  year={2002}
}

@online{virgil2023,
  author={Labrador V},
  title={satellite communication},
  year={2023},
  month     = {9},
  day       = {29},
  publisher = {Britannica},
  url       = {https://www.britannica.com/technology/satellite-communication}
}

@online{mario2008,
  author    = {Heiderich M},
  title     = {Total surveillance made easy with VoIP phones},
  year      = {2008},
  month     = {2},
  day       = {11},
  publisher = {Gnucitizen},
  url       = {https://www.gnucitizen.org/blog/total-surveillance-made-easy-with-voip-phones/}
}
@inproceedings{lenhart2021relay,
  title={Relay/replay attacks on GNSS signals},
  author={Lenhart, Malte and Spanghero, Marco and Papadimitratos, Panagiotis},
  booktitle={Proceedings of the 14th ACM Conference on Security and Privacy in Wireless and Mobile Networks},
  pages={380--382},
  year={2021}
}

@online{cyberscoop2023,
  author    = {CyberScoop},
  title     = {CISA researchers: Russia's Fancy Bear infiltrated US satellite network},
  year      = {2022},
  month     = {12},
  day       = {16},
  publisher = {CyberScoop},
  url       = {https://cyberscoop.com/apt28-fancy-bear-satellite/},
  note      = {Accessed: October 8, 2023}
}
@online{strom2019,
  author= {Strom A},
  title = {ATT\&CK Sub-Techniques Preview},
  year      = {2019},
  month     = {08},
  day       = {22},
  publisher = {MITRE ATT\&CK®},
  url       = {https://medium.com/mitre-attack/attack-sub-techniques-preview-b79ff0ba669a}
}

@online{rainbow2023,
  author    = {Rainbow J},
  title     = {Thuraya invests in Astrocast’s LEO constellation},
  year      = {2023},
  month     = {04},
  day       = {03},
  publisher = {spacenews},
  url       = {https://spacenews.com/thuraya-invests-in-astrocasts-leo-constellation/}
}

@online{jaffar2022ntn,
  author    = {Jaffar M, Chuberre N},
  title     = {NTN \& Satellite in Rel-17 \& 18},
  year      = {2022},
  month     = {07},
  day       = {01},
  publisher = {3GPP},
  url       = {https://www.3gpp.org/news-events/partner-news/ntn-rel17}
}
@online{nassa2022,
  author    = {NASA Ames Research Center},
  title     = {State-of-the-Art of Small Spacecraft Technology
},
  year      = {2022},
  month     = {07},
  day       = {28},
  publisher = {NASA},
  url       = {https://www.nasa.gov/smallsat-institute/sst-soa/soa-communications/}
}
@online{dhs2022,
  author    = {DHS},
  title     = {Electromagnetic Pulse (EMP) / Geomagnetic Disturbance (GMD)},
  year      = {2022},
  month     = {08},
  day       = {03},
  publisher = {DHS science and technology},
  url       = {https://www.dhs.gov/science-and-technology/electromagnetic-pulse-empgeomagnetic-disturbance}
}

@online{viasat2022,
  author = {cyber peace institute},
  title  = {Case Study Viasat},
  year   = {2022},
  month  = {06},
  publisher = {cyber peace institute},
  url ={https://cyberconflicts.cyberpeaceinstitute.org/law-and-policy/cases/viasat
}
}

@online{staff2016,
  author = {Staff T},
  title  = {Hamas hacks into Israeli TV and threatens: ‘Terror will never end’},
  year   = {2016},
  month  = {03},
  publisher = {The Times of Israel},
  url = {https://www.timesofisrael.com/hamas-hacks-israeli-tv-the-terror-will-never-end/}
}

@online{leden2014,
    author = {Leyden J},
    title  = {Hamas hacks Israeli TV sat channel to broadcast               pics of Gaza wounded},
    year   = {2014},
    month  = {05},
    day = {15},
    publisher = {The Register},
    url = {https://www.theregister.com/2014/07/15/hamas_hack_israeli_sat_tv/}
}

@online{urban2002,
    author = {Urban M},
    title  = {Enthusiast watches Nato spy pictures},
    year   = {2002},
    month  = {06},
    day = {13},
    publisher = {BBC},
    url = {http://news.bbc.co.uk/2/hi/programmes/newsnight/2041754.stm}
}

@online{viasat2002,
    author = {Viasat, Inc.},
    title  = {KA-SAT Network cyber attack overview},
    year   = {2022},
    month  = {February},
    day = {24},
    publisher = {Viasat},
    url = {https://news.viasat.com/blog/corporate/ka-sat-network-cyber-attack-overview}
}

@online{kohnstamm2023,
    author = {Kohnstamm T},
    title  = {https://www.aboutamazon.com/news/innovation-at-amazon/what-is-amazon-project-kuiper},
    year   = {2022},
    month  = {October},
    day = {9},
    publisher = {Innovation at Amazon},
    url = {https://www.aboutamazon.com/news/innovation-at-amazon/what-is-amazon-project-kuiper}
}
@online{redteam2023,
  title     = {Satellite Hacking Demystified},
  year      = {2023},
  url       = {https://redteamrecipe.com/Satellite-Hacking-Demystified/},
  note      = {Accessed: October 28, 2023}
}
@article{mayo1963command,
  title={The command system malfunction of the Telstar satellite},
  author={Mayo, JS and Mann, H and Witt, FJ and Peck, DS and Gummel, HK and Brown, WL},
  journal={Bell System Technical Journal},
  volume={42},
  number={4},
  pages={1631--1657},
  year={1963},
  publisher={Wiley Online Library}
}
@inproceedings{kim2011satellite,
  title={Satellite electrical power subsystem: Statistical analysis of on-orbit anomalies and failures},
  author={Kim, So Young and Castet, Jean-Francois and Saleh, Joseph H},
  booktitle={2011 Aerospace Conference},
  pages={1--12},
  year={2011},
  organization={IEEE}
}
@inproceedings{fayyaz2014fault,
  title={Fault-tolerant distributed approach to satellite on-board computer design},
  author={Fayyaz, Muhammad and Vladimirova, Tanya},
  booktitle={2014 IEEE Aerospace Conference},
  pages={1--12},
  year={2014},
  organization={IEEE}
}
@online{antesky2023,
  title     = {L-band for Weather Satellite Data Receiving System},
  year      = {2023},
  url       = {https://www.antesky.com/l-band-for-weather-satellite-data-receiving-system/},
  note      = {Accessed: October 28, 2023}
}
@online{esa2023,
  title     = {Satellite frequency bands},
  year      = {2023},  
  publisher = {European Space Agency},
  url       = {https://www.esa.int/Applications/Connectivity_and_Secure_Communications/Satellite_frequency_bands},
  note      = {Accessed: October 28, 2023}
}
@online{higgins2016,
  author    = {Kelly Jackson Higgins},
  title     = {Russian 'Fancy Bear' Hackers Hit Mac OS X With New Trojan},
  year      = {2016},
  month     = {9},
  day       = {26},
  publisher = {Dark Reading},
  url       = {https://www.darkreading.com/operations/russian-fancy-bear-hackers-hit-mac-os-x-with-new-trojan/d/d-id/1327076},
  note      = {Accessed: October 28, 2023}
}
% The website was launched in April 2020 as per the "About Us" page
@online{spacesecurity2020,
  title     = {Space Attacks Open Database Project},
  year      = {2020},  
  publisher = {Space \& Cybersecurity Info},
  url       = {https://www.spacesecurity.info/en/space-attacks-open-database/},
  note      = {Accessed: October 28, 2023}
}
@online{hewitson2020,
  author    = {Amy Hewitson},
  title     = {Satellite Ground Stations - Everything you ever wanted to know and more...},
  year      = {2020},
  month     = {10},
  day       = {22},
  publisher = {ESS Earth Sciences},
  url       = {https://www.essearth.com/satellite-ground-stations/},
  note      = {Accessed: October 28, 2023}
}
@online{werner2022,
  author    = {Debra Werner},
  title     = {Azure Orbital Space unveils software tools for space applications},
  year      = {2022},
  month     = {11},
  day       = {17},
  publisher = {SpaceNews},
  url       = {https://spacenews.com/azure-orbital-software-development-kit/},
  note      = {Accessed: October 28, 2023}
}
@online{andres2022,
  author    = {Carmen Reglero Andres and Nicholas Ansell and Eloy Salcedo and Jason Arora},
  title     = {Virtualizing satellite communication operations with AWS},
  year      = {2022},
  month     = {9},
  day       = {6},
  publisher = {AWS Public Sector Blog},
  url       = {https://aws.amazon.com/blogs/publicsector/virtualizing-satcom-operations-aws/},
  note      = {Accessed: October 28, 2023}
}
% The latest BlueBook is dated 07.07.2023
@online{dvb2023,
  title     = {Second Generation DVB Interactive Satellite System (DVB-RCS2); Part 2: Lower Layers for Satellite standard},
  year      = {2023},  
  publisher = {DVB},
  url       = {https://dvb.org/?standard=dvb-rcs2-lower-layer-satellite-specification},
  note      = {Accessed: October 28, 2023}
}
@online{mitre2023,
  title     = {CVE},
  year      = {2023},
  month     = {8},
  day       = {14},
  publisher = {The MITRE Corporation},
  url       = {https://cve.mitre.org/},
  note      = {Accessed: October 28, 2023}
}
@online{wainscott-sargent2022,
  author    = {Anne Wainscott-Sargent},
  title     = {Satellite Operators Respond to Cyber Threats in a Rapidly Changing Environment},
  year      = {2022},
  month     = {9},
  day       = {27},
  publisher = {Via Satellite},
  url       = {https://interactive.satellitetoday.com/via/october-2022/satellite-operators-respond-to-cyber-threats-in-a-rapidly-changing-environment/},
  note      = {Accessed: October 28, 2023}
}
@online{gedeon2023,
  author    = {Joseph Gedeon},
  title     = {For the first time, U.S. government lets hackers break into satellite in space},
  year      = {2023},
  month     = {8},
  day       = {11},
  publisher = {POLITICO},
  url       = {https://www.politico.com/news/2023/08/11/def-con-hackers-space-force-00110919},
  note      = {Accessed: October 28, 2023}
}
@online{guardian2009,
  title     = {Skygrabber Software Drones Hacked},
  year      = {2009},
  month     = {12},
  day       = {17},
  publisher = {The Guardian},
  url       = {https://www.theguardian.com/technology/2009/dec/17/skygrabber-software-drones-hacked},
  note      = {Accessed: October 28, 2023}
}
@online{bailly2021,
  author    = {Mathieu Bailly},
  title     = {Cybersecurity for smallsats - 5 key concepts explained},
  year      = {2021},
  month     = {2},
  day       = {24},
  publisher = {satsearch},
  url       = {https://blog.satsearch.co/2021-02-24-cybersecurity-for-smallsats-5-key-concepts-explained},
  note      = {Last updated: October 19, 2023, Accessed: October 28, 2023}
}
@online{defenseone2023,
  title     = {Protect Satellites, Secure Your Networks, Chief Space Ops Says},
  year      = {2023},
  month     = {1},
  day       = {31},
  publisher = {Defense One},
  url       = {https://www.defenseone.com/threats/2023/01/protect-satellites-secure-your-networks-chief-space-ops-says/382424/},
  note      = {Accessed: October 28, 2023}
}
@inproceedings{di2019large,
  title={On the large-scale traffic DDoS threat of space backbone network},
  author={Di, AO and Ruisheng, Shi and Lan, Lina and Yueming, Lu},
  booktitle={2019 IEEE 5th Intl Conference on Big Data Security on Cloud (BigDataSecurity), IEEE Intl Conference on High Performance and Smart Computing,(HPSC) and IEEE Intl Conference on Intelligent Data and Security (IDS)},
  pages={192--194},
  year={2019},
  organization={IEEE}
}
@online{yuen2023,
  author    = {Peter Yuen},
  title     = {Cloudflare Prevents Largest DDoS Attack and Potentially Saved a lot of Satellite Data},
  year      = {2023},
  month     = {2},
  day       = {15},
  publisher = {Space Systems CyberSecurity, Johns Hopkins University},
  url       = {https://spacesecurity.wse.jhu.edu/2023/02/15/cloudflare-breaks-record-with-preventing-71-million-ddos-strike/},
  note      = {Accessed: October 28, 2023}
}
@article{curzi2020large,
  title={Large constellations of small satellites: A survey of near future challenges and missions},
  author={Curzi, Giacomo and Modenini, Dario and Tortora, Paolo},
  journal={Aerospace},
  volume={7},
  number={9},
  pages={133},
  year={2020},
  publisher={MDPI}
}
@online{viasatt2022,
  title     = {KA-SAT Network cyber attack overview},
  year      = {2022},
  month     = {3},
  day       = {30},
  publisher = {Viasat},
  url       = {https://news.viasat.com/blog/corporate/ka-sat-network-cyber-attack-overview},
  note      = {Accessed: October 28, 2023}
}

@article{jain2021intelligent,
  title={Intelligent energy cyber physical systems (iECPS) for reliable smart grid against energy theft and false data injection},
  author={Jain, Harshit and Kumar, Mukul and Joshi, Amit M},
  journal={Electrical Engineering},
  pages={1--16},
  year={2021},
  publisher={Springer}
}

@article{jinhui2018intrusion,
  title={Intrusion detection system for hybrid DoS attacks using energy trust in wireless sensor networks},
  author={Jinhui, Xie and Yang, Tao and Feiyue, Yang and Leina, Pan and Juan, Xu and Yao, Hou},
  journal={Procedia computer science},
  volume={131},
  pages={1188--1195},
  year={2018},
  publisher={Elsevier}
}

@inproceedings{martin2004denial,
  title={Denial-of-service attacks on battery-powered mobile computers},
  author={Martin, Thomas and Hsiao, Michael and Ha, Dong and Krishnaswami, Jayan},
  booktitle={Second IEEE Annual Conference on Pervasive Computing and Communications, 2004. Proceedings of the},
  pages={309--318},
  year={2004},
  organization={IEEE}
}

@inproceedings{schorr2023power,
  title={Power Consumption Analysis as a Detection Indicator for Cyberattacks on Smart Home Devices},
  author={Schorr, Victoria and Kamenev, Nikolai and Bleistein, Thomas and Werth, Dirk and Wendzel, Steffen and Weigold, Thomas},
  booktitle={Energy Informatics Academy Conference},
  pages={224--239},
  year={2023},
  organization={Springer}
}

@article{azmoodeh2018detecting,
  title={Detecting crypto-ransomware in IoT networks based on energy consumption footprint},
  author={Azmoodeh, Amin and Dehghantanha, Ali and Conti, Mauro and Choo, Kim-Kwang Raymond},
  journal={Journal of Ambient Intelligence and Humanized Computing},
  volume={9},
  pages={1141--1152},
  year={2018},
  publisher={Springer}
}

@inproceedings{kim2008detecting,
  title={Detecting energy-greedy anomalies and mobile malware variants},
  author={Kim, Hahnsang and Smith, Joshua and Shin, Kang G},
  booktitle={Proceedings of the 6th international conference on Mobile systems, applications, and services},
  pages={239--252},
  year={2008}
}
@article{yang2016power,
  title={Power consumption based android malware detection},
  author={Yang, Hongyu and Tang, Ruiwen and others},
  journal={Journal of Electrical and Computer Engineering},
  volume={2016},
  year={2016},
  publisher={Hindawi}
}
@inproceedings{michalevsky2015powerspy,
  title={$\{$PowerSpy$\}$: Location Tracking Using Mobile Device Power Analysis},
  author={Michalevsky, Yan and Schulman, Aaron and Veerapandian, Gunaa Arumugam and Boneh, Dan and Nakibly, Gabi},
  booktitle={24th USENIX Security Symposium (USENIX Security 15)},
  pages={785--800},
  year={2015}
}

@article{messerges1999investigations,
  title={Investigations of Power Analysis Attacks on Smartcards.},
  author={Messerges, Thomas S and Dabbish, Ezzy A and Sloan, Robert H},
  journal={Smartcard},
  volume={99},
  pages={151--161},
  year={1999}
}

@article{wang2022ghosttalk,
  title={Ghosttalk: Interactive attack on smartphone voice system through power line},
  author={Wang, Yuanda and Guo, Hanqing and Yan, Qiben},
  journal={arXiv preprint arXiv:2202.02585},
  year={2022}
}

@article{shelton2019rosita,
  title={Rosita: Towards automatic elimination of power-analysis leakage in ciphers},
  author={Shelton, Madura A and Samwel, Niels and Batina, Lejla and Regazzoni, Francesco and Wagner, Markus and Yarom, Yuval},
  journal={arXiv preprint arXiv:1912.05183},
  year={2019}
}

@article{caviglione2015seeing,
  title={Seeing the unseen: revealing mobile malware hidden communications via energy consumption and artificial intelligence},
  author={Caviglione, Luca and Gaggero, Mauro and Lalande, Jean-Fran{\c{c}}ois and Mazurczyk, Wojciech and Urba{\'n}ski, Marcin},
  journal={IEEE Transactions on Information Forensics and Security},
  volume={11},
  number={4},
  pages={799--810},
  year={2015},
  publisher={IEEE}
}

@inproceedings{al2019machine,
  title={Machine Learning Based Malware Detection in Wireless Devices Using Power Footprints},
  author={Al-tekreeti, Mustafa and Kapoor, Tania and Manzano, Ricardo and Albasir, Abdurhman and Naik, Kshirasagar and Goel, Nishith and Kozlowski, A James},
  booktitle={2019 International Symposium on Systems Engineering (ISSE)},
  pages={1--8},
  year={2019},
  organization={IEEE}
}

@inproceedings{dixon2017investigating,
  title={Investigating clustering algorithm DBSCAN to self select locations for power based malicious code detection on smartphones},
  author={Dixon, Bryan},
  booktitle={2017 Third International Conference on Mobile and Secure Services (MobiSecServ)},
  pages={1--7},
  year={2017},
  organization={IEEE}
}

@article{utyamishev2018real,
  title={Real-time detection of power analysis attacks by machine learning of power supply variations on-chip},
  author={Utyamishev, Dmitry and Partin-Vaisband, Inna},
  journal={IEEE Transactions on Computer-Aided Design of Integrated Circuits and Systems},
  volume={39},
  number={1},
  pages={45--55},
  year={2018},
  publisher={IEEE}
}
@inproceedings{takasaki2021anomalous,
  title={An anomalous behavior detection method based on power analysis utilizing steady state power waveform predicted by lstm},
  author={Takasaki, Kazunari and Kida, Ryoichi and Togawa, Nozomu},
  booktitle={2021 IEEE 27th International Symposium on On-Line Testing and Robust System Design (IOLTS)},
  pages={1--7},
  year={2021},
  organization={IEEE}
}

@article{ramezanpour2020scaul,
  title={SCAUL: Power side-channel analysis with unsupervised learning},
  author={Ramezanpour, Keyvan and Ampadu, Paul and Diehl, William},
  journal={IEEE Transactions on Computers},
  volume={69},
  number={11},
  pages={1626--1638},
  year={2020},
  publisher={IEEE}
}

@inproceedings{reed2012enhancing,
  title={Enhancing smart grid cyber security using power fingerprinting: Integrity assessment and intrusion detection},
  author={Reed, Jeffrey H and Gonzalez, Carlos R Aguayo},
  booktitle={2012 Future of Instrumentation International Workshop (FIIW) Proceedings},
  pages={1--3},
  year={2012},
  organization={IEEE}
}

@inproceedings{chen2017powerful,
  title={POWERFUL: Mobile app fingerprinting via power analysis},
  author={Chen, Yimin and Jin, Xiaocong and Sun, Jingchao and Zhang, Rui and Zhang, Yanchao},
  booktitle={IEEE INFOCOM 2017-IEEE Conference on Computer Communications},
  pages={1--9},
  year={2017},
  organization={IEEE}
}

@inproceedings{ear2023characterizing,
  title={Characterizing cyber attacks against space systems with missing data: Framework and case study},
  author={Ear, Ekzhin and Remy, Jose LC and Feffer, Antonia and Xu, Shouhuai},
  booktitle={2023 IEEE Conference on Communications and Network Security (CNS)},
  pages={1--9},
  year={2023},
  organization={IEEE}
}
@article{ear2024towards,
  title={Towards Principled Risk Scores for Space Cyber Risk Management},
  author={Ear, Ekzhin and Bailey, Brandon and Xu, Shouhuai},
  journal={arXiv preprint arXiv:2402.02635},
  year={2024}
}
@online{esa2024hylas,
  author = {{European Space Agency}},
  title = {Ground Segment},
  year = 2024,
  url = {https://www.esa.int/Applications/Connectivity_and_Secure_Communications/Hylas/Ground_segment},
  urldate = {2024-02-15}
}
@online{nasa2024grounddata,
  author = {{National Aeronautics and Space Administration}},
  title = {11.0 Ground Data Systems and Mission Operations},
  year = 2024,
  url = {https://www.nasa.gov/smallsat-institute/sst-soa/ground-data-systems-and-mission-operations/},
  urldate = {2024-02-15}
}
@inproceedings{clark2013wattsupdoc,
  title={$\{$WattsUpDoc$\}$: Power side channels to nonintrusively discover untargeted malware on embedded medical devices},
  author={Clark, Shane S and Ransford, Benjamin and Rahmati, Amir and Guineau, Shane and Sorber, Jacob and Xu, Wenyuan and Fu, Kevin},
  booktitle={2013 USENIX Workshop on Health Information Technologies (HealthTech 13)},
  year={2013}
}

@inproceedings{ding2020deeppower,
  title={DeepPower: Non-intrusive and deep learning-based detection of IoT malware using power side channels},
  author={Ding, Fei and Li, Hongda and Luo, Feng and Hu, Hongxin and Cheng, Long and Xiao, Hai and Ge, Rong},
  booktitle={Proceedings of the 15th ACM Asia conference on computer and communications security},
  pages={33--46},
  year={2020}
}

@article{lightbody2023attacks,
  title={Attacks on IoT: Side-Channel Power Acquisition Framework for Intrusion Detection},
  author={Lightbody, Dominic and Ngo, Duc-Minh and Temko, Andriy and Murphy, Colin C and Popovici, Emanuel},
  journal={Future Internet},
  volume={15},
  number={5},
  pages={187},
  year={2023},
  publisher={MDPI}
}

@inproceedings{xu2019addp,
  title={Addp: Anomaly detection for dtu based on power consumption side-channel},
  author={Xu, Aidong and Jiang, Yixin and Cao, Yang and Zhang, Guoming and Ji, Xiaoyu and Xu, Wenyuan},
  booktitle={2019 IEEE 3rd Conference on Energy Internet and Energy System Integration (EI2)},
  pages={2659--2663},
  year={2019},
  organization={IEEE}
}

@inproceedings{li2019using,
  title={Using power side-channel to implement anomaly-based intrusion detection on smart grid terminals},
  author={Li, Yanjie and He, Ruiwen and Ji, Xiaoyu and Xu, Wenyuan},
  booktitle={2019 IEEE 3rd Conference on Energy Internet and Energy System Integration (EI2)},
  pages={2669--2674},
  year={2019},
  organization={IEEE}
}

@inproceedings{munny2021power,
  title={Power side-channel attack detection through battery impedance monitoring},
  author={Munny, Rowshon and Hu, John},
  booktitle={2021 IEEE International Symposium on Circuits and Systems (ISCAS)},
  pages={1--5},
  year={2021},
  organization={IEEE}
}

@article{zhang2023trustguard,
  title={TrustGuard: Standalone FPGA-Based Security Monitoring Through Power Side-Channel},
  author={Zhang, Tao and Tehranipoor, Mark and Farahmandi, Farimah},
  journal={IEEE Transactions on Very Large Scale Integration (VLSI) Systems},
  year={2023},
  publisher={IEEE}
}

@inproceedings{pan2020satellite,
  title={Satellite telemetry data anomaly detection using bi-lstm prediction based model},
  author={Pan, Dawei and Song, Zhe and Nie, Longqiang and Wang, Benkuan},
  booktitle={2020 IEEE International Instrumentation and Measurement Technology Conference (I2MTC)},
  pages={1--6},
  year={2020},
  organization={IEEE}
}
@inproceedings{cheng2021research,
  title={Research on satellite power anomaly detection method based on lstm},
  author={Cheng, Fuqiang and Guo, Xiaohong and Qi, Yingying and Xu, Jingwen and Qiu, Wan and Zhang, Zhibao and Zhang, Weitao and Qi, Ningning},
  booktitle={2021 IEEE International Conference on Power Electronics, Computer Applications (ICPECA)},
  pages={706--710},
  year={2021},
  organization={IEEE}
}

@article{xu2023encoder,
  title={An encoder-decoder generative adversarial network-based anomaly detection approach for satellite telemetry data},
  author={Xu, Zhaoping and Cheng, Zhijun and Tang, QiDeng and Guo, Bo},
  journal={Acta Astronautica},
  volume={213},
  pages={547--558},
  year={2023},
  publisher={Elsevier}
}
@article{obied2023deep,
  title={Deep Clustering-Based Anomaly Detection and Health Monitoring for Satellite Telemetry},
  author={Obied, Muhamed Abdulhadi and Ghaleb, Fayed FM and Hassanien, Aboul Ella and Abdelfattah, Ahmed MH and Zakaria, Wael},
  journal={Big Data and Cognitive Computing},
  volume={7},
  number={1},
  pages={39},
  year={2023},
  publisher={MDPI}
}

@article{nalepa2022evaluating,
  title={Evaluating algorithms for anomaly detection in satellite telemetry data},
  author={Nalepa, Jakub and Myller, Michal and Andrzejewski, Jacek and Benecki, Pawel and Piechaczek, Szymon and Kostrzewa, Daniel},
  journal={Acta Astronautica},
  volume={198},
  pages={689--701},
  year={2022},
  publisher={Elsevier}
}
@inproceedings{ruszczak2023machine,
  title={Machine Learning Detects Anomalies in OPS-SAT Telemetry},
  author={Ruszczak, Bogdan and Kotowski, Krzysztof and Andrzejewski, Jacek and Musia{\l}, Alicja and Evans, David and Zelenevskiy, Vladimir and Bammens, Sam and Laurinovics, Rodrigo and Nalepa, Jakub},
  booktitle={International Conference on Computational Science},
  pages={295--306},
  year={2023},
  organization={Springer}
}

@online{esa2024ttcpdt,
  author = {{European Space Agency}},
  title = {TT&C and PDT Systems and Techniques Section},
  year = 2024,
  url = {https://www.esa.int/Enabling_Support/Space_Engineering_Technology/Radio_Frequency_Systems/TT_C_and_PDT_Systems_and_Techniques_section},
  urldate = {2024-02-15}
}


@inproceedings{hu2023password,
  title={Password-Stealing without Hacking: Wi-Fi Enabled Practical Keystroke Eavesdropping},
  author={Hu, Jingyang and Wang, Hongbo and Zheng, Tianyue and Hu, Jingzhi and Chen, Zhe and Jiang, Hongbo and Luo, Jun},
  booktitle={Proceedings of the 2023 ACM SIGSAC Conference on Computer and Communications Security (CCS '23)},
  year={2023},
  address={Copenhagen, Denmark},
  publisher={ACM},
  doi={10.1145/3576915.3623088},
}

@article{BeamSense2023,
  title={BeamSense: Rethinking Wireless Sensing with MU-MIMO Wi-Fi Beamforming Feedback},
  author={Haque, Khandaker Foysal and Zhang, Milin and Meneghello, Francesca and Restuccia, Francesco},
  journal={arXiv preprint arXiv:2303.09687},
  year={2023},
  month={March},
 }

@article{hayat2019solar,
  title={Solar energy—A look into power generation, challenges, and a solar-powered future},
  author={Hayat, Muhammad Badar and Ali, Danish and Monyake, Keitumetse Cathrine and Alagha, Lana and Ahmed, Niaz},
  journal={International Journal of Energy Research},
  volume={43},
  number={3},
  pages={1049--1067},
  year={2019},
  publisher={Wiley Online Library}
}

@misc{innstalledCapacity,
  title={Installed solar energy capacity},
  howpublished = { \url{https://ourworldindata.org/grapher/installed-solar-pv-capacity}}
}

@misc{FrauhoferReport,
  title={Photovoltaics Report},
  note={Fraunhofer Institute for Solar Energy Systems},
  year={2022},
  howpublished = { \url{https://www.ise.fraunhofer.de/content/dam/ise/de/documents/publications/studies/Photovoltaics-Report.pdf}}
}

@techreport{Johnson2017PV,
  author = {Johnson, Jay},
  title = {Roadmap for Photovoltaic Cyber Security},
  institution = {Sandia National Laboratories},
  year = {2017},
  address = {Albuquerque, New Mexico},
  note = {SAND2017-13262},
}
@article{baheti2011cyber,
  title={Cyber-physical systems},
  author={Baheti, Radhakisan and Gill, Helen},
  journal={The impact of control technology},
  volume={12},
  number={1},
  pages={161--166},
  year={2011}
}
@article{molhem2024novel,
  title={A novel adaptive sampling algorithm for cyber-physical systems},
  author={Molhem, Mohammed},
  journal={International Review of Applied Sciences and Engineering},
  volume={15},
  number={2},
  pages={161--170},
  year={2024},
  publisher={Akad{\'e}miai Kiad{\'o} Budapest}
}
@article{yin2023adaptive,
  title={An adaptive sampling framework for life cycle degradation monitoring},
  author={Yin, Yuhua and Liu, Zhiliang and Zhang, Junhao and Zio, Enrico and Zuo, Mingjian},
  journal={Sensors},
  volume={23},
  number={2},
  pages={965},
  year={2023},
  publisher={MDPI}
}
@article{anta2010sample,
  title={To sample or not to sample: Self-triggered control for nonlinear systems},
  author={Anta, Adolfo and Tabuada, Paulo},
  journal={IEEE Transactions on automatic control},
  volume={55},
  number={9},
  pages={2030--2042},
  year={2010},
  publisher={IEEE}
}

@article{mois2016cyber,
  title={A cyber-physical system for environmental monitoring},
  author={Mois, George and Sanislav, Teodora and Folea, Silviu C},
  journal={IEEE transactions on instrumentation and measurement},
  volume={65},
  number={6},
  pages={1463--1471},
  year={2016},
  publisher={IEEE}
}
@article{xu2018survey,
  title={A survey on industrial Internet of Things: A cyber-physical systems perspective},
  author={Xu, Hansong and Yu, Wei and Griffith, David and Golmie, Nada},
  journal={Ieee access},
  volume={6},
  pages={78238--78259},
  year={2018},
  publisher={IEEE}
}
@article{Ye2021CyberPhysicalPV,
title = {A Review of Cyber-Physical Security for Photovoltaic Systems},
author = {Ye, Jin and Giani, Annarita and Elasser, Ahmed and Mazumder, Sudip K. and Farnell, Chris and Mantooth, Homer Alan and Kim, Taesic and Liu, Jianzhe and Chen, Bo and Seo, Gab-Su and Song, Wenzhan and Greidanus, Mateo D. Roig and Sahoo, Subham and Blaabjerg, Frede and Zhang, Jinan and Guo, Lulu and Ahn, Bohyun and Shadmand, Mohammad B. and Gajanur, Nanditha R. and Abbaszada, Mohammad A.},
doi = {10.1109/jestpe.2021.3111728},
url = {https://www.osti.gov/biblio/1822830}, journal = {IEEE Journal of Emerging and Selected Topics in Power Electronics},
issn = {2168-6777},
number = 4,
volume = 10,
place = {United States},
year = {2021},
month = {9}
}

@online{PVtech2021,
  title = {Maxim’s analog IC integrated cell-string optimizer replaces bypass diode limitations},
  year = {2021},
  url = {https://www.pv-tech.org/maxims-analog-ic-integrated-cell-string-optimizer-replaces-bypass-diode-limitations/},
  note = {Accessed: 2023-09-26}
}

@online{SaurEnergy2016,
  title = {Maxim replaces protection diodes with new cell-string optimizer technology},
  year = {2016},
  url = {https://www.saurenergy.com/solar-energy-news/maxim-replaces-protection-diodes-with-new-cell-string-optimizer-technology},
  note = {Accessed: 2023-09-26}
}

@misc{wiki:tempest,
  author = "{Wikipedia contributors}",
  title = "Tempest --- {Wikipedia}{,} The Free Encyclopedia",
  year = "2023",
  url = "https://en.wikipedia.org/wiki/Tempest_(codename)",
  note = "[Online; accessed 27-February-2024]"
}

@ARTICLE{Waveforming_beamforming,
  author={Xu, Qinyi and Jiang, Chunxiao and Han, Yi and Wang, Beibei and Liu, K. J. Ray},
  journal={IEEE Communications Surveys & Tutorials}, 
  title={Waveforming: An Overview With Beamforming}, 
  year={2018},
  volume={20},
  number={1},
  pages={132-149},
  doi={10.1109/COMST.2017.2750201}}

@misc{StatistaActiveSatellites,
  author = {Statista},
  title = {Number of active satellites by year},
  year = {2024},
  howpublished = {\url{https://www.statista.com/statistics/897719/number-of-active-satellites-by-year/}},
  note = {Accessed: 2024-02-27}
}

@techreport{NozomiTriton2018,
  author = {{Nozomi Networks}},
  title = {TRITON: The First SIS Cyberattack},
  year = {2018},
  url = {https://scadahacker.com/library/Documents/Cyber_Events/Nozomi%20-%20TRITON%20-%20The%20First%20SIS%20Cyberattack.pdf},
  note = {Accessed: 2024-02-27}
}

@inproceedings{IoTBrick2020,
author = {Brierley, Calvin and Pont, Jamie and Arief, Budi and Barnes, David J. and Hernandez-Castro, Julio},
title = {PaperW8: an IoT bricking ransomware proof of concept},
year = {2020},
isbn = {9781450388337},
publisher = {Association for Computing Machinery},
address = {New York, NY, USA},
url = {https://doi.org/10.1145/3407023.3407044},
doi = {10.1145/3407023.3407044},
booktitle = {Proceedings of the 15th International Conference on Availability, Reliability and Security},
articleno = {82},
numpages = {10},
location = {Virtual Event, Ireland},
series = {ARES '20}
}

@INPROCEEDINGS {GreenSec2024,
author = { Brudni, Sagi and Anidgar, Sapir and Brodt, Oleg and Mimran, Dudu and Shabtai, Asaf and Elovici, Yuval},
booktitle = { 2024 IEEE 9th European Symposium on Security and Privacy (EuroS\&P) },
title = {{ Green Security: A Framework for Measurement and Optimization of Energy Consumption of Cybersecurity Solutions}},
year = {2024},
volume = {},
ISSN = {},
pages = {676-696},
doi = {10.1109/EuroSP60621.2024.00043},
url = {https://doi.ieeecomputersociety.org/10.1109/EuroSP60621.2024.00043},
publisher = {IEEE Computer Society},
address = {Los Alamitos, CA, USA},
month =Jul}

@article{greenberg2017_30lines,
  author       = {Greenberg, Andy},
  title        = {How 30 Lines of Code Blew Up a 27-Ton Generator},
  journal      = {Wired},
  url          = {https://www.wired.com/story/how-30-lines-of-code-blew-up-27-ton-generator/},
  year         = {2017},
  month        = aug,
  day          = {3},
  note         = {Accessed: 2024-12-18}
}

@misc{langner2013tokill,
  author       = {Langner, Ralph},
  title        = {To Kill a Centrifuge: A Technical Analysis of What Stuxnet's Creators Tried to Achieve},
  year         = {2013},
  howpublished = {\url{https://www.langner.com/wp-content/uploads/2017/03/to-kill-a-centrifuge.pdf}},
  note         = {Accessed: 2024-12-18}
}

@Article{waterSampling2017,
AUTHOR = {Shu, Tongxin and Xia, Min and Chen, Jiahong and De Silva, Clarence},
TITLE = {An Energy Efficient Adaptive Sampling Algorithm in a Sensor Network for Automated Water Quality Monitoring},
JOURNAL = {Sensors},
VOLUME = {17},
YEAR = {2017},
NUMBER = {11},
ARTICLE-NUMBER = {2551},
URL = {https://www.mdpi.com/1424-8220/17/11/2551},
PubMedID = {29113087},
ISSN = {1424-8220},
DOI = {10.3390/s17112551}
}

@article{Harb2018Energy-Efficient,
title={Energy-Efficient Sensor Data Collection Approach for Industrial Process Monitoring},
author={Hassan Harb and A. Makhoul},
journal={IEEE Transactions on Industrial Informatics},
year={2018},
volume={14},
pages={661-672},
doi={10.1109/TII.2017.2776082}}

@INPROCEEDINGS{AudioSampling2010,
  author={Luo, Hong and Wang, Jinge and Sun, Yan and Ma, Huadong and Li, Xiang-Yang},
  booktitle={2010 IEEE 30th International Conference on Distributed Computing Systems}, 
  title={Adaptive Sampling and Diversity Reception in Multi-hop Wireless Audio Sensor Networks}, 
  year={2010},
  volume={},
  number={},
  pages={378-387},
    doi={10.1109/ICDCS.2010.32}}


@article{salim2024cybersecurity,
  title={Cybersecurity of Satellite Communications Systems: A Comprehensive Survey of the Space, Ground, and Links Segments},
  author={Salim, Sara and Moustafa, Nour and Reisslein, Martin},
  journal={IEEE Communications Surveys \& Tutorials},
  year={2024},
  publisher={IEEE}
}


@article{kolias2017mirai,
  title={DDoS in the IoT: Mirai and other botnets},
  author={Kolias, Constantinos and Kambourakis, Georgios and Stavrou, Angelos and Voas, Jeffrey},
  journal={IEEE Computer},
  volume={50},
  number={7},
  pages={80--84},
  year={2017},
  publisher={IEEE}
}

@inproceedings{antonakakis2017mirai,
  title={Understanding the Mirai Botnet},
  author={Antonakakis, Manos and April, Tim and Bailey, Michael and Bernhard, Matthew and Bursztein, Elie and Cochran, Jaime and Durumeric, Zakir and Halderman, J Alex and Invernizzi, Luca and Kallitsis, Michael and others},
  booktitle={Proceedings of the 26th USENIX Security Symposium},
  year={2017},
  organization={USENIX}
}

@inproceedings{alrawi2019ip,
  title={Vulnerability assessment and penetration testing on IP cameras},
  author={Alrawi, Omar and Lever, Charles and Antonakakis, Manos and Monrose, Fabian},
  booktitle={Proceedings of the 12th ACM Conference on Security and Privacy in Wireless and Mobile Networks (WiSec '19)},
  year={2019},
  organization={ACM}
}

@misc{watchfulip2021hikvision,
  title={Unauthenticated Remote Code Execution (RCE) Vulnerability in Hikvision IP Cameras},
  author={Watchful IP},
  year={2021},
  howpublished={\url{https://watchfulip.github.io/2021/09/18/Hikvision-IP-Camera-Unauthenticated-RCE.html}}
}

@article{helpnetsecurity2019ssdp,
  title={SSDP amplification attacks rose 639\% in 2018},
  author={Help Net Security},
  journal={Help Net Security},
  year={2019},
  howpublished={\url{https://www.helpnetsecurity.com/2019/01/22/ssdp-amplification-attacks/}},
  note={Accessed: 2025-01-06}
}

@article{stabili2024tenda,
  title={Finding (and Exploiting) Vulnerabilities on IP Cameras: The Tenda CP3 Case Study},
  author={Stabili, Daniele and Bocchi, Tommaso and Valgimigli, Fabio and Marchetti, Matteo},
  journal={arXiv preprint arXiv:2406.15103},
  year={2024},
  note={Available at: \url{https://arxiv.org/abs/2406.15103}}
}

@online{mitre_t0827,
    title = {Loss of Control - {T0827}},
    author = {{MITRE ATT\&CK}},
    organization = {MITRE},
    url = {https://attack.mitre.org/techniques/T0827/},
    urldate = {2025-01-13},
    year = {2024},
    note = {MITRE ATT\&CK\textsuperscript{\textregistered} for Industrial Control Systems}
}

@online{mitre_t0815,
    title = {Denial of View - {T0815}},
    author = {{MITRE ATT\&CK}},
    organization = {MITRE},
    url = {https://attack.mitre.org/techniques/T0815/},
    urldate = {2025-01-13},
    year = {2024},
    note = {MITRE ATT\&CK\textsuperscript{\textregistered} for Industrial Control Systems}
}


@misc{FDA_21CFR,
    title = {21 {CFR} Part 11---{Electronic} Records; {Electronic} Signatures},
    author = {{U.S. Food \& Drug Administration}},
    year = {1997},
    howpublished = {Title 21, Code of Federal Regulations},
    url = {https://www.ecfr.gov/current/title-21}
}

@techreport{ICHQ7,
    title = {Q7: Good Manufacturing Practice Guide for Active Pharmaceutical Ingredients},
    author = {{International Conference on Harmonisation}},
    institution = {ICH},
    year = {2000},
    url = {https://database.ich.org/sites/default/files/Q7_Guideline.pdf}
}

@article{boursalian2019bootbandit,
  title={BootBandit: A macOS bootloader attack},
  author={Boursalian, Armen and Stamp, Mark},
  journal={Engineering Reports},
  volume={1},
  number={1},
  pages={e12032},
  year={2019},
  publisher={Wiley Online Library}
}


@article{guri2021magneto,
  title={Magneto: Covert channel between air-gapped systems and nearby smartphones via cpu-generated magnetic fields},
  author={Guri, Mordechai},
  journal={Future Generation Computer Systems},
  volume={115},
  pages={115--125},
  year={2021},
  publisher={Elsevier}
}

@inproceedings{guri2015gsmem,
  title={$\{$GSMem$\}$: Data exfiltration from $\{$Air-Gapped$\}$ computers over $\{$GSM$\}$ frequencies},
  author={Guri, Mordechai and Kachlon, Assaf and Hasson, Ofer and Kedma, Gabi and Mirsky, Yisroel and Elovici, Yuval},
  booktitle={24th USENIX Security Symposium (USENIX Security 15)},
  pages={849--864},
  year={2015}
}

@article{guri2019powerhammer,
  title={PowerHammer: Exfiltrating data from air-gapped computers through power lines},
  author={Guri, Mordechai and Zadov, Boris and Bykhovsky, Dima and Elovici, Yuval},
  journal={IEEE Transactions on Information Forensics and Security},
  volume={15},
  pages={1879--1890},
  year={2019},
  publisher={IEEE}
}

@inproceedings{guri2021lantenna,
  title={Lantenna: Exfiltrating data from air-gapped networks via ethernet cables emission},
  author={Guri, Mordechai},
  booktitle={2021 IEEE 45th Annual Computers, Software, and Applications Conference (COMPSAC)},
  pages={745--754},
  year={2021},
  organization={IEEE}
}

@article{hanspach2014covert,
  title={On covert acoustical mesh networks in air},
  author={Hanspach, Michael and Goetz, Michael},
  journal={arXiv preprint arXiv:1406.1213},
  year={2014}
}

@inproceedings{deshotels2014inaudible,
  title={Inaudible sound as a covert channel in mobile devices},
  author={Deshotels, Luke},
  booktitle={8th USENIX Workshop on Offensive Technologies (WOOT 14)},
  year={2014}
}

@article{guri2020speaker,
  title={Speaker-to-speaker covert ultrasonic communication},
  author={Guri, Mordechai and Solewicz, Yosef and Elovici, Yuval},
  journal={Journal of Information Security and Applications},
  volume={51},
  pages={102458},
  year={2020},
  publisher={Elsevier}
}

@inproceedings{guri2022gpu,
  title={Gpu-fan: Leaking sensitive data from air-gapped machines via covert noise from gpu fans},
  author={Guri, Mordechai},
  booktitle={Nordic Conference on Secure IT Systems},
  pages={194--211},
  year={2022},
  organization={Springer}
}

@inproceedings{guri2017acoustic,
  title={Acoustic data exfiltration from speakerless air-gapped computers via covert hard-drive noise (‘diskfiltration’)},
  author={Guri, Mordechai and Solewicz, Yosef and Daidakulov, Andrey and Elovici, Yuval},
  booktitle={Computer Security--ESORICS 2017: 22nd European Symposium on Research in Computer Security, Oslo, Norway, September 11-15, 2017, Proceedings, Part II 22},
  pages={98--115},
  year={2017},
  organization={Springer}
}

@inproceedings{guri2020cd,
  title={CD-LEAK: Leaking secrets from audioless air-gapped computers using covert acoustic signals from CD/DVD drives},
  author={Guri, Mordechai},
  booktitle={2020 IEEE 44th Annual Computers, Software, and Applications Conference (COMPSAC)},
  pages={808--816},
  year={2020},
  organization={IEEE}
}

@inproceedings{guri2014airhopper,
  title={AirHopper: Bridging the air-gap between isolated networks and mobile phones using radio frequencies},
  author={Guri, Mordechai and Kedma, Gabi and Kachlon, Assaf and Elovici, Yuval},
  booktitle={2014 9th International Conference on Malicious and Unwanted Software: The Americas (MALWARE)},
  pages={58--67},
  year={2014},
  organization={IEEE}
}

@article{guri2022air,
  title={Air-fi: Leaking data from air-gapped computers using wi-fi frequencies},
  author={Guri, Mordechai},
  journal={IEEE Transactions on Dependable and Secure Computing},
  volume={20},
  number={3},
  pages={2547--2564},
  year={2022},
  publisher={IEEE}
}

@article{de2022inkfiltration,
  title={Inkfiltration: Using inkjet printers for acoustic data exfiltration from air-gapped networks},
  author={de Gortari Briseno, Julian and Singh, Akash Deep and Srivastava, Mani},
  journal={ACM Transactions on Privacy and Security},
  volume={25},
  number={2},
  pages={1--26},
  year={2022},
  publisher={ACM New York, NY}
}

@inproceedings{guri2018mosquito,
  title={Mosquito: Covert ultrasonic transmissions between two air-gapped computers using speaker-to-speaker communication},
  author={Guri, Mordechai and Solewicz, Yosef and Elovici, Yuval},
  booktitle={2018 IEEE Conference on Dependable and Secure Computing (DSC)},
  pages={1--8},
  year={2018},
  organization={IEEE}
}


  title={Speaker-to-speaker covert ultrasonic communication},
  author={Guri, Mordechai and Solewicz, Yosef and Elovici, Yuval},
  journal={Journal of Information Security and Applications},
  volume={51},
  pages={102458},
  year={2020},
  publisher={Elsevier}
}

@article{guri2021power,
  title={Power-supplay: Leaking sensitive data from air-gapped, audio-gapped systems by turning the power supplies into speakers},
  author={Guri, Mordechai},
  journal={IEEE Transactions on Dependable and Secure Computing},
  volume={20},
  number={1},
  pages={313--330},
  year={2021},
  publisher={IEEE}
}

@inproceedings{kuhn1998soft,
  title={Soft tempest: Hidden data transmission using electromagnetic emanations},
  author={Kuhn, Markus G and Anderson, Ross J},
  booktitle={Information Hiding: Second International Workshop, IH’98 Portland, Oregon, USA, April 14--17, 1998 Proceedings 2},
  pages={124--142},
  year={1998},
  organization={Springer}
}

@inproceedings{guri2016usbee,
  title={USBee: Air-gap covert-channel via electromagnetic emission from USB},
  author={Guri, Mordechai and Monitz, Matan and Elovici, Yuval},
  booktitle={2016 14th Annual Conference on Privacy, Security and Trust (PST)},
  pages={264--268},
  year={2016},
  organization={IEEE}
}

@inproceedings{zhan2020bitjabber,
  title={Bitjabber: The world’s fastest electromagnetic covert channel},
  author={Zhan, Zihao and Zhang, Zhenkai and Koutsoukos, Xenofon},
  booktitle={2020 IEEE International Symposium on Hardware Oriented Security and Trust (HOST)},
  pages={35--45},
  year={2020},
  organization={IEEE}
}

@inproceedings{shen2021lora,
  title={When LoRa meets EMR: Electromagnetic covert channels can be super resilient},
  author={Shen, Cheng and Liu, Tian and Huang, Jun and Tan, Rui},
  booktitle={2021 IEEE Symposium on Security and Privacy (SP)},
  pages={1304--1317},
  year={2021},
  organization={IEEE}
}

@inproceedings{guri2022satan,
  title={SATAn: Air-gap exfiltration attack via radio signals from SATA cables},
  author={Guri, Mordechai},
  booktitle={2022 19th Annual International Conference on Privacy, Security \& Trust (PST)},
  pages={1--10},
  year={2022},
  organization={IEEE}
}

@article{shao2020your,
  title={Your noise, my signal: Exploiting switching noise for stealthy data exfiltration from desktop computers},
  author={Shao, Zhihui and Islam, Mohammad A and Ren, Shaolei},
  journal={Proceedings of the ACM on Measurement and Analysis of Computing Systems},
  volume={4},
  number={1},
  pages={1--39},
  year={2020},
  publisher={ACM New York, NY, USA}
}

@article{guri2019odini,
  title={Odini: Escaping sensitive data from faraday-caged, air-gapped computers via magnetic fields},
  author={Guri, Mordechai and Zadov, Boris and Elovici, Yuval},
  journal={IEEE Transactions on Information Forensics and Security},
  volume={15},
  pages={1190--1203},
  year={2019},
  publisher={IEEE}
}

@inproceedings{matyunin2016covert,
  title={Covert channels using mobile device's magnetic field sensors},
  author={Matyunin, Nikolay and Szefer, Jakub and Biedermann, Sebastian and Katzenbeisser, Stefan},
  booktitle={2016 21st Asia and South Pacific Design Automation Conference (ASP-DAC)},
  pages={525--532},
  year={2016},
  organization={IEEE}
}

@inproceedings{zhang2020magview,
  title={MagView: A distributed magnetic covert channel via video encoding and decoding},
  author={Zhang, Juchuan and Ji, Xiaoyu and Xu, Wenyuan and Chen, Yi-Chao and Tang, Yuting and Qu, Gang},
  booktitle={IEEE INFOCOM 2020-IEEE Conference on Computer Communications},
  pages={357--366},
  year={2020},
  organization={IEEE}
}

@inproceedings{guri2019ctrl,
  title={Ctrl-alt-led: Leaking data from air-gapped computers via keyboard leds},
  author={Guri, Mordechai and Zadov, Boris and Bykhovsky, Dima and Elovici, Yuval},
  booktitle={2019 IEEE 43rd Annual Computer Software and Applications Conference (COMPSAC)},
  volume={1},
  pages={801--810},
  year={2019},
  organization={IEEE}
}

@inproceedings{guri2018xled,
  title={xled: Covert data exfiltration from air-gapped networks via switch and router leds},
  author={Guri, Mordechai and Zadov, Boris and Daidakulov, Andrey and Elovici, Yuval},
  booktitle={2018 16th Annual Conference on Privacy, Security and Trust (PST)},
  pages={1--12},
  year={2018},
  organization={IEEE}
}

@inproceedings{guri2017led,
  title={LED-it-GO: Leaking (a lot of) Data from Air-Gapped Computers via the (small) Hard Drive LED},
  author={Guri, Mordechai and Zadov, Boris and Elovici, Yuval},
  booktitle={Detection of Intrusions and Malware, and Vulnerability Assessment: 14th International Conference, DIMVA 2017, Bonn, Germany, July 6-7, 2017, Proceedings 14},
  pages={161--184},
  year={2017},
  organization={Springer}
}

@article{guri2019air,
  title={air-jumper: Covert air-gap exfiltration/infiltration via security cameras \& infrared (ir)},
  author={Guri, Mordechai and Bykhovsky, Dima},
  journal={Computers \& Security},
  volume={82},
  pages={15--29},
  year={2019},
  publisher={Elsevier}
}

@inproceedings{guri2019brightness,
  title={Brightness: Leaking sensitive data from air-gapped workstations via screen brightness},
  author={Guri, Mordechai and Bykhovsky, Dima and Elovici, Yuval},
  booktitle={2019 12th CMI Conference on Cybersecurity and Privacy (CMI)},
  pages={1--6},
  year={2019},
  organization={IEEE}
}

@inproceedings{guri2015bitwhisper,
  title={Bitwhisper: Covert signaling channel between air-gapped computers using thermal manipulations},
  author={Guri, Mordechai and Monitz, Matan and Mirski, Yisroel and Elovici, Yuval},
  booktitle={2015 IEEE 28th Computer Security Foundations Symposium},
  pages={276--289},
  year={2015},
  organization={IEEE}
}

@article{guri2016fansmitter,
  title={Fansmitter: Acoustic data exfiltration from (speakerless) air-gapped computers},
  author={Guri, Mordechai and Solewicz, Yosef and Daidakulov, Andrey and Elovici, Yuval},
  journal={arXiv preprint arXiv:1606.05915},
  year={2016}
}

@inproceedings{guri2019hotspot,
  title={HOTSPOT: Crossing the air-gap between isolated pcs and nearby smartphones using temperature},
  author={Guri, Mordechai},
  booktitle={2019 European Intelligence and Security Informatics Conference (EISIC)},
  pages={94--100},
  year={2019},
  organization={IEEE}
}

@article{guri2021exfiltrating,
  title={Exfiltrating data from air-gapped computers via ViBrAtIoNs},
  author={Guri, Mordechai},
  journal={Future Generation Computer Systems},
  volume={122},
  pages={69--81},
  year={2021},
  publisher={Elsevier}
}

@inproceedings{guri2021gairoscope,
  title={Gairoscope: Leaking data from air-gapped computers to nearby smartphones using speakers-to-gyro communication},
  author={Guri, Mordechai},
  booktitle={2021 18th International Conference on Privacy, Security and Trust (PST)},
  pages={1--10},
  year={2021},
  organization={IEEE}
}

@article{farwell2011stuxnet,
  title={Stuxnet and the future of cyber war},
  author={Farwell, James P and Rohozinski, Rafal},
  journal={Survival},
  volume={53},
  number={1},
  pages={23--40},
  year={2011},
  publisher={Taylor \& Francis}
}

@inproceedings{kozak2023industroyer,
  title={Industroyer cyber-attacks on Ukraine's critical infrastructure},
  author={Kozak, Pavel and Klaban, Ivo and {\v{S}}lajs, Tom{\'a}{\v{s}}},
  booktitle={2023 International Conference on Military Technologies (ICMT)},
  pages={1--6},
  year={2023},
  organization={IEEE}
}

@article{di2018triton,
  title={TRITON: The first ICS cyber attack on safety instrument systems},
  author={Di Pinto, Alessandro and Dragoni, Younes and Carcano, Andrea},
  journal={Proc. Black Hat USA},
  volume={2018},
  pages={1--26},
  year={2018}
}

@article{weiss2016aurora,
  title={Aurora generator test},
  author={Weiss, Joe},
  journal={Handbook of SCADA/Control Systems Security},
  volume={107},
  year={2016},
  publisher={CRC Press Boca Raton, FL, USA}
}

@article{lee2014german,
  title={German steel mill cyber attack},
  author={Lee, Robert M and Assante, Michael J and Conway, Tim},
  journal={Industrial Control Systems},
  volume={30},
  number={62},
  pages={1--15},
  year={2014}
}

@inproceedings{khan2016threat,
  title={Threat analysis of blackenergy malware for synchrophasor based real-time control and monitoring in smart grid},
  author={Khan, Rafiullah and Maynard, Peter and McLaughlin, Kieran and Laverty, David and Sezer, Sakir},
  booktitle={4th International Symposium for ICS \& SCADA Cyber Security Research 2016},
  pages={53--63},
  year={2016},
  organization={BCS}
}

@inproceedings{griscioli2016usbcheckin,
  title={USBCheckIn: Preventing BadUSB attacks by forcing human-device interaction},
  author={Griscioli, Federico and Pizzonia, Maurizio and Sacchetti, Marco},
  booktitle={2016 14th Annual Conference on Privacy, Security and Trust (PST)},
  pages={493--496},
  year={2016},
  organization={IEEE}
}

@misc{kamkar2015keysweeper,
  title={KeySweeper},
  author={Kamkar, Samy},
  year={2015}
}

@techreport{borg1982underground,
  title={Underground nuclear explosions at Astrakhan, USSR},
  author={Borg, IY},
  year={1982},
  institution={Lawrence Livermore National Lab.(LLNL), Livermore, CA (United States)}
}

@article{samylovskaya2022digital,
  title={Digital technologies in arctic oil and gas resources extraction: global trends and Russian experience},
  author={Samylovskaya, Ekaterina and Makhovikov, Alexey and Lutonin, Alexander and Medvedev, Dmitry and Kudryavtseva, Regina-Elizaveta},
  journal={Resources},
  volume={11},
  number={3},
  pages={29},
  year={2022},
  publisher={MDPI}
}

@inproceedings{antonakakis2017understanding,
  title={Understanding the mirai botnet},
  author={Antonakakis, Manos and April, Tim and Bailey, Michael and Bernhard, Matt and Bursztein, Elie and Cochran, Jaime and Durumeric, Zakir and Halderman, J Alex and Invernizzi, Luca and Kallitsis, Michalis and others},
  booktitle={26th USENIX security symposium (USENIX Security 17)},
  pages={1093--1110},
  year={2017}
}

@article{tu2022comprehensive,
  title={A comprehensive study of Mozi botnet},
  author={Tu, Teng-Fei and Qin, Jia-Wei and Zhang, Hua and Chen, Miao and Xu, Tong and Huang, Yue},
  journal={International Journal of Intelligent Systems},
  volume={37},
  number={10},
  pages={6877--6908},
  year={2022},
  publisher={Wiley Online Library}
}

@misc{trendmicroBrickerBotMalware,
	author = {},
	title = { 	{B}ricker{B}ot {M}alware {E}merges, {P}ermanently {B}ricks {I}o{T} {D}evices | {T}rend {M}icro ({U}{S})  --- trendmicro.com},
	howpublished = {\url{https://www.trendmicro.com/vinfo/us/security/news/internet-of-things/brickerbot-malware-permanently-bricks-iot-devices}},
	year = {},
	note = {[Accessed 21-01-2025]},
}

@inproceedings{gyorgyi2023network,
  title={In-network quality control of ip camera streams},
  author={Gy{\"o}rgyi, Csaba and Kecskem{\'e}ti, K{\'a}roly and V{\"o}r{\"o}s, P{\'e}ter and Laki, S{\'a}ndor and Szab{\'o}, G{\'e}za},
  booktitle={Proceedings of the Twenty-fourth International Symposium on Theory, Algorithmic Foundations, and Protocol Design for Mobile Networks and Mobile Computing},
  pages={334--339},
  year={2023}
}

@article{rondon2022survey,
  title={Survey on enterprise Internet-of-Things systems (E-IoT): A security perspective},
  author={Rondon, Luis Puche and Babun, Leonardo and Aris, Ahmet and Akkaya, Kemal and Uluagac, A Selcuk},
  journal={Ad Hoc Networks},
  volume={125},
  pages={102728},
  year={2022},
  publisher={Elsevier}
}

@article{hino2022changes,
  title={Changes in public attitudes toward CCTV installations in residential areas between 2008 and 2019},
  author={Hino, Kimihiro},
  journal={Cities},
  volume={128},
  pages={103810},
  year={2022},
  publisher={Elsevier}
}

@misc{Schneier,
	author = {Bruce Schneier},
	title = {Schneier on Security},
	howpublished = {\url{https://www.schneier.com/blog/archives/2014/03/cottonmouth-i_n.html}},
	year = {2009},
	note = {[Accessed 21-01-2025]},
}
@inproceedings{leone2021survey,
  title={A survey: Crowds detection method on public transportation},
  author={Leone, Darren Anando and Novianto, Handry and Setiawan, Ruben and Gilbert, Timothy and Hanafiah, Novita},
  booktitle={2021 1st International Conference on Computer Science and Artificial Intelligence (ICCSAI)},
  volume={1},
  pages={258--262},
  year={2021},
  organization={IEEE}
}

@misc{gitbookPlaysetTools,
	author = {},
	title = {{N}{S}{A} {P}layset: {U}{S}{B} {T}ools | 2015 {S}­hmoo{C}o­n {P}roc­eeding­s --- shmoo.gitbook.io},
	howpublished = {\url{https://shmoo.gitbook.io/2015-shmoocon-proceedings/build_it/01_nsa_playset_usb_tools}},
	year = {},
	note = {[Accessed 21-01-2025]},
}

@inproceedings{Lipp2021Platypus,
  title = {{PLATYPUS: Software-based Power Side-Channel Attacks on x86}},
  author = {Lipp, Moritz and Kogler, Andreas and Oswald, David and Schwarz,
            Michael and Easdon, Catherine and Canella, Claudio and Gruss, Daniel},
  booktitle={2021 IEEE Symposium on Security and Privacy (SP)},
  year = {2021},
  organization={IEEE}
}

@article{li2021modern,
  title={Modern video coding standards: H. 264, H. 265, and H. 266},
  author={Li, Ze-Nian and Drew, Mark S and Liu, Jiangchuan and Li, Ze-Nian and Drew, Mark S and Liu, Jiangchuan},
  journal={Fundamentals of Multimedia},
  pages={423--478},
  year={2021},
  publisher={Springer}
}

@misc{arstechnicaMeetbadBIOS,
	author = {},
	title = {{M}eet “bad{B}{I}{O}{S},” the mysterious {M}ac and {P}{C} malware that jumps airgaps --- arstechnica.com},
	howpublished = {\url{https://arstechnica.com/information-technology/2013/10/meet-badbios-the-mysterious-mac-and-pc-malware-that-jumps-airgaps/}},
	year = {},
	note = {[Accessed 21-01-2025]},
}


@article{mohamed2023survey,
  title={A survey of streaming protocols for video transmission},
  author={Mohamed, Huthaifa L and Mahmood, Ahlam Fadhil},
  journal={NTU Journal of Engineering and Technology},
  volume={2},
  number={1},
  year={2023}
}

@inproceedings{callan2014practical,
  title={A practical methodology for measuring the side-channel signal available to the attacker for instruction-level events},
  author={Callan, Robert and Zajic, Alenka and Prvulovic, Milos},
  booktitle={2014 47th Annual IEEE/ACM International Symposium on Microarchitecture},
  pages={242--254},
  year={2014},
  organization={IEEE}
}

@misc{trmmThunderstrike,
	author = {},
	title = {{T}hunderstrike --- trmm.net},
	howpublished = {\url{https://trmm.net/Thunderstrike/}},
	year = {},
	note = {[Accessed 21-01-2025]},
}

@misc{welivesecurityLoJaxFirst,
	author = {},
	title = {{L}o{J}ax: {F}irst {U}{E}{F}{I} rootkit found in the wild, courtesy of the {S}ednit group --- welivesecurity.com},
	howpublished = {\url{https://www.welivesecurity.com/2018/09/27/lojax-first-uefi-rootkit-found-wild-courtesy-sednit-group/}},
	year = {},
	note = {[Accessed 21-01-2025]},
}
@inproceedings{xu2015much,
  title={How much bandwidth does surveillance system require?},
  author={Xu, Zengmin and Hu, Ruimin and Chen, Jun and Li, Hongyang and Chen, Huafeng},
  booktitle={2015 IEEE International Conference on Image Processing (ICIP)},
  pages={1762--1766},
  year={2015},
  organization={IEEE}
}

@book{cohen2009cctv,
  title={CCTV operational requirements manual 2009},
  author={Cohen, Neil and Gattuso, Jay and MacLennan-Brown, Ken},
  year={2009},
  publisher={Home Office Scientific Development Branch St. Albans}
}
@article{gravzelisminimum,
  title={MINIMUM REQUIREMENTS FOR VIDEO SURVEILLANCE SYSTEM FOR PUBLIC AREAS},
  author={Gra{\v{z}}elis, K{\k{e}}stutis and Barkauskas, Dainius and Laptev, Pavel and Targamaa, Kristi and Smilga, Mareks}
}

@article{petit2015remote,
  title={Remote attacks on automated vehicles sensors: Experiments on camera and lidar},
  author={Petit, Jonathan and Stottelaar, Bas and Feiri, Michael and Kargl, Frank},
  journal={Black Hat Europe},
  volume={11},
  number={2015},
  pages={995},
  year={2015},
  publisher={Amsterdam, Netherlands}
}

@article{rutkowska2009thoughts,
  title={Thoughts about trusted computing},
  author={Rutkowska, Joanna and Tereshkin, Alexander and Wojtczuk, Rafal},
  journal={Invisible Things Lab, EuSecWest May},
  pages={27--28},
  year={2009}
}

@article{zolfi2021adversarial,
  title={Adversarial mask: Real-world adversarial attack against face recognition models},
  author={Zolfi, Alon and Avidan, Shai and Elovici, Yuval and Shabtai, Asaf},
  journal={arXiv preprint arXiv:2111.10759},
  volume={2},
  number={3},
  year={2021}
}

@article{halderman2009lest,
  title={Lest we remember: cold-boot attacks on encryption keys},
  author={Halderman, J Alex and Schoen, Seth D and Heninger, Nadia and Clarkson, William and Paul, William and Calandrino, Joseph A and Feldman, Ariel J and Appelbaum, Jacob and Felten, Edward W},
  journal={Communications of the ACM},
  volume={52},
  number={5},
  pages={91--98},
  year={2009},
  publisher={ACM New York, NY, USA}
}

@article{kim2014flipping,
  title={Flipping bits in memory without accessing them: An experimental study of DRAM disturbance errors},
  author={Kim, Yoongu and Daly, Ross and Kim, Jeremie and Fallin, Chris and Lee, Ji Hye and Lee, Donghyuk and Wilkerson, Chris and Lai, Konrad and Mutlu, Onur},
  journal={ACM SIGARCH Computer Architecture News},
  volume={42},
  number={3},
  pages={361--372},
  year={2014},
  publisher={ACM New York, NY, USA}
}

@article{colonial2021,
    title = {Colonial Pipeline Cyber Attack: How it Happened and Why it Matters},
    author = {Temple-Raston, Dina},
    journal = {NPR Special Series},
    year = {2021},
    url = {https://www.npr.org/2021/06/08/1002801493/timeline-how-the-colonial-pipeline-cyber-attack-and-the-aftermath-unfolded}
}

@techreport{oldsmar2021,
    title = {Compromise of U.S. Water Treatment Facility},
    author = {{FBI Cyber Division}},
    institution = {Federal Bureau of Investigation},
    type = {Flash Alert},
    number = {MI-000140-MW},
    year = {2021},
    month = {February}
}

@article{iranian_steel_2022,
    title = {Cyber Attack Forces Iran Steel Company to Halt Production},
    author = {Motamedi, Maziar},
    journal = {Al Jazeera},
    year = {2022},
    url = {https://www.aljazeera.com/news/2022/6/27/cyber-attack-forces-iran-steel-company-to-halt-production}
}

@techreport{industroyer2_2022,
    title = {INDUSTROYER.V2: New Malware Used in Ukraine},
    author = {{CERT-UA} and {ESET Research}},
    institution = {Computer Emergency Response Team of Ukraine},
    year = {2022},
    month = {April}
}

@techreport{pipedream2022,
    title = {APT Cyber Tools Targeting ICS/SCADA Devices},
    author = {{CISA}},
    institution = {Cybersecurity and Infrastructure Security Agency},
    type = {Joint Cybersecurity Advisory},
    number = {AA22-103A},
    year = {2022},
    month = {April}
}

@article{vaneck1985electromagnetic,
    title={Electromagnetic radiation from video display units: An eavesdropping risk?},
    author={Van Eck, Wim},
    journal={Computers \& Security},
    volume={4},
    number={4},
    pages={269--286},
    year={1985},
    publisher={Elsevier}
}

@techreport{nsa_gunman,
    title={Learning From the Enemy: The GUNMAN Project},
    author={{Center for Cryptologic History}},
    institution={National Security Agency},
    year={2012},
    type={Declassified Report},
    number={Series VI, Vol 13}
}

@article{genkin2014rsa,
    title={RSA key extraction via low-bandwidth acoustic cryptanalysis},
    author={Genkin, Daniel and Shamir, Adi and Tromer, Eran},
    journal={SIAM Journal on Computing},
    volume={43},
    number={4},
    pages={1480--1511},
    year={2014},
    publisher={SIAM}
}

@inproceedings{screaming_channels,
    title={SCREAMING CHANNELS: When Electromagnetic Side Channels Meet Radio Transceivers},
    author={Camurati, Giovanni and Poeplau, Sebastian and Muench, Marius and Hayes, Tom and Francillon, Aurelien},
    booktitle={Proceedings of the 2018 ACM SIGSAC Conference on Computer and Communications Security},
    pages={163--177},
    year={2018}
}

@article{lamphone2020,
    title={Lamphone: Real-Time Passive Sound Recovery from Light Bulb Vibrations},
    author={Nassi, Ben and Melamed, Yaron and Shamir, Adi and Elovici, Yuval and Weissman, Boris},
    journal={CRYPTOLOGY ePRINT ARCHIVE},
    year={2020}
}

@inproceedings{rambleed2019,
    title={RAMBleed: Reading Bits in Memory Without Accessing Them},
    author={Kwong, Andrew and Genkin, Daniel and Gruss, Daniel and Yarom, Yuval},
    booktitle={2020 IEEE Symposium on Security and Privacy (SP)},
    pages={695--711},
    year={2020},
    organization={IEEE}
}

@inproceedings{synesthesia2019,
    title={Synesthesia: Detecting Screen Content via Remote Acoustic Side Channels},
    author={Genkin, Daniel and Pattani, Mihir and Schuster, Roei and Tromer, Eran},
    booktitle={2019 IEEE Symposium on Security and Privacy (SP)},
    pages={853--869},
    year={2019}
}

@inproceedings{laptop_listening2019,
    title={Listen to Your Key: Towards Acoustics-Based Physical Key Inference},
    author={Wang, Chen and Liu, Xiaonan and Li, Kebin},
    booktitle={Proceedings of the 17th Annual International Conference on Mobile Systems, Applications, and Services},
    pages={379--391},
    year={2019}
}

@inproceedings{rippler2018,
    title={RIPPLER: Delay Injection for Network Covert Timing Channels},
    author={Shah, Gagan and Molina, Andres and Blaze, Matt},
    booktitle={Security and Privacy in Communication Networks},
    pages={275--294},
    year={2018}
}


@inproceedings{capacitive_touchscreen2020,
    title={Sensing WiFi Network Through Capacitive Touchscreens},
    author={Zhang, Jiayu and Tang, Zhenyu and Li, Ming and Fang, Dingyi and Nurmi, Petteri and Wang, Zhanyong},
    booktitle={Proceedings of the 18th Conference on Embedded Networked Sensor Systems},
    pages={268--281},
    year={2020}
}

@inproceedings{thermal_imaging2018,
    title={Thermanator: Thermal Residue-Based Post Factum Attacks On Keyboard Password Entry},
    author={Kaczmarek, Tyler and Ozcan, Ercan and Balagani, Kiran and Cardenas, Alvaro A},
    booktitle={2018 IEEE Security and Privacy Workshops (SPW)},
    pages={208--213},
    year={2018}
}

@inproceedings{cpu_fan_tempest,
    title={Acoustic cryptanalysis: On noisy people and noisy machines},
    author={Shamir, Adi and Tromer, Eran},
    booktitle={Eurocrypt 2004 Rump Session},
    year={2004}
}

@inproceedings{keyboard_acoustic,
    title={Keyboard acoustic emanations revisited},
    author={Zhuang, Li and Zhou, Feng and Tygar, J Doug},
    booktitle={Proceedings of the 12th ACM Conference on Computer and Communications Security},
    pages={373--382},
    year={2005}
}

@inproceedings{photonic_tempest,
    title={Photonic side channel attacks against computer displays},
    author={Kuhn, Markus G},
    booktitle={2002 IEEE International High-Level Design Validation and Test Workshop},
    pages={171--176},
    year={2002}
}

@article{power_tempest,
    title={Power analysis side channel attacks: The processor design-level context},
    author={Luo, Pengwei and Fei, Yunsi and Zhang, Lei and Ding, A Adam},
    journal={Journal of Hardware and Systems Security},
    volume={3},
    pages={71--85},
    year={2019}
}

@article{nassi2020laser,
  title={Lamphone: Real-time passive sound recovery from light bulb vibrations},
  author={Nassi, Ben and Melamed, Yaron and Shamir, Adi and Elovici, Yuval and Weissman, Boris},
  journal={Cryptology ePrint Archive},
  year={2020},
  url={https://eprint.iacr.org/2020/712}
}

@inproceedings{kim2014rowhammer,
  title={Flipping bits in memory without accessing them: An experimental study of {DRAM} disturbance errors},
  author={Kim, Yoongu and Daly, Ross and Kim, Jeremie and Fallin, Chris and Lee, Ji Hye and Lee, Donghyuk and Wilkerson, Chris and Lai, Konrad and Mutlu, Onur},
  booktitle={ACM SIGARCH Computer Architecture News},
  volume={42},
  number={3},
  pages={361--372},
  year={2014},
  url={https://dl.acm.org/doi/10.1145/2678373.2665726}
}

@article{skorobogatov2002laser,
  title={Using laser fault injection to bypass security mechanisms in microprocessors},
  author={Skorobogatov, Sergei},
  journal={Technical Report},
  institution={University of Cambridge, Computer Laboratory},
  year={2002},
  url={https://www.cl.cam.ac.uk/~sps32/}
}

@article{genkin2014acoustic,
  title={RSA key extraction via low-bandwidth acoustic cryptanalysis},
  author={Genkin, Daniel and Shamir, Adi and Tromer, Eran},
  journal={SIAM Journal on Computing},
  volume={43},
  number={4},
  pages={1480--1511},
  year={2014},
  url={https://epubs.siam.org/doi/10.1137/130932740}
}

@article{kaspersky2012flame,
  title={The flame: Questions and answers},
  author={Kaspersky Labs},
  year={2012},
  journal={Kaspersky Securelist},
  url={https://securelist.com/the-flame-questions-and-answers/34344/}
}

@article{dragos2017havex,
  title={Havex: Analysis of ICS trojan},
  author={Dragos Inc.},
  year={2017},
  url={https://dragos.com/resource/havex-ics-trojan-analysis/}
}

@article{greenberg2017wannacry,
  title={The ransomware meltdown experts warned about is here},
  author={Greenberg, Andy},
  journal={WIRED},
  year={2017},
  url={https://www.wired.com/story/wannacry-ransomware/}
}

@article{cisco2018olympicdestroyer,
  title={Olympic destroyer malware analysis},
  author={Cisco Talos},
  year={2018},
  url={https://blog.talosintelligence.com/2018/02/olympic-destroyer.html}
}

@article{greenberg2018notpetya,
  title={The untold story of NotPetya, the most devastating cyberattack in history},
  author={Greenberg, Andy},
  journal={WIRED},
  year={2018},
  url={https://www.wired.com/story/notpetya-cyberattack-ukraine-russia-code-crashed-the-world/}
}

@article{kaspersky2012shamoon,
  title={Shamoon: The wiper returns},
  author={Kaspersky Labs},
  year={2012},
  journal={Kaspersky Securelist},
  url={https://securelist.com/shamoon-the-wiper-returns/83893/}
}

