@inproceedings{awp,
  author       = {Dongxian Wu and
                  Shu{-}Tao Xia and
                  Yisen Wang},
  title        = {Adversarial Weight Perturbation Helps Robust Generalization},
  booktitle    = {Advances in Neural Information Processing Systems},
  year         = {2020},
}

@inproceedings{bengio2015scheduled,
  author       = {Samy Bengio and
                  Oriol Vinyals and
                  Navdeep Jaitly and
                  Noam Shazeer},
  title        = {Scheduled Sampling for Sequence Prediction with Recurrent Neural Networks},
  booktitle    = {Advances in Neural Information Processing Systems},
  year         = {2015},
}

@inproceedings{diffusion-ip,
  author       = {Mang Ning and
                  Enver Sangineto and
                  Angelo Porrello and
                  Simone Calderara and
                  Rita Cucchiara},
  title        = {Input Perturbation Reduces Exposure Bias in Diffusion Models},
  booktitle    = {International Conference on Machine Learning},
  year         = {2023}
}

@inproceedings{es,
	title={Elucidating the Exposure Bias in Diffusion Models},
	author={Mang Ning and Mingxiao Li and Jianlin Su and Albert Ali Salah and Itir {\"{O}}nal Ertugrul},
	booktitle={International Conference on Learning Representations},
	year={2024}
}

@inproceedings{fgsm,
  author       = {Ian J. Goodfellow and
                  Jonathon Shlens and
                  Christian Szegedy},
  title        = {Explaining and Harnessing Adversarial Examples},
  booktitle    = {International Conference on Learning Representations},
  year         = {2015},
}

@inproceedings{freeat,
  author       = {Ali Shafahi and
                  Mahyar Najibi and
                  Amin Ghiasi and
                  Zheng Xu and
                  John P. Dickerson and
                  Christoph Studer and
                  Larry S. Davis and
                  Gavin Taylor and
                  Tom Goldstein},
  title        = {Adversarial training for free!},
  booktitle    = {Advances in Neural Information Processing Systems 32: Annual Conference
                  on Neural Information Processing Systems 2019, NeurIPS 2019, December
                  8-14, 2019, Vancouver, BC, Canada},
  year         = {2019},
}

@inproceedings{freelb,
  author       = {Chen Zhu and
                  Yu Cheng and
                  Zhe Gan and
                  Siqi Sun and
                  Tom Goldstein and
                  Jingjing Liu},
  title        = {FreeLB: Enhanced Adversarial Training for Natural Language Understanding},
  booktitle    = {International Conference on Learning Representations},
  year         = {2020},
}

@inproceedings{jiang2020smart,
  author       = {Haoming Jiang and
                  Pengcheng He and
                  Weizhu Chen and
                  Xiaodong Liu and
                  Jianfeng Gao and
                  Tuo Zhao},
  title        = {{SMART:} Robust and Efficient Fine-Tuning for Pre-trained Natural
                  Language Models through Principled Regularized Optimization},
  booktitle    = {Proceedings of the 58th Annual Meeting of the Association for Computational
                  Linguistics},
  year         = {2020},
}

@inproceedings{lee2018minimax,
	title={Minimax statistical learning with wasserstein distances},
	author={Lee, Jaeho and Raginsky, Maxim},
	booktitle={Advances in Neural Information Processing Systems},
	year={2018}
}

@inproceedings{li2024alleviating,
	title={Alleviating Exposure Bias in Diffusion Models through Sampling with Shifted Time Steps},
	author={Mingxiao Li and
                  Tingyu Qu and
                  Wei Sun and
                  Marie{-}Francine Moens},
	booktitle={International Conference on Learning Representations},
	year={2024}
}

@inproceedings{li2024on,
  title={On Error Propagation of Diffusion Models},
  author={Li, Yangming and van der Schaar, Mihaela},
  booktitle={The Twelfth International Conference on Learning Representations},
  year={2024}
}

@inproceedings{madry2018towards,
	title={Towards Deep Learning Models Resistant to Adversarial Attacks},
	author={Madry, Aleksander and Makelov, Aleksandar and Schmidt, Ludwig and Tsipras, Dimitris and Vladu, Adrian},
	booktitle={International Conference on Learning Representations},
	year={2018}
}

@phdthesis{namkoong2019reliable,
	title={Reliable machine learning via distributional robustness},
	author={Namkoong, Hongseok},
	year={2019},
	school={Stanford University}
}

@inproceedings{nie2022diffusion,
  author       = {Weili Nie and
                  Brandon Guo and
                  Yujia Huang and
                  Chaowei Xiao and
                  Arash Vahdat and
                  Animashree Anandkumar},
  title        = {Diffusion Models for Adversarial Purification},
  booktitle    = {International Conference on Machine Learning},
  year         = {2022},
}

@article{radford2019language,
  title={Language models are unsupervised multitask learners},
  author={Radford, Alec and Wu, Jeffrey and Child, Rewon and Luan, David and Amodei, Dario and Sutskever, Ilya and others},
  journal={OpenAI blog},
  volume={1},
  number={8},
  pages={9},
  year={2019}
}

@inproceedings{ranzato2016sequence,
  author       = {Marc'Aurelio Ranzato and
                  Sumit Chopra and
                  Michael Auli and
                  Wojciech Zaremba},
  title        = {Sequence Level Training with Recurrent Neural Networks},
  booktitle    = {International Conference on Learning Representations},
  year         = {2016},
}

@techreport{rebuffi2021fixing,
	title={Fixing Data Augmentation to Improve Adversarial Robustness},
	author={Sylvestre{-}Alvise Rebuffi and
                  Sven Gowal and
                  Dan A. Calian and
                  Florian Stimberg and
                  Olivia Wiles and
                  Timothy A. Mann},
	type={Preprint},
	number={arXiv:2103.01946},
	year={2021}
}

@inproceedings{ren2024multistep,
  author       = {Zhiyao Ren and
                  Yibing Zhan and
                  Liang Ding and
                  Gaoang Wang and
                  Chaoyue Wang and
                  Zhongyi Fan and
                  Dacheng Tao},
  title        = {Multi-Step Denoising Scheduled Sampling: Towards Alleviating Exposure
                  Bias for Diffusion Models},
  booktitle    = {AAAI Conference on Artificial Intelligence},
  year         = {2024},
}

@article{shapiro2017distributionally,
	title={Distributionally robust stochastic programming},
	author={Shapiro, Alexander},
	journal={SIAM Journal on Optimization},
	volume={27},
	number={4},
	pages={2258--2275},
	year={2017},
	publisher={SIAM}
}

@inproceedings{shen2016minimum,
  author       = {Shiqi Shen and
                  Yong Cheng and
                  Zhongjun He and
                  Wei He and
                  Hua Wu and
                  Maosong Sun and
                  Yang Liu},
  title        = {Minimum Risk Training for Neural Machine Translation},
  booktitle    = {Proceedings of the 54th Annual Meeting of the Association for Computational
                  Linguistics},
  year         = {2016},
}

@inproceedings{sinha2018certifying,
	title={Certifying some distributional robustness with principled adversarial training},
	author={Sinha, Aman and Namkoong, Hongseok and Duchi, John},
	booktitle={International Conference on Learning Representations},
	year={2018}
}

@inproceedings{steven2017self,
  author       = {Steven J. Rennie and
                  Etienne Marcheret and
                  Youssef Mroueh and
                  Jerret Ross and
                  Vaibhava Goel},
  title        = {Self-Critical Sequence Training for Image Captioning},
  booktitle    = {{IEEE} Conference on Computer Vision and Pattern Recognition},
  year         = {2017},
}

@inproceedings{wang2022out,
  title={Out-of-distribution generalization with causal invariant transformations},
  author={Wang, Ruoyu and Yi, Mingyang and Chen, Zhitang and Zhu, Shengyu},
  booktitle={Conference on Computer Vision and Pattern Recognition},
  year={2022}
}

@inproceedings{wang2023better,
  author       = {Zekai Wang and
                  Tianyu Pang and
                  Chao Du and
                  Min Lin and
                  Weiwei Liu and
                  Shuicheng Yan},
  title        = {Better Diffusion Models Further Improve Adversarial Training},
  booktitle    = {International Conference on Machine Learning},
  year         = {2023},
}

@inproceedings{yi2021improved,
	title={Improved ood generalization via adversarial training and pretraing},
	author={Yi, Mingyang and Hou, Lu and Sun, Jiacheng and Shang, Lifeng and Jiang, Xin and Liu, Qun and Ma, Zhiming},
	booktitle={International Conference on Machine Learning},
	year={2021}
}

@inproceedings{yi2023breaking,
	title={Breaking Correlation Shift via Conditional Invariant Regularizer},
	author={Yi, Mingyang and Wang, Ruoyu and Sun, Jiacheng and Li, Zhenguo and Ma, Zhi-Ming},
	booktitle={The International Conference on Learning Representations},
	year={2023}
}

@inproceedings{yopo,
  author       = {Dinghuai Zhang and
                  Tianyuan Zhang and
                  Yiping Lu and
                  Zhanxing Zhu and
                  Bin Dong},
  title        = {You Only Propagate Once: Accelerating Adversarial Training via Maximal
                  Principle},
  booktitle    = {Advances in Neural Information Processing Systems},
  year         = {2019},
}

@inproceedings{zhang2019bridging,
  author       = {Wen Zhang and
                  Yang Feng and
                  Fandong Meng and
                  Di You and
                  Qun Liu},
  title        = {Bridging the Gap between Training and Inference for Neural Machine
                  Translation},
  booktitle    = {Proceedings of the 57th Conference of the Association for Computational Linguistics},
  year         = {2019},
}

@inproceedings{zhang2019theoretically,
  author       = {Hongyang Zhang and
                  Yaodong Yu and
                  Jiantao Jiao and
                  Eric P. Xing and
                  Laurent El Ghaoui and
                  Michael I. Jordan},
  title        = {Theoretically Principled Trade-off between Robustness and Accuracy},
  booktitle    = {International Conference on Machine Learning},
  year         = {2019},
}

@inproceedings{zhang2023enhancing,
  author       = {Boya Zhang and
                  Weijian Luo and
                  Zhihua Zhang},
  title        = {Enhancing Adversarial Robustness via Score-Based Optimization},
  booktitle    = {Advances in Neural Information Processing Systems},
  year         = {2023},
}

