@article{perkowski2011backward,
	title={Backward stochastic differential equations: an introduction},
	author={Perkowski, Nicolas},
	journal={Tan{\'a}ri jegyzet},
	pages={8},
	year={2011}
}

@inproceedings{kingma2013auto,
	title={Auto-encoding variational $\{$Bayes$\}$},
	author={Kingma, Diederik P and Welling, Max},
	booktitle={International Conference on Learning Representations},
	year={2013}
}

@inproceedings{goodfellow2014generative,
	title={Generative Adversarial Nets},
	author={Goodfellow, Ian J and Pouget-Abadie, Jean and Mirza, Mehdi and Xu, Bing and Warde-Farley, David and Ozair, Sherjil and Courville, Aaron C and Bengio, Yoshua},
	booktitle={Advances in Neural Information Processing Systems},
	year={2014}
}

@inproceedings{song2020score,
	title={Score-Based Generative Modeling through Stochastic Differential Equations},
	author={Song, Yang and Sohl-Dickstein, Jascha and Kingma, Diederik P and Kumar, Abhishek and Ermon, Stefano and Poole, Ben},
	booktitle={International Conference on Learning Representations},
	year={2020}
}

@inproceedings{ho2020denoising,
	title={Denoising diffusion probabilistic models},
	author={Ho, Jonathan and Jain, Ajay and Abbeel, Pieter},
	booktitle={Advances in Neural Information Processing Systems},
	year={2020}
}

@inproceedings{arora2017generalization,
	title={Generalization and equilibrium in generative adversarial nets (gans)},
	author={Arora, Sanjeev and Ge, Rong and Liang, Yingyu and Ma, Tengyu and Zhang, Yi},
	booktitle={International Conference on Machine Learning},
	year={2017}
}

@inproceedings{arjovsky2017wasserstein,
	title={Wasserstein generative adversarial networks},
	author={Arjovsky, Martin and Chintala, Soumith and Bottou, L{\'e}on},
	booktitle={International conference on machine learning},
	year={2017}
}

@techreport{somepalli2022diffusion,
	title={Diffusion Art or Digital Forgery? Investigating Data Replication in Diffusion Models},
	author={Somepalli, Gowthami and Singla, Vasu and Goldblum, Micah and Geiping, Jonas and Goldstein, Tom},
	type={Preprint},
	number={arXiv:2212.03860},
	year={2022}
}

@inproceedings{song2020denoising,
	title={Denoising Diffusion Implicit Models},
	author={Song, Jiaming and Meng, Chenlin and Ermon, Stefano},
	booktitle={International Conference on Learning Representations},
	year={2022}
}

@inproceedings{lu2022dpm,
	title={DPM-Solver: A Fast ODE Solver for Diffusion Probabilistic Model Sampling in Around 10 Steps},
	author={Lu, Cheng and Zhou, Yuhao and Bao, Fan and Chen, Jianfei and Li, Chongxuan and Zhu, Jun},
	booktitle={Advances in Neural Information Processing Systems},
	year={2022}
}

@inproceedings{sohl2015deep,
	title={Deep unsupervised learning using nonequilibrium thermodynamics},
	author={Sohl-Dickstein, Jascha and Weiss, Eric and Maheswaranathan, Niru and Ganguli, Surya},
	booktitle={International Conference on Machine Learning},
	year={2015}
}

@inproceedings{song2021maximum,
	title={Maximum likelihood training of score-based diffusion models},
	author={Song, Yang and Durkan, Conor and Murray, Iain and Ermon, Stefano},
	journal={Advances in Neural Information Processing Systems},
	year={2021}
}

@inproceedings{xu2017information,
	title={Information-theoretic analysis of generalization capability of learning algorithms},
	author={Xu, Aolin and Raginsky, Maxim},
	journal={Advances in Neural Information Processing Systems},
	year={2017}
}

@inproceedings{rodriguez2021tighter,
	title={Tighter expected generalization error bounds via Wasserstein distance},
	author={Rodr{\'\i}guez G{\'a}lvez, Borja and Bassi, Germ{\'a}n and Thobaben, Ragnar and Skoglund, Mikael},
	journal={Advances in Neural Information Processing Systems},
	year={2021}
}

@article{duchi2016lecture,
	title={Lecture notes for statistics 311/electrical engineering 377},
	author={Duchi, John},
	journal={URL: https://stanford. edu/class/stats311/Lectures/full\_notes. pdf. Last visited on},
	volume={2},
	pages={23},
	year={2016}
}

@inproceedings{bao2022analytic,
	title={Analytic-DPM: an Analytic Estimate of the Optimal Reverse Variance in Diffusion Probabilistic Models},
	author={Bao, Fan and Li, Chongxuan and Zhu, Jun and Zhang, Bo},
	booktitle={International Conference on Learning Representations},
	year={2022}
}

@article{banerjee2005optimality,
	title={On the optimality of conditional expectation as a Bregman predictor},
	author={Banerjee, Arindam and Guo, Xin and Wang, Hui},
	journal={IEEE Transactions on Information Theory},
	volume={51},
	number={7},
	pages={2664--2669},
	year={2005},
	publisher={IEEE}
}

@book{wainwright2019high,
	title={High-dimensional statistics: A non-asymptotic viewpoint},
	author={Wainwright, Martin J},
	volume={48},
	year={2019},
	publisher={Cambridge university press}
}

@book{shiryaev2016probability,
	title={Probability-1},
	author={Shiryaev, Albert N},
	volume={95},
	year={2016},
	publisher={Springer}
}

@article{efron2011tweedie,
	title={Tweedieâ€™s formula and selection bias},
	author={Efron, Bradley},
	journal={Journal of the American Statistical Association},
	volume={106},
	number={496},
	pages={1602--1614},
	year={2011},
	publisher={Taylor \& Francis}
}

@article{vincent2011connection,
	title={A connection between score matching and denoising autoencoders},
	author={Vincent, Pascal},
	journal={Neural computation},
	volume={23},
	number={7},
	pages={1661--1674},
	year={2011},
	publisher={MIT Press}
}

@techreport{carlini2023extracting,
	title={Extracting training data from diffusion models},
	author={Carlini, Nicholas and Hayes, Jamie and Nasr, Milad and Jagielski, Matthew and Sehwag, Vikash and Tramer, Florian and Balle, Borja and Ippolito, Daphne and Wallace, Eric},
	type={Preprint},
	number={arXiv:2301.13188},
	year={2023}
}

@inproceedings{allen2019convergence,
	title={A convergence theory for deep learning via over-parameterization},
	author={Allen-Zhu, Zeyuan and Li, Yuanzhi and Song, Zhao},
	booktitle={International Conference on Machine Learning},
	year={2019},
}

@inproceedings{du2019gradient,
	title={Gradient descent finds global minima of deep neural networks},
	author={Du, Simon and Lee, Jason D. and Li, Haochuan and Wang, Liwei and Zhai, Xiyu},
	booktitle={International Conference on Machine Learning},
	year={2019}
}

@article{zhang2021understanding,
	title={Understanding deep learning (still) requires rethinking generalization},
	author={Zhang, Chiyuan and Bengio, Samy and Hardt, Moritz and Recht, Benjamin and Vinyals, Oriol},
	journal={Communications of the ACM},
	volume={64},
	number={3},
	pages={107--115},
	year={2021},
	publisher={ACM New York, NY, USA}
}

@book{vapnik1999nature,
	title={The nature of statistical learning theory},
	author={Vapnik, Vladimir},
	year={1999},
	publisher={Springer science \& business media}
}

@article{yi2022characterization,
	title={Characterization of Excess Risk for Locally Strongly Convex Population Risk},
	author={Yi, Mingyang and Wang, Ruoyu and Ma, Zhi-Ming},
	journal={Advances in Neural Information Processing Systems},
	year={2022}
}

@inproceedings{yi2023breaking,
	title={Breaking Correlation Shift via Conditional Invariant Regularizer},
	author={Yi, Mingyang and Wang, Ruoyu and Sun, Jiacheng and Li, Zhenguo and Ma, Zhi-Ming},
	booktitle={The International Conference on Learning Representations},
	year={2023}
}

@article{bu2020tightening,
	title={Tightening mutual information-based bounds on generalization error},
	author={Bu, Yuheng and Zou, Shaofeng and Veeravalli, Venugopal V},
	journal={IEEE Journal on Selected Areas in Information Theory},
	volume={1},
	number={1},
	pages={121--130},
	year={2020},
	publisher={IEEE}
}

@inproceedings{lopez2018generalization,
	title={Generalization error bounds using Wasserstein distances},
	author={Lopez, Adrian Tovar and Jog, Varun},
	booktitle={2018 IEEE Information Theory Workshop (ITW)},
	pages={1--5},
	year={2018},
	organization={IEEE}
}

@techreport{cao2022survey,
	title={A survey on generative diffusion model},
	author={Cao, Hanqun and Tan, Cheng and Gao, Zhangyang and Chen, Guangyong and Heng, Pheng-Ann and Li, Stan Z},
	journal={Preprint},
	number={arXiv:2209.02646},
	year={2022}
}

@inproceedings{gu2022vector,
	title={Vector quantized diffusion model for text-to-image synthesis},
	author={Gu, Shuyang and Chen, Dong and Bao, Jianmin and Wen, Fang and Zhang, Bo and Chen, Dongdong and Yuan, Lu and Guo, Baining},
	booktitle={Conference on Computer Vision and Pattern Recognition},
	year={2022}
}

@book{wainwright2019,
	author={Wainwright, Martin J.},  
	year= {2019}, 
	series={Cambridge Series in Statistical and Probabilistic Mathematics},
	title={High-dimensional statistics: A non-asymptotic viewpoint},
	publisher={Cambridge University Press}
}

@book{van1996weak,
	title={Weak convergence},
	author={Van Der Vaart, Aad W and Wellner, Jon A and van der Vaart, Aad W and Wellner, Jon A},
	year={1996},
	publisher={Springer}
}

@inproceedings{ronneberger2015u,
	title={U-net: Convolutional networks for biomedical image segmentation},
	author={Ronneberger, Olaf and Fischer, Philipp and Brox, Thomas},
	booktitle={Medical Image Computing and Computer-Assisted Intervention--MICCAI 2015: 18th International Conference, Munich, Germany, October 5-9, 2015, Proceedings, Part III 18},
	pages={234--241},
	year={2015},
	organization={Springer}
}

@article{krizhevsky2009learning,
	title={Learning multiple layers of features from tiny images},
	author={Krizhevsky, Alex and Hinton, Geoffrey},
	year={2009},
	publisher={Citeseer}
}

@inproceedings{nichol2021improved,
	title={Improved denoising diffusion probabilistic models},
	author={Nichol, Alexander Quinn and Dhariwal, Prafulla},
	booktitle={International Conference on Machine Learning},
	year={2021}
}

@inproceedings{liu2015deep,
	title={Deep learning face attributes in the wild},
	author={Liu, Ziwei and Luo, Ping and Wang, Xiaogang and Tang, Xiaoou},
	booktitle={International Conference on Computer Vision},
	year={2015}
}

@inproceedings{deng2009imagenet,
	title={Imagenet: A large-scale hierarchical image database},
	author={Deng, Jia and Dong, Wei and Socher, Richard and Li, Li-Jia and Li, Kai and Fei-Fei, Li},
	booktitle={Conference on Computer Vision and Pattern Recognition},
	year={2009}
}

@inproceedings{heusel2017gans,
	title={Gans trained by a two time-scale update rule converge to a local nash equilibrium},
	author={Heusel, Martin and Ramsauer, Hubert and Unterthiner, Thomas and Nessler, Bernhard and Hochreiter, Sepp},
	journal={Advances in Neural Information Processing Systems},
	year={2017}
}

@techreport{liu2022flow,
	title={Flow straight and fast: Learning to generate and transfer data with rectified flow},
	author={Liu, Xingchao and Gong, Chengyue and Liu, Qiang},
	type={Preprint},
	number={arXiv:2209.03003},
	year={2022}
}

@book{oksendal2013stochastic,
	title={Stochastic differential equations: an introduction with applications},
	author={Oksendal, Bernt},
	year={2013},
	publisher={Springer Science \& Business Media}
}

@inproceedings{chen2022sampling,
	title={Sampling is as easy as learning the score: theory for diffusion models with minimal data assumptions},
	author={Chen, Sitan and Chewi, Sinho and Li, Jerry and Li, Yuanzhi and Salim, Adil and Zhang, Anru},
	booktitle={International Conference on Learning Representations},
	year={2022}
}

@techreport{li2023towards,
	title={Towards Faster Non-Asymptotic Convergence for Diffusion-Based Generative Models},
	author={Li, Gen and Wei, Yuting and Chen, Yuxin and Chi, Yuejie},
	type={Preprint},
	number={arXiv:2306.09251},
	year={2023}
}

@inproceedings{yi2021improved,
	title={Improved ood generalization via adversarial training and pretraing},
	author={Yi, Mingyang and Hou, Lu and Sun, Jiacheng and Shang, Lifeng and Jiang, Xin and Liu, Qun and Ma, Zhiming},
	booktitle={International Conference on Machine Learning},
	year={2021}
}

@inproceedings{brendel2018decision,
	title={Decision-Based Adversarial Attacks: Reliable Attacks Against Black-Box Machine Learning Models},
	author={Brendel, Wieland and Rauber, Jonas and Bethge, Matthias},
	booktitle={International Conference on Learning Representations},
	year={2018}
}

@inproceedings{madry2018towards,
	title={Towards Deep Learning Models Resistant to Adversarial Attacks},
	author={Madry, Aleksander and Makelov, Aleksandar and Schmidt, Ludwig and Tsipras, Dimitris and Vladu, Adrian},
	booktitle={International Conference on Learning Representations},
	year={2018}
}

@inproceedings{levy2020large,
	title={Large-scale methods for distributionally robust optimization},
	author={Levy, Daniel and Carmon, Yair and Duchi, John C and Sidford, Aaron},
	journal={Advances in Neural Information Processing Systems},
	year={2020}
}

@book{villani2009optimal,
	title={Optimal transport: old and new},
	author={Villani, C{\'e}dric and others},
	volume={338},
	year={2009},
	publisher={Springer}
}

@inproceedings{song2023consistency,
	title={Consistency models},
	author={Song, Yang and Dhariwal, Prafulla and Chen, Mark and Sutskever, Ilya},
	booktitle={International Conference on Machine Learning},
	year={2023}
}

@inproceedings{diffusion-ip,
  author       = {Mang Ning and
                  Enver Sangineto and
                  Angelo Porrello and
                  Simone Calderara and
                  Rita Cucchiara},
  title        = {Input Perturbation Reduces Exposure Bias in Diffusion Models},
  booktitle    = {International Conference on Machine Learning},
  year         = {2023}
}

@inproceedings{Reflected_diffusion_models,
  author       = {Aaron Lou and
                  Stefano Ermon},
  title        = {Reflected Diffusion Models},
  booktitle    = {International Conference on Machine Learning},
  year         = {2023},
}

@inproceedings{dhariwal2021diffusion,
  title     = {Diffusion Models Beat {GAN}s on Image Synthesis},
  author    = {Prafulla Dhariwal and Alexander Quinn Nichol},
  booktitle = {Advances in Neural Information Processing Systems},
  pages     = {8780--8794},
  year      = {2021},
  volume={34},
}

@InProceedings{Rombach_2022_CVPR,
    author    = {Rombach, Robin and Blattmann, Andreas and Lorenz, Dominik and Esser, Patrick and Ommer, Bj\"orn},
    title     = {High-Resolution Image Synthesis With Latent Diffusion Models},
    booktitle = {Conference on Computer Vision and Pattern Recognition},
    year      = {2022},
}

@inproceedings{blattmann2023videoldm,
    title={Align your Latents: High-Resolution Video Synthesis with Latent Diffusion Models},
    author={Blattmann, Andreas and Rombach, Robin and Ling, Huan and Dockhorn, Tim and Kim, Seung Wook and Fidler, Sanja and Kreis, Karsten},
    booktitle={Conference on Computer Vision and Pattern Recognition},
    year={2023}
}


@inproceedings{ho2022vdm,
 author = {Ho, Jonathan and Salimans, Tim and Gritsenko, Alexey and Chan, William and Norouzi, Mohammad and Fleet, David J},
 booktitle = {Advances in Neural Information Processing Systems},
 title = {Video Diffusion Models},
 year = {2022}
}

@inproceedings{2021glide,
  author       = {Alexander Quinn Nichol and
                  Prafulla Dhariwal and
                  Aditya Ramesh and
                  Pranav Shyam and
                  Pamela Mishkin and
                  Bob McGrew and
                  Ilya Sutskever and
                  Mark Chen},
  title        = {{GLIDE:} Towards Photorealistic Image Generation and Editing with
                  Text-Guided Diffusion Models},
  booktitle    = {International Conference on Machine Learning},
}

@misc{dalle2,
      title={Hierarchical Text-Conditional Image Generation with CLIP Latents}, 
      author={Aditya Ramesh and Prafulla Dhariwal and Alex Nichol and Casey Chu and Mark Chen},
      year={2022},
      eprint={2204.06125},
      archivePrefix={arXiv},
      primaryClass={cs.CV}
}

@inproceedings{imagen,
 author = {Saharia, Chitwan and Chan, William and Saxena, Saurabh and Li, Lala and Whang, Jay and Denton, Emily L and Ghasemipour, Kamyar and Gontijo Lopes, Raphael and Karagol Ayan, Burcu and Salimans, Tim and Ho, Jonathan and Fleet, David J and Norouzi, Mohammad},
 booktitle = {Advances in Neural Information Processing Systems},

 title = {Photorealistic Text-to-Image Diffusion Models with Deep Language Understanding},
 year = {2022}
}
@article{ho2022cascaded,
  title={Cascaded diffusion models for high fidelity image generation},
  author={Ho, Jonathan and Saharia, Chitwan and Chan, William and Fleet, David J and Norouzi, Mohammad and Salimans, Tim},
  journal={Journal of Machine Learning Research},
  volume={23},
  number={47},
  pages={1--33},
  year={2022}
}
@inproceedings{lam2022bddm,
  title={BDDM: Bilateral Denoising Diffusion Models for Fast and High-Quality Speech Synthesis},
  author={Lam, Max WY and Wang, Jun and Su, Dan and Yu, Dong},
  booktitle={International Conference on Learning Representations},
  year={2022}
}

@inproceedings{BinauralGrad,
 author = {Song, Kaitao and Leng, Yichong and Tan, Xu and Zou, Yicheng and Qin, Tao and Li, Dongsheng},
 booktitle = {Advances in Neural Information Processing Systems},

 title = {Transcormer: Transformer for Sentence Scoring with Sliding Language Modeling},

 year = {2022}
}

@inproceedings{ranzato2016sequence,
  author       = {Marc'Aurelio Ranzato and
                  Sumit Chopra and
                  Michael Auli and
                  Wojciech Zaremba},
  title        = {Sequence Level Training with Recurrent Neural Networks},
  booktitle    = {International Conference on Learning Representations},
  year         = {2016},
}

@inproceedings{bengio2015scheduled,
  author       = {Samy Bengio and
                  Oriol Vinyals and
                  Navdeep Jaitly and
                  Noam Shazeer},
  title        = {Scheduled Sampling for Sequence Prediction with Recurrent Neural Networks},
  booktitle    = {Advances in Neural Information Processing Systems},
  year         = {2015},
}

@inproceedings{zhang2019bridging,
  author       = {Wen Zhang and
                  Yang Feng and
                  Fandong Meng and
                  Di You and
                  Qun Liu},
  title        = {Bridging the Gap between Training and Inference for Neural Machine
                  Translation},
  booktitle    = {Proceedings of the 57th Conference of the Association for Computational Linguistics},
  year         = {2019},
}

@inproceedings{es,
	title={Elucidating the Exposure Bias in Diffusion Models},
	author={Mang Ning and Mingxiao Li and Jianlin Su and Albert Ali Salah and Itir {\"{O}}nal Ertugrul},
	booktitle={International Conference on Learning Representations},
	year={2024}
}

@inproceedings{li2024alleviating,
	title={Alleviating Exposure Bias in Diffusion Models through Sampling with Shifted Time Steps},
	author={Mingxiao Li and
                  Tingyu Qu and
                  Wei Sun and
                  Marie{-}Francine Moens},
	booktitle={International Conference on Learning Representations},
	year={2024}
}

@inproceedings{li2024on,
  title={On Error Propagation of Diffusion Models},
  author={Li, Yangming and van der Schaar, Mihaela},
  booktitle={The Twelfth International Conference on Learning Representations},
  year={2024}
}

@inproceedings{ren2024multistep,
  author       = {Zhiyao Ren and
                  Yibing Zhan and
                  Liang Ding and
                  Gaoang Wang and
                  Chaoyue Wang and
                  Zhongyi Fan and
                  Dacheng Tao},
  title        = {Multi-Step Denoising Scheduled Sampling: Towards Alleviating Exposure
                  Bias for Diffusion Models},
  booktitle    = {AAAI Conference on Artificial Intelligence},
  year         = {2024},
}

@inproceedings{shen2016minimum,
  author       = {Shiqi Shen and
                  Yong Cheng and
                  Zhongjun He and
                  Wei He and
                  Hua Wu and
                  Maosong Sun and
                  Yang Liu},
  title        = {Minimum Risk Training for Neural Machine Translation},
  booktitle    = {Proceedings of the 54th Annual Meeting of the Association for Computational
                  Linguistics},
  year         = {2016},
}

@inproceedings{steven2017self,
  author       = {Steven J. Rennie and
                  Etienne Marcheret and
                  Youssef Mroueh and
                  Jerret Ross and
                  Vaibhava Goel},
  title        = {Self-Critical Sequence Training for Image Captioning},
  booktitle    = {{IEEE} Conference on Computer Vision and Pattern Recognition},
  year         = {2017},
}

@inproceedings{venkatraman2015AAAI,
  author       = {Arun Venkatraman and
                  Martial Hebert and
                  J. Andrew Bagnell},
  editor       = {Blai Bonet and
                  Sven Koenig},
  title        = {Improving Multi-Step Prediction of Learned Time Series Models},
  booktitle    = {Proceedings of the Twenty-Ninth {AAAI} Conference on Artificial Intelligence},
  year         = {2015},
}

@inproceedings{freelb,
  author       = {Chen Zhu and
                  Yu Cheng and
                  Zhe Gan and
                  Siqi Sun and
                  Tom Goldstein and
                  Jingjing Liu},
  title        = {FreeLB: Enhanced Adversarial Training for Natural Language Understanding},
  booktitle    = {International Conference on Learning Representations},
  year         = {2020},
}

@inproceedings{fgsm,
  author       = {Ian J. Goodfellow and
                  Jonathon Shlens and
                  Christian Szegedy},
  title        = {Explaining and Harnessing Adversarial Examples},
  booktitle    = {International Conference on Learning Representations},
  year         = {2015},
}

@inproceedings{jiang2020smart,
  author       = {Haoming Jiang and
                  Pengcheng He and
                  Weizhu Chen and
                  Xiaodong Liu and
                  Jianfeng Gao and
                  Tuo Zhao},
  title        = {{SMART:} Robust and Efficient Fine-Tuning for Pre-trained Natural
                  Language Models through Principled Regularized Optimization},
  booktitle    = {Proceedings of the 58th Annual Meeting of the Association for Computational
                  Linguistics},
  year         = {2020},
}

@inproceedings{yopo,
  author       = {Dinghuai Zhang and
                  Tianyuan Zhang and
                  Yiping Lu and
                  Zhanxing Zhu and
                  Bin Dong},
  title        = {You Only Propagate Once: Accelerating Adversarial Training via Maximal
                  Principle},
  booktitle    = {Advances in Neural Information Processing Systems},
  year         = {2019},
}

@inproceedings{freeat,
  author       = {Ali Shafahi and
                  Mahyar Najibi and
                  Amin Ghiasi and
                  Zheng Xu and
                  John P. Dickerson and
                  Christoph Studer and
                  Larry S. Davis and
                  Gavin Taylor and
                  Tom Goldstein},
  title        = {Adversarial training for free!},
  booktitle    = {Advances in Neural Information Processing Systems 32: Annual Conference
                  on Neural Information Processing Systems 2019, NeurIPS 2019, December
                  8-14, 2019, Vancouver, BC, Canada},
  year         = {2019},
}

@inproceedings{yi2021reweighting,
  author       = {Mingyang Yi and
                  Lu Hou and
                  Lifeng Shang and
                  Xin Jiang and
                  Qun Liu and
                  Zhi{-}Ming Ma},
  title        = {Reweighting Augmented Samples by Minimizing the Maximal Expected Loss},
  booktitle    = {International Conference on Learning Representations},
  year         = {2021},
}

@inproceedings{zhang2019theoretically,
  author       = {Hongyang Zhang and
                  Yaodong Yu and
                  Jiantao Jiao and
                  Eric P. Xing and
                  Laurent El Ghaoui and
                  Michael I. Jordan},
  title        = {Theoretically Principled Trade-off between Robustness and Accuracy},
  booktitle    = {International Conference on Machine Learning},
  year         = {2019},
}

@inproceedings{wang2023better,
  author       = {Zekai Wang and
                  Tianyu Pang and
                  Chao Du and
                  Min Lin and
                  Weiwei Liu and
                  Shuicheng Yan},
  title        = {Better Diffusion Models Further Improve Adversarial Training},
  booktitle    = {International Conference on Machine Learning},
  year         = {2023},
}

@inproceedings{nie2022diffusion,
  author       = {Weili Nie and
                  Brandon Guo and
                  Yujia Huang and
                  Chaowei Xiao and
                  Arash Vahdat and
                  Animashree Anandkumar},
  title        = {Diffusion Models for Adversarial Purification},
  booktitle    = {International Conference on Machine Learning},
  year         = {2022},
}

@inproceedings{awp,
  author       = {Dongxian Wu and
                  Shu{-}Tao Xia and
                  Yisen Wang},
  title        = {Adversarial Weight Perturbation Helps Robust Generalization},
  booktitle    = {Advances in Neural Information Processing Systems},
  year         = {2020},
}

@techreport{rebuffi2021fixing,
	title={Fixing Data Augmentation to Improve Adversarial Robustness},
	author={Sylvestre{-}Alvise Rebuffi and
                  Sven Gowal and
                  Dan A. Calian and
                  Florian Stimberg and
                  Olivia Wiles and
                  Timothy A. Mann},
	type={Preprint},
	number={arXiv:2103.01946},
	year={2021}
}

@article{xue2024sa,
  title={SA-Solver: Stochastic Adams Solver for Fast Sampling of Diffusion Models},
  author={Xue, Shuchen and Yi, Mingyang and Luo, Weijian and Zhang, Shifeng and Sun, Jiacheng and Li, Zhenguo and Ma, Zhi-Ming},
  journal={Advances in Neural Information Processing Systems},
  volume={36},
  year={2024}
}
@article{xue2024accelerating,
  title={Accelerating Diffusion Sampling with Optimized Time Steps},
  author={Xue, Shuchen and Liu, Zhaoqiang and Chen, Fei and Zhang, Shifeng and Hu, Tianyang and Xie, Enze and Li, Zhenguo},
  journal={arXiv preprint arXiv:2402.17376},
  year={2024}
}
@article{ma2024surprising,
  title={The Surprising Effectiveness of Skip-Tuning in Diffusion Sampling},
  author={Ma, Jiajun and Xue, Shuchen and Hu, Tianyang and Wang, Wenjia and Liu, Zhaoqiang and Li, Zhenguo and Ma, Zhi-Ming and Kawaguchi, Kenji},
  journal={arXiv preprint arXiv:2402.15170},
  year={2024}
}
@article{luo2024diff,
  title={Diff-instruct: A universal approach for transferring knowledge from pre-trained diffusion models},
  author={Luo, Weijian and Hu, Tianyang and Zhang, Shifeng and Sun, Jiacheng and Li, Zhenguo and Zhang, Zhihua},
  journal={Advances in Neural Information Processing Systems},
  volume={36},
  year={2024}
}
@inproceedings{salimans2022progressive,
  title     = {Progressive Distillation for Fast Sampling of Diffusion Models},
  author    = {Tim Salimans and Jonathan Ho},
  booktitle = {International Conference on Learning Representations},
  year      = {2022},
}
@inproceedings{lu2022dpmsa,
 author = {Lu, Cheng and Zhou, Yuhao and Bao, Fan and Chen, Jianfei and LI, Chongxuan and Zhu, Jun},
 booktitle = {Advances in Neural Information Processing Systems},
 title = {DPM-Solver: A Fast ODE Solver for Diffusion Probabilistic Model Sampling in Around 10 Steps},
 year = {2022}
}
@inproceedings{lin2014microsoft,
  title={Microsoft coco: Common objects in context},
  author={Lin, Tsung-Yi and Maire, Michael and Belongie, Serge and Hays, James and Perona, Pietro and Ramanan, Deva and Doll{\'a}r, Piotr and Zitnick, C Lawrence},
  booktitle={Computer Vision--ECCV 2014: 13th European Conference, Zurich, Switzerland, September 6-12, 2014, Proceedings, Part V 13},
  year={2014},
}
@misc{luo2023latent,
      title={Latent Consistency Models: Synthesizing High-Resolution Images with Few-Step Inference}, 
      author={Simian Luo and Yiqin Tan and Longbo Huang and Jian Li and Hang Zhao},
      year={2023},
      eprint={2310.04378},
      archivePrefix={arXiv},
      primaryClass={cs.CV}
}
@inproceedings{yin2024onestep,
      title={One-step Diffusion with Distribution Matching Distillation},
      author={Yin, Tianwei and Gharbi, Micha{\"e}l and Zhang, Richard and Shechtman, Eli and Durand, Fr{\'e}do and Freeman, William T and Park, Taesung},
      booktitle={CVPR},
      year={2024}
    }


@techreport{yi2023generalization,
  title={On the Generalization of Diffusion Model},
  author={Yi, Mingyang and Sun, Jiacheng and Li, Zhenguo},
  type={Preprint},
  number={arXiv:2305.14712},
  year={2023}
}

@article{shapiro2017distributionally,
	title={Distributionally robust stochastic programming},
	author={Shapiro, Alexander},
	journal={SIAM Journal on Optimization},
	volume={27},
	number={4},
	pages={2258--2275},
	year={2017},
	publisher={SIAM}
}

@phdthesis{namkoong2019reliable,
	title={Reliable machine learning via distributional robustness},
	author={Namkoong, Hongseok},
	year={2019},
	school={Stanford University}
}

@article{radford2019language,
  title={Language models are unsupervised multitask learners},
  author={Radford, Alec and Wu, Jeffrey and Child, Rewon and Luan, David and Amodei, Dario and Sutskever, Ilya and others},
  journal={OpenAI blog},
  volume={1},
  number={8},
  pages={9},
  year={2019}
}


@inproceedings{zhou2024dream,
    author    = {Zhou, Jinxin and Ding, Tianyu and Chen, Tianyi and Jiang, Jiachen and Zharkov, Ilya and Zhu, Zhihui and Liang, Luming},
  title={DREAM: Diffusion Rectification and Estimation-Adaptive Models},
    booktitle = {Conference on Computer Vision and Pattern Recognition},
    year      = {2024},
}

@inproceedings{laion,
  author       = {Christoph Schuhmann and
                  Romain Beaumont and
                  Richard Vencu and
                  Cade Gordon and
                  Ross Wightman and
                  Mehdi Cherti and
                  Theo Coombes and
                  Aarush Katta and
                  Clayton Mullis and
                  Mitchell Wortsman and
                  Patrick Schramowski and
                  Srivatsa Kundurthy and
                  Katherine Crowson and
                  Ludwig Schmidt and
                  Robert Kaczmarczyk and
                  Jenia Jitsev},
  title        = {{LAION-5B:} An open large-scale dataset for training next generation
                  image-text models},
  booktitle    = {Advances in Neural Information Processing Systems},
  year         = {2022},
}

@inproceedings{sinha2018certifying,
	title={Certifying some distributional robustness with principled adversarial training},
	author={Sinha, Aman and Namkoong, Hongseok and Duchi, John},
	booktitle={International Conference on Learning Representations},
	year={2018}
}

@inproceedings{lee2018minimax,
	title={Minimax statistical learning with wasserstein distances},
	author={Lee, Jaeho and Raginsky, Maxim},
	booktitle={Advances in Neural Information Processing Systems},
	year={2018}
}

@inproceedings{wang2022out,
  title={Out-of-distribution generalization with causal invariant transformations},
  author={Wang, Ruoyu and Yi, Mingyang and Chen, Zhitang and Zhu, Shengyu},
  booktitle={Conference on Computer Vision and Pattern Recognition},
  year={2022}
}
@inproceedings{mscoco,
  author       = {Tsung{-}Yi Lin and
                  Michael Maire and
                  Serge J. Belongie and
                  James Hays and
                  Pietro Perona and
                  Deva Ramanan and
                  Piotr Doll{\'{a}}r and
                  C. Lawrence Zitnick},
  title        = {Microsoft {COCO:} Common Objects in Context},
  booktitle    = {ECCV},
  year         = {2014},
}

@inproceedings{adamw,
  author       = {Ilya Loshchilov and
                  Frank Hutter},
  title        = {Decoupled Weight Decay Regularization},
  booktitle    = {International Conference on Learning Representations},
  year         = {2019},
}
@inproceedings{clipscore,
  author       = {Jack Hessel and
                  Ari Holtzman and
                  Maxwell Forbes and
                  Ronan Le Bras and
                  Yejin Choi},
  title        = {CLIPScore: {A} Reference-free Evaluation Metric for Image Captioning},
  booktitle    = {Proceedings of the Conference on Empirical Methods in Natural Language Processing,},
  year         = {2021},
}

@inproceedings{zhang2023enhancing,
  author       = {Boya Zhang and
                  Weijian Luo and
                  Zhihua Zhang},
  title        = {Enhancing Adversarial Robustness via Score-Based Optimization},
  booktitle    = {Advances in Neural Information Processing Systems},
  year         = {2023},
}

@inproceedings{chen2024pixart,
  author       = {Junsong Chen and
                  Jincheng Yu and
                  Chongjian Ge and
                  Lewei Yao and
                  Enze Xie and
                  Zhongdao Wang and
                  James T. Kwok and
                  Ping Luo and
                  Huchuan Lu and
                  Zhenguo Li},
  title        = {PixArt-{\(\alpha\)}: Fast Training of Diffusion Transformer for Photorealistic
                  Text-to-Image Synthesis},
  booktitle    = {International Conference on Learning Representations},
  year         = {2024},
}

@inproceedings{ravuri2019cas,
  author       = {Suman V. Ravuri and
                  Oriol Vinyals},
  title        = {Classification Accuracy Score for Conditional Generative Models},
  booktitle    = {Advances in Neural Information Processing Systems},
  year         = {2019},
}

@techreport{yi2024towards,
  title={Towards Understanding the Working Mechanism of Text-to-Image Diffusion Model},
  author={Yi, Mingyang and Li, Aoxue and Xin, Yi and Li, Zhenguo},
  type={Preprint},
  number={arXiv:2405.15330},
  year={2024}
}

@inproceedings{he2016deep,
  author       = {Kaiming He and
                  Xiangyu Zhang and
                  Shaoqing Ren and
                  Jian Sun},
  title        = {Deep Residual Learning for Image Recognition},
  booktitle={Conference on Computer Vision and Pattern Recognition},
  year         = {2016},
}

@inproceedings{chen2023improved,
  title={Improved analysis of score-based generative modeling: User-friendly bounds under minimal smoothness assumptions},
  author={Chen, Hongrui and Lee, Holden and Lu, Jianfeng},
  booktitle={International Conference on Machine Learning},
  year={2023}
}