@inproceedings{AnomalyGPTDetectingIndustrialAnomaliesUsingLargeVisionLanguageModelsa,
  title = {{{AnomalyGPT}}: {{Detecting Industrial Anomalies Using Large Vision-Language Models}}},
  booktitle = {{{AAAI Conference}} on {{Artificial Intelligence}}},
  author = {Gu, Zhaopeng and Zhu, Bingke and Zhu, Guibo and Chen, Yingying and Tang, Ming and Wang, Jinqiao},
  year = {2024},
  volume = {38},
  eprint = {2308.15366},
  primaryclass = {cs},
  pages = {1932--1940},
  publisher = {arXiv},
  urldate = {2024-06-05},
  archiveprefix = {arXiv}
}

@inproceedings{Imagenetlargescalehierarchicalimagedatabase,
  title = {Imagenet: {{A}} Large-Scale Hierarchical Image Database},
  booktitle = {{{IEEE}}/{{CVF Conference}} on {{Computer Vision}} and {{Pattern Recognition}}},
  author = {Deng, Jia and Dong, Wei and Socher, Richard and Li, Li-Jia and Li, Kai and {Fei-Fei}, Li},
  year = {2009},
  pages = {248--255},
  isbn = {1-4244-3992-2}
}

@inproceedings{LearningTransferableVisualModelsNaturalLanguageSupervisiona,
  title = {Learning {{Transferable Visual Models From Natural Language Supervision}}},
  booktitle = {International Conference on Machine Learning},
  author = {Radford, Alec and Kim, Jong Wook and Hallacy, Chris and Ramesh, Aditya and Goh, Gabriel and Agarwal, Sandhini and Sastry, Girish and Askell, Amanda and Mishkin, Pamela and Clark, Jack and Krueger, Gretchen and Sutskever, Ilya},
  year = {2021},
  pages = {8748--8763},
  urldate = {2024-06-06},
  langid = {english}
}

@misc{LinkContextLearningMultimodalLLMsa,
  title = {Link-{{Context Learning}} for {{Multimodal LLMs}}},
  author = {Tai, Yan and Fan, Weichen and Zhang, Zhao and Zhu, Feng and Zhao, Rui and Liu, Ziwei},
  year = {2023},
  number = {arXiv:2308.07891},
  eprint = {2308.07891},
  primaryclass = {cs},
  publisher = {arXiv},
  urldate = {2024-06-05},
  archiveprefix = {arXiv}
}

@misc{MIMICITMultiModalInContextInstructionTuninga,
  title = {{{MIMIC-IT}}: {{Multi-Modal In-Context Instruction Tuning}}},
  author = {Li, Bo and Zhang, Yuanhan and Chen, Liangyu and Wang, Jinghao and Pu, Fanyi and Yang, Jingkang and Li, Chunyuan and Liu, Ziwei},
  year = {2023},
  number = {arXiv:2306.05425},
  eprint = {2306.05425},
  primaryclass = {cs},
  publisher = {arXiv},
  urldate = {2024-06-05},
  archiveprefix = {arXiv}
}

@misc{MMBenchYourMultimodalModelAllaroundPlayer,
  title = {{{MMBench}}: {{Is Your Multi-modal Model}} an {{All-around Player}}?},
  author = {Liu, Yuan and Duan, Haodong and Zhang, Yuanhan and Li, Bo and Zhang, Songyang and Zhao, Wangbo and Yuan, Yike and Wang, Jiaqi and He, Conghui and Liu, Ziwei and Chen, Kai and Lin, Dahua},
  year = {2024},
  number = {arXiv:2307.06281},
  eprint = {2307.06281},
  primaryclass = {cs},
  publisher = {arXiv},
  urldate = {2024-06-05},
  archiveprefix = {arXiv}
}

@misc{OpenFlamingoOpenSourceFrameworkTrainingLargeAutoregressiveVisionLanguageModelsa,
  title = {{{OpenFlamingo}}: {{An Open-Source Framework}} for {{Training Large Autoregressive Vision-Language Models}}},
  author = {Awadalla, Anas and Gao, Irena and Gardner, Josh and Hessel, Jack and Hanafy, Yusuf and Zhu, Wanrong and Marathe, Kalyani and Bitton, Yonatan and Gadre, Samir and Sagawa, Shiori and Jitsev, Jenia and Kornblith, Simon and Koh, Pang Wei and Ilharco, Gabriel and Wortsman, Mitchell and Schmidt, Ludwig},
  year = {2023},
  number = {arXiv:2308.01390},
  eprint = {2308.01390},
  primaryclass = {cs},
  publisher = {arXiv},
  urldate = {2024-06-05},
  archiveprefix = {arXiv}
}

@misc{OtterMultiModalModelInContextInstructionTuninga,
  title = {Otter: {{A Multi-Modal Model}} with {{In-Context Instruction Tuning}}},
  author = {Li, Bo and Zhang, Yuanhan and Chen, Liangyu and Wang, Jinghao and Yang, Jingkang and Liu, Ziwei},
  year = {2023},
  number = {arXiv:2305.03726},
  eprint = {2305.03726},
  primaryclass = {cs},
  publisher = {arXiv},
  urldate = {2024-06-05},
  archiveprefix = {arXiv}
}

@inproceedings{Padimpatchdistributionmodelingframeworkanomalydetectionlocalization,
  title = {Padim: A Patch Distribution Modeling Framework for Anomaly Detection and Localization},
  booktitle = {International {{Conference}} on {{Pattern Recognition}}},
  author = {Defard, Thomas and Setkov, Aleksandr and Loesch, Angelique and Audigier, Romaric},
  year = {2021},
  pages = {475--489},
  publisher = {Springer}
}

@inproceedings{PatchSVDDPatchlevelSVDDAnomalyDetectionSegmentation,
  title = {Patch {{SVDD}}: {{Patch-level SVDD}} for {{Anomaly Detection}} and {{Segmentation}}},
  booktitle = {Asian {{Conference}} on {{Computer Vision}} ({{ACCV}})},
  author = {Yi, Jihun and Yoon, Sungroh},
  year = {2020},
  eprint = {2006.16067},
  primaryclass = {cs},
  publisher = {arXiv},
  urldate = {2024-06-05},
  archiveprefix = {arXiv}
}

@misc{ShikraUnleashingMultimodalLLMReferentialDialogueMagic,
  title = {Shikra: {{Unleashing Multimodal LLM}}'s {{Referential Dialogue Magic}}},
  author = {Chen, Keqin and Zhang, Zhao and Zeng, Weili and Zhang, Richong and Zhu, Feng and Zhao, Rui},
  year = {2023},
  number = {arXiv:2306.15195},
  eprint = {2306.15195},
  primaryclass = {cs},
  publisher = {arXiv},
  urldate = {2024-06-05},
  archiveprefix = {arXiv}
}

@inproceedings{UnderstandingImprovingInContextLearningVisionlanguageModels,
  title = {Understanding and {{Improving In-Context Learning}} on {{Vision-language Models}}},
  author = {Chen, Shuo and Han, Zhen and He, Bailan and Buckley, Mark and Torr, Philip and Tresp, Volker and Gu, Jindong},
  year = {2024},
  eprint = {2311.18021},
  primaryclass = {cs},
  publisher = {arXiv},
  urldate = {2024-06-05},
  archiveprefix = {arXiv}
}

@misc{VLICLBenchDevilDetailsBenchmarkingMultimodalInContextLearning,
  title = {{{VL-ICL Bench}}: {{The Devil}} in the {{Details}} of {{Benchmarking Multimodal In-Context Learning}}},
  author = {Zong, Yongshuo and Bohdal, Ondrej and Hospedales, Timothy},
  year = {2024},
  number = {arXiv:2403.13164},
  eprint = {2403.13164},
  primaryclass = {cs},
  publisher = {arXiv},
  urldate = {2024-06-08},
  archiveprefix = {arXiv}
}

@inproceedings{VisualInstructionTuning,
  title = {Visual {{Instruction Tuning}}},
  booktitle = {Advances in Neural Information Processing Systems},
  author = {Liu, Haotian and Li, Chunyuan and Wu, Qingyang and Lee, Yong Jae},
  year = {2023},
  volume = {36},
  eprint = {2304.08485},
  primaryclass = {cs},
  publisher = {arXiv},
  urldate = {2024-06-05},
  archiveprefix = {arXiv}
}

@inproceedings{WinCLIPZeroFewShotAnomalyClassificationSegmentation,
  title = {{{WinCLIP}}: {{Zero-}}/{{Few-Shot Anomaly Classification}} and {{Segmentation}}},
  booktitle = {{{IEEE}}/{{CVF Conference}} on {{Computer Vision}} and {{Pattern Recognition}}},
  author = {Jeong, Jongheon and Zou, Yang and Kim, Taewan and Zhang, Dongqing and Ravichandran, Avinash and Dabeer, Onkar},
  year = {2023},
  eprint = {2303.14814},
  primaryclass = {cs},
  pages = {19606--19616},
  publisher = {arXiv},
  urldate = {2024-06-05},
  archiveprefix = {arXiv}
}

@inproceedings{totalrecallindustrialanomalydetection,
  title = {Towards Total Recall in Industrial Anomaly Detection},
  booktitle = {Proceedings of the {{IEEE}}/{{CVF Conference}} on {{Computer Vision}} and {{Pattern Recognition}}},
  author = {Roth, Karsten and Pemula, Latha and Zepeda, Joaquin and Sch{\"o}lkopf, Bernhard and Brox, Thomas and Gehler, Peter},
  year = {2022},
  pages = {14318--14328}
}

