@inproceedings{AccuracyFScoreROCFamilyDiscriminantMeasuresPerformanceEvaluation,
  title = {Beyond {{Accuracy}}, {{F-Score}} and {{ROC}}: {{A Family}} of {{Discriminant Measures}} for {{Performance Evaluation}}},
  booktitle = {{{AI}} 2006: {{Advances}} in {{Artificial Intelligence}}, {{Lecture Notes}} in {{Computer Science}}},
  author = {Sokolova, Marina and Japkowicz, Nathalie and Szpakowicz, Stan},
  year = {2006},
  volume = {4304},
  pages = {1015--1021}
}

@article{advantagesMatthewscorrelationcoefficientMCCF1scoreaccuracybinaryclassificationevaluation,
  title = {The Advantages of the {{Matthews}} Correlation Coefficient ({{MCC}}) over {{F1}} Score and Accuracy in Binary Classification Evaluation},
  author = {{Chicco Davide} and {Jurman Giuseppe}},
  year = {2020},
  journal = {BMC genomics},
  volume = {21},
  pages = {1--13}
}

@inproceedings{AnomalyGPTDetectingIndustrialAnomaliesUsingLargeVisionLanguageModelsa,
  title = {{{AnomalyGPT}}: {{Detecting Industrial Anomalies Using Large Vision-Language Models}}},
  booktitle = {{{AAAI Conference}} on {{Artificial Intelligence}}},
  author = {Gu, Zhaopeng and Zhu, Bingke and Zhu, Guibo and Chen, Yingying and Tang, Ming and Wang, Jinqiao},
  year = {2024},
  volume = {38},
  eprint = {2308.15366},
  primaryclass = {cs},
  pages = {1932--1940},
  publisher = {arXiv},
  urldate = {2024-06-05},
  archiveprefix = {arXiv}
}

@misc{BenchmarkingQueryStrategiesFutureDeepActiveLearning,
  title = {Benchmarking of {{Query Strategies}}: {{Towards Future Deep Active Learning}}},
  author = {Ueno, Shiryu and Yamada, Yusei and Nakatsuka, Shunsuke and Kato, Kunihito},
  year = {2023},
  number = {arXiv:2312.05751},
  eprint = {2312.05751},
  primaryclass = {cs},
  publisher = {arXiv},
  urldate = {2024-06-26},
  archiveprefix = {arXiv}
}

@inproceedings{BLIP2BootstrappingLanguageImagePretrainingFrozenImageEncodersLargeLanguageModels,
  title = {{{BLIP-2}}: {{Bootstrapping Language-Image Pre-training}} with {{Frozen Image Encoders}} and {{Large Language Models}}},
  booktitle = {International {{Conference}} on {{Machine Learning}}},
  author = {Li, Junnan and Li, Dongxu and Savarese, Silvio and Hoi, Steven},
  year = {2023},
  eprint = {2301.12597},
  primaryclass = {cs},
  pages = {19730--19742},
  publisher = {arXiv},
  urldate = {2024-06-05},
  archiveprefix = {arXiv}
}

@inproceedings{CFLOWADRealTimeUnsupervisedAnomalyDetectionLocalizationConditionalNormalizingFlows,
  title = {{{CFLOW-AD}}: {{Real-Time Unsupervised Anomaly Detection}} with {{Localization}} via {{Conditional Normalizing Flows}}},
  booktitle = {{{IEEE}}/{{CVF}} Winter Conference on Applications of Computer Vision},
  author = {Gudovskiy, Denis and Ishizaka, Shun and Kozuka, Kazuki},
  year = {2022},
  eprint = {2107.12571},
  primaryclass = {cs},
  pages = {98--107},
  urldate = {2024-06-26},
  archiveprefix = {arXiv}
}

@inproceedings{CosineSimilarityEmbeddingsReallySimilarity,
  title = {Is {{Cosine-Similarity}} of {{Embeddings Really About Similarity}}?},
  booktitle = {Companion {{Proceedings}} of the {{ACM}} on {{Web Conference}} 2024},
  author = {Steck, Harald and Ekanadham, Chaitanya and Kallus, Nathan},
  year = {2024},
  eprint = {2403.05440},
  primaryclass = {cs},
  pages = {887--890},
  urldate = {2024-06-07},
  archiveprefix = {arXiv}
}

@misc{DawnLMMsPreliminaryExplorationsGPT4Vision,
  title = {The {{Dawn}} of {{LMMs}}: {{Preliminary Explorations}} with {{GPT-4V}}(Ision)},
  author = {Yang, Zhengyuan and Li, Linjie and Lin, Kevin and Wang, Jianfeng and Lin, Chung-Ching and Liu, Zicheng and Wang, Lijuan},
  year = {2023},
  number = {arXiv:2309.17421},
  eprint = {2309.17421},
  primaryclass = {cs},
  publisher = {arXiv},
  urldate = {2024-06-05},
  archiveprefix = {arXiv}
}

@misc{DecoupledWeightDecayRegularizationa,
  title = {Decoupled {{Weight Decay Regularization}}},
  author = {Loshchilov, Ilya and Hutter, Frank},
  year = {2019},
  number = {arXiv:1711.05101},
  eprint = {1711.05101},
  primaryclass = {cs, math},
  publisher = {arXiv},
  urldate = {2024-06-07},
  archiveprefix = {arXiv}
}

@misc{DeepActiveLearningComputerVisionFuture,
  title = {Deep {{Active Learning}} for {{Computer Vision}}: {{Past}} and {{Future}}},
  author = {Takezoe, Rinyoichi and Liu, Xu and Mao, Shunan and Chen, Marco Tianyu and Feng, Zhanpeng and Zhang, Shiliang and Wang, Xiaoyu},
  year = {2022},
  eprint = {2211.14819},
  primaryclass = {cs},
  publisher = {arXiv},
  urldate = {2023-02-06},
  archiveprefix = {arXiv}
}

@inproceedings{Deeponeclassclassification,
  title = {Deep One-Class Classification},
  booktitle = {International Conference on Machine Learning},
  author = {Ruff, Lukas and Vandermeulen, Robert and Goernitz, Nico and Deecke, Lucas and Siddiqui, Shoaib Ahmed and Binder, Alexander and M{\"u}ller, Emmanuel and Kloft, Marius},
  year = {2018},
  pages = {4393--4402},
  publisher = {PMLR},
  isbn = {2640-3498}
}

@inproceedings{DeepResidualLearningImageRecognition,
  title = {Deep {{Residual Learning}} for {{Image Recognition}}},
  booktitle = {{{IEEE}}/{{CVF Conference}} on {{Computer Vision}} and {{Pattern Recognition}}},
  author = {He, Kaiming and Zhang, Xiangyu and Ren, Shaoqing and Sun, Jian},
  year = {2015},
  eprint = {1512.03385},
  primaryclass = {cs},
  pages = {770--778},
  urldate = {2022-09-30},
  archiveprefix = {arXiv}
}

@misc{EfficientMultimodalLargeLanguageModelsSurvey,
  title = {Efficient {{Multimodal Large Language Models}}: {{A Survey}}},
  author = {Jin, Yizhang and Li, Jian and Liu, Yexin and Gu, Tianjun and Wu, Kai and Jiang, Zhengkai and He, Muyang and Zhao, Bo and Tan, Xin and Gan, Zhenye and Wang, Yabiao and Wang, Chengjie and Ma, Lizhuang},
  year = {2024},
  number = {arXiv:2405.10739},
  eprint = {2405.10739},
  primaryclass = {cs},
  publisher = {arXiv},
  urldate = {2024-06-05},
  archiveprefix = {arXiv}
}

@inproceedings{EmpiricalStudyGPT3FewShotKnowledgeBasedVQA,
  title = {An {{Empirical Study}} of {{GPT-3}} for {{Few-Shot Knowledge-Based VQA}}},
  booktitle = {{{AAAI Conference}} on {{Artificial Intelligence}}},
  author = {Yang, Zhengyuan and Gan, Zhe and Wang, Jianfeng and Hu, Xiaowei and Lu, Yumao and Liu, Zicheng and Wang, Lijuan},
  year = {2022},
  series = {3},
  volume = {36},
  eprint = {2109.05014},
  primaryclass = {cs},
  pages = {3081--3089},
  publisher = {arXiv},
  urldate = {2024-06-26},
  archiveprefix = {arXiv}
}

@misc{EvolutionMultimodalModelArchitectures,
  title = {The {{Evolution}} of {{Multimodal Model Architectures}}},
  author = {Wadekar, Shakti N. and Chaurasia, Abhishek and Chadha, Aman and Culurciello, Eugenio},
  year = {2024},
  number = {arXiv:2405.17927},
  eprint = {2405.17927},
  primaryclass = {cs, eess},
  publisher = {arXiv},
  urldate = {2024-06-05},
  archiveprefix = {arXiv}
}

@article{FasterRCNNRealTimeObjectDetectionRegionProposalNetworks,
  title = {Faster {{R-CNN}}: {{Towards Real-Time Object Detection}} with {{Region Proposal Networks}}},
  author = {Ren, Shaoqing and He, Kaiming and Girshick, Ross and Sun, Jian},
  year = {2015},
  journal = {neural information processing systems},
  volume = {28},
  eprint = {1506.01497},
  primaryclass = {cs},
  urldate = {2024-06-27},
  archiveprefix = {arXiv}
}

@misc{FinetunedLanguageModelsAreZeroShotLearners,
  title = {Finetuned {{Language Models Are Zero-Shot Learners}}},
  author = {Wei, Jason and Bosma, Maarten and Zhao, Vincent Y. and Guu, Kelvin and Yu, Adams Wei and Lester, Brian and Du, Nan and Dai, Andrew M. and Le, Quoc V.},
  year = {2022},
  number = {arXiv:2109.01652},
  eprint = {2109.01652},
  primaryclass = {cs},
  publisher = {arXiv},
  urldate = {2024-06-05},
  archiveprefix = {arXiv}
}

@article{FlamingoVisualLanguageModelFewShotLearning,
  title = {Flamingo: A {{Visual Language Model}} for {{Few-Shot Learning}}},
  author = {Alayrac, Jean-Baptiste and Donahue, Jeff and Luc, Pauline and Miech, Antoine and Barr, Iain and Hasson, Yana and Lenc, Karel and Mensch, Arthur and Millican, Katie and Reynolds, Malcolm and Ring, Roman and Rutherford, Eliza and Cabi, Serkan and Han, Tengda and Gong, Zhitao and Samangooei, Sina and Monteiro, Marianne and Menick, Jacob and Borgeaud, Sebastian and Brock, Andrew and Nematzadeh, Aida and Sharifzadeh, Sahand and Binkowski, Mikolaj and Barreira, Ricardo and Vinyals, Oriol and Zisserman, Andrew and Simonyan, Karen},
  year = {2022},
  journal = {Advances in neural information processing systems},
  volume = {35},
  eprint = {2204.14198},
  primaryclass = {cs},
  pages = {23716--23736},
  urldate = {2024-06-07},
  archiveprefix = {arXiv}
}

@inproceedings{Flickr30kEntitiesCollectingRegiontoPhraseCorrespondencesRicherImagetoSentenceModels,
  title = {Flickr30k {{Entities}}: {{Collecting Region-to-Phrase Correspondences}} for {{Richer Image-to-Sentence Models}}},
  booktitle = {{{IEEE}} International Conference on Computer Vision},
  author = {Plummer, Bryan A. and Wang, Liwei and Cervantes, Chris M. and Caicedo, Juan C. and Hockenmaier, Julia and Lazebnik, Svetlana},
  year = {2015},
  eprint = {1505.04870},
  primaryclass = {cs},
  pages = {2641--2649},
  publisher = {arXiv},
  urldate = {2024-06-06},
  archiveprefix = {arXiv}
}

@article{GoodClassificationMeasuresHowFindThem,
  title = {Good {{Classification Measures}} and {{How}} to {{Find Them}}},
  author = {G{\"o}sgens, Martijn and Zhiyanov, Anton and Tikhonov, Alexey and Prokhorenkova, Liudmila},
  year = {2022},
  journal = {neural information processing systems},
  volume = {34},
  number = {17136-17147},
  eprint = {2201.09044},
  primaryclass = {cs, math},
  urldate = {2024-06-26},
  archiveprefix = {arXiv}
}

@misc{GPT4TechnicalReport,
  title = {{{GPT-4 Technical Report}}},
  author = {OpenAI},
  year = {2023},
  number = {arXiv:2303.08774},
  eprint = {2303.08774},
  primaryclass = {cs},
  urldate = {2023-05-05},
  archiveprefix = {arXiv}
}

@misc{GroundingDINOMarryingDINOGroundedPreTrainingOpenSetObjectDetectiona,
  title = {Grounding {{DINO}}: {{Marrying DINO}} with {{Grounded Pre-Training}} for {{Open-Set Object Detection}}},
  author = {Liu, Shilong and Zeng, Zhaoyang and Ren, Tianhe and Li, Feng and Zhang, Hao and Yang, Jie and Li, Chunyuan and Yang, Jianwei and Su, Hang and Zhu, Jun and Zhang, Lei},
  year = {2023},
  number = {arXiv:2303.05499},
  eprint = {2303.05499},
  primaryclass = {cs},
  publisher = {arXiv},
  urldate = {2024-06-05},
  archiveprefix = {arXiv}
}

@inproceedings{Imagenetlargescalehierarchicalimagedatabase,
  title = {Imagenet: {{A}} Large-Scale Hierarchical Image Database},
  booktitle = {{{IEEE}}/{{CVF Conference}} on {{Computer Vision}} and {{Pattern Recognition}}},
  author = {Deng, Jia and Dong, Wei and Socher, Richard and Li, Li-Jia and Li, Kai and {Fei-Fei}, Li},
  year = {2009},
  pages = {248--255},
  isbn = {1-4244-3992-2}
}

@misc{ImageNetLargeScaleVisualRecognitionChallenge,
  title = {{{ImageNet Large Scale Visual Recognition Challenge}}},
  author = {Russakovsky, Olga and Deng, Jia and Su, Hao and Krause, Jonathan and Satheesh, Sanjeev and Ma, Sean and Huang, Zhiheng and Karpathy, Andrej and Khosla, Aditya and Bernstein, Michael and Berg, Alexander C. and {Fei-Fei}, Li},
  year = {2015},
  number = {arXiv:1409.0575},
  eprint = {1409.0575},
  primaryclass = {cs},
  publisher = {arXiv},
  urldate = {2024-06-05},
  archiveprefix = {arXiv}
}

@misc{ImprovedBaselinesVisualInstructionTuning,
  title = {Improved {{Baselines}} with {{Visual Instruction Tuning}}},
  author = {Liu, Haotian and Li, Chunyuan and Li, Yuheng and Lee, Yong Jae},
  year = {2024},
  number = {arXiv:2310.03744},
  eprint = {2310.03744},
  primaryclass = {cs},
  publisher = {arXiv},
  urldate = {2024-06-05},
  archiveprefix = {arXiv}
}

@misc{InContextLearningLongContextModelsInDepthExploration,
  title = {In-{{Context Learning}} with {{Long-Context Models}}: {{An In-Depth Exploration}}},
  author = {Bertsch, Amanda and Ivgi, Maor and Alon, Uri and Berant, Jonathan and Gormley, Matthew R. and Neubig, Graham},
  year = {2024},
  number = {arXiv:2405.00200},
  eprint = {2405.00200},
  primaryclass = {cs},
  publisher = {arXiv},
  urldate = {2024-06-08},
  archiveprefix = {arXiv}
}

@misc{Kosmos2GroundingMultimodalLargeLanguageModelsWorld,
  title = {Kosmos-2: {{Grounding Multimodal Large Language Models}} to the {{World}}},
  author = {Peng, Zhiliang and Wang, Wenhui and Dong, Li and Hao, Yaru and Huang, Shaohan and Ma, Shuming and Wei, Furu},
  year = {2023},
  number = {arXiv:2306.14824},
  eprint = {2306.14824},
  primaryclass = {cs},
  publisher = {arXiv},
  urldate = {2024-06-05},
  archiveprefix = {arXiv}
}

@article{LanguageModelsareFewShotLearnersa,
  title = {Language {{Models}} Are {{Few-Shot Learners}}},
  author = {Brown, Tom B. and Mann, Benjamin and Ryder, Nick and Subbiah, Melanie and Kaplan, Jared and Dhariwal, Prafulla and Neelakantan, Arvind and Shyam, Pranav and Sastry, Girish and Askell, Amanda and Agarwal, Sandhini and {Herbert-Voss}, Ariel and Krueger, Gretchen and Henighan, Tom and Child, Rewon and Ramesh, Aditya and Ziegler, Daniel M. and Wu, Jeffrey and Winter, Clemens and Hesse, Christopher and Chen, Mark and Sigler, Eric and Litwin, Mateusz and Gray, Scott and Chess, Benjamin and Clark, Jack and Berner, Christopher and McCandlish, Sam and Radford, Alec and Sutskever, Ilya and Amodei, Dario},
  year = {2020},
  journal = {Advances in Neural Information Processing Systems},
  volume = {33},
  eprint = {2005.14165},
  primaryclass = {cs},
  pages = {1877--1901},
  urldate = {2024-06-05},
  archiveprefix = {arXiv}
}

@misc{LayerNormalization,
  title = {Layer {{Normalization}}},
  author = {Ba, Jimmy Lei and Kiros, Jamie Ryan and Hinton, Geoffrey E.},
  year = {2016},
  number = {arXiv:1607.06450},
  eprint = {1607.06450},
  primaryclass = {cs, stat},
  publisher = {arXiv},
  urldate = {2024-06-06},
  archiveprefix = {arXiv}
}

@inproceedings{LearningTransferableVisualModelsNaturalLanguageSupervisiona,
  title = {Learning {{Transferable Visual Models From Natural Language Supervision}}},
  booktitle = {International Conference on Machine Learning},
  author = {Radford, Alec and Kim, Jong Wook and Hallacy, Chris and Ramesh, Aditya and Goh, Gabriel and Agarwal, Sandhini and Sastry, Girish and Askell, Amanda and Mishkin, Pamela and Clark, Jack and Krueger, Gretchen and Sutskever, Ilya},
  year = {2021},
  pages = {8748--8763},
  urldate = {2024-06-06},
  langid = {english}
}

@misc{LinkContextLearningMultimodalLLMsa,
  title = {Link-{{Context Learning}} for {{Multimodal LLMs}}},
  author = {Tai, Yan and Fan, Weichen and Zhang, Zhao and Zhu, Feng and Zhao, Rui and Liu, Ziwei},
  year = {2023},
  number = {arXiv:2308.07891},
  eprint = {2308.07891},
  primaryclass = {cs},
  publisher = {arXiv},
  urldate = {2024-06-05},
  archiveprefix = {arXiv}
}

@misc{Llama2OpenFoundationFineTunedChatModels,
  title = {Llama 2: {{Open Foundation}} and {{Fine-Tuned Chat Models}}},
  author = {{Meta}},
  year = {2023},
  number = {arXiv:2307.09288},
  eprint = {2307.09288},
  primaryclass = {cs},
  publisher = {arXiv},
  urldate = {2024-06-06},
  archiveprefix = {arXiv}
}

@article{jiang2024mmad,
  title={Mmad: The first-ever comprehensive benchmark for multimodal large language models in industrial anomaly detection},
  author={Jiang, Xi and Li, Jian and Deng, Hanqiu and Liu, Yong and Gao, Bin-Bin and Zhou, Yifeng and Li, Jialin and Wang, Chengjie and Zheng, Feng},
  journal={arXiv preprint arXiv:2410.09453},
  year={2024}
}

@misc{LoRALearnsLessForgetsLess,
  title = {{{LoRA Learns Less}} and {{Forgets Less}}},
  author = {Biderman, Dan and Ortiz, Jose Gonzalez and Portes, Jacob and Paul, Mansheej and Greengard, Philip and Jennings, Connor and King, Daniel and Havens, Sam and Chiley, Vitaliy and Frankle, Jonathan and Blakeney, Cody and Cunningham, John P.},
  year = {2024},
  number = {arXiv:2405.09673},
  eprint = {2405.09673},
  primaryclass = {cs},
  publisher = {arXiv},
  urldate = {2024-06-26},
  archiveprefix = {arXiv}
}

@misc{LoRALowRankAdaptationLargeLanguageModels,
  title = {{{LoRA}}: {{Low-Rank Adaptation}} of {{Large Language Models}}},
  author = {Hu, Edward J. and Shen, Yelong and Wallis, Phillip and {Allen-Zhu}, Zeyuan and Li, Yuanzhi and Wang, Shean and Wang, Lu and Chen, Weizhu},
  year = {2021},
  number = {arXiv:2106.09685},
  eprint = {2106.09685},
  primaryclass = {cs},
  publisher = {arXiv},
  urldate = {2024-06-08},
  archiveprefix = {arXiv}
}

@misc{ManyShotInContextLearning,
  title = {Many-{{Shot In-Context Learning}}},
  author = {Agarwal, Rishabh and Singh, Avi and Zhang, Lei M. and Bohnet, Bernd and Rosias, Luis and Chan, Stephanie and Zhang, Biao and Anand, Ankesh and Abbas, Zaheer and Nova, Azade and {Co-Reyes}, John D. and Chu, Eric and Behbahani, Feryal and Faust, Aleksandra and Larochelle, Hugo},
  year = {2024},
  number = {arXiv:2404.11018},
  eprint = {2404.11018},
  primaryclass = {cs},
  publisher = {arXiv},
  urldate = {2024-06-08},
  archiveprefix = {arXiv}
}

@misc{ManyShotInContextLearningMultimodalFoundationModelsa,
  title = {Many-{{Shot In-Context Learning}} in {{Multimodal Foundation Models}}},
  author = {Jiang, Yixing and Irvin, Jeremy and Wang, Ji Hun and Chaudhry, Muhammad Ahmed and Chen, Jonathan H. and Ng, Andrew Y.},
  year = {2024},
  number = {arXiv:2405.09798},
  eprint = {2405.09798},
  primaryclass = {cs},
  publisher = {arXiv},
  urldate = {2024-06-08},
  archiveprefix = {arXiv}
}

@misc{MetricsMultiClassClassificationOverview,
  title = {Metrics for {{Multi-Class Classification}}: An {{Overview}}},
  author = {Grandini, Margherita and Bagli, Enrico and Visani, Giorgio},
  year = {2020},
  number = {arXiv:2008.05756},
  eprint = {2008.05756},
  primaryclass = {cs, stat},
  publisher = {arXiv},
  urldate = {2024-06-26},
  archiveprefix = {arXiv}
}

@inproceedings{MicrosoftCOCOCommonObjectsContext,
  title = {Microsoft {{COCO}}: {{Common Objects}} in {{Context}}},
  booktitle = {European {{Conference}} on {{Computer Vision}}},
  author = {Lin, Tsung-Yi and Maire, Michael and Belongie, Serge and Bourdev, Lubomir and Girshick, Ross and Hays, James and Perona, Pietro and Ramanan, Deva and Zitnick, C. Lawrence and Doll{\'a}r, Piotr},
  year = {2014},
  eprint = {1405.0312},
  primaryclass = {cs},
  pages = {740--755},
  urldate = {2024-12-14},
  archiveprefix = {arXiv}
}

@misc{MIMICITMultiModalInContextInstructionTuninga,
  title = {{{MIMIC-IT}}: {{Multi-Modal In-Context Instruction Tuning}}},
  author = {Li, Bo and Zhang, Yuanhan and Chen, Liangyu and Wang, Jinghao and Pu, Fanyi and Yang, Jingkang and Li, Chunyuan and Liu, Ziwei},
  year = {2023},
  number = {arXiv:2306.05425},
  eprint = {2306.05425},
  primaryclass = {cs},
  publisher = {arXiv},
  urldate = {2024-06-05},
  archiveprefix = {arXiv}
}

@misc{MiniGPT4EnhancingVisionLanguageUnderstandingAdvancedLargeLanguageModels,
  title = {{{MiniGPT-4}}: {{Enhancing Vision-Language Understanding}} with {{Advanced Large Language Models}}},
  author = {Zhu, Deyao and Chen, Jun and Shen, Xiaoqian and Li, Xiang and Elhoseiny, Mohamed},
  year = {2023},
  number = {arXiv:2304.10592},
  eprint = {2304.10592},
  primaryclass = {cs},
  publisher = {arXiv},
  urldate = {2024-06-05},
  archiveprefix = {arXiv}
}

@article{Mixedsupervisionsurfacedefectdetectionweaklyfullysupervisedlearning,
  title = {Mixed Supervision for Surface-Defect Detection: From Weakly to Fully Supervised Learning},
  author = {Bo{\v z}i{\v c}, Jakob and Tabernik, Domen and Sko{\v c}aj, Danijel},
  year = {2021},
  journal = {Computers in Industry},
  eprint = {2104.06064},
  primaryclass = {cs},
  issn = {01663615},
  urldate = {2022-11-25},
  archiveprefix = {arXiv}
}

@misc{MMBenchYourMultimodalModelAllaroundPlayer,
  title = {{{MMBench}}: {{Is Your Multi-modal Model}} an {{All-around Player}}?},
  author = {Liu, Yuan and Duan, Haodong and Zhang, Yuanhan and Li, Bo and Zhang, Songyang and Zhao, Wangbo and Yuan, Yike and Wang, Jiaqi and He, Conghui and Liu, Ziwei and Chen, Kai and Lin, Dahua},
  year = {2024},
  number = {arXiv:2307.06281},
  eprint = {2307.06281},
  primaryclass = {cs},
  publisher = {arXiv},
  urldate = {2024-06-05},
  archiveprefix = {arXiv}
}

@misc{MMLLMsRecentAdvancesMultiModalLargeLanguageModelsb,
  title = {{{MM-LLMs}}: {{Recent Advances}} in {{MultiModal Large Language Models}}},
  author = {Zhang, Duzhen and Yu, Yahan and Dong, Jiahua and Li, Chenxing and Su, Dan and Chu, Chenhui and Yu, Dong},
  year = {2024},
  number = {arXiv:2401.13601},
  eprint = {2401.13601},
  primaryclass = {cs},
  publisher = {arXiv},
  urldate = {2024-06-05},
  archiveprefix = {arXiv}
}

@inproceedings{ModelingContextReferringExpressions,
  title = {Modeling {{Context}} in {{Referring Expressions}}},
  booktitle = {Computer {{Vision--ECCV}} 2016: 14th {{European Conference}}, {{Amsterdam}}, {{The Netherlands}}, {{October}} 11-14, 2016, {{Proceedings}}, {{Part II}} 14},
  author = {Yu, Licheng and Poirson, Patrick and Yang, Shan and Berg, Alexander C. and Berg, Tamara L.},
  year = {2016},
  eprint = {1608.00272},
  primaryclass = {cs},
  pages = {69--85},
  publisher = {arXiv},
  urldate = {2024-06-06},
  archiveprefix = {arXiv}
}

@misc{MSELossOutlyingLabelImbalancedClassification,
  title = {{{MSE Loss}} with {{Outlying Label}} for {{Imbalanced Classification}}},
  author = {Kato, Sota and Hotta, Kazuhiro},
  year = {2021},
  number = {arXiv:2107.02393},
  eprint = {2107.02393},
  primaryclass = {cs},
  publisher = {arXiv},
  urldate = {2024-06-08},
  archiveprefix = {arXiv}
}

@misc{MultimodalInContextLearningVisionLanguageModels,
  title = {Towards {{Multimodal In-Context Learning}} for {{Vision}} \& {{Language Models}}},
  author = {Doveh, Sivan and Perek, Shaked and Mirza, M. Jehanzeb and Alfassy, Amit and Arbelle, Assaf and Ullman, Shimon and Karlinsky, Leonid},
  year = {2024},
  number = {arXiv:2403.12736},
  eprint = {2403.12736},
  primaryclass = {cs},
  publisher = {arXiv},
  urldate = {2024-06-05},
  archiveprefix = {arXiv}
}

@inproceedings{MVTecADComprehensiveRealWorldDatasetUnsupervisedAnomalyDetection,
  title = {{{MVTec AD}} --- {{A Comprehensive Real-World Dataset}} for {{Unsupervised Anomaly Detection}}},
  booktitle = {{{IEEE}}/{{CVF Conference}} on {{Computer Vision}} and {{Pattern Recognition}} ({{CVPR}})},
  author = {Bergmann, Paul and Fauser, Michael and Sattlegger, David and Steger, Carsten},
  year = {2019},
  pages = {9584--9592},
  publisher = {IEEE},
  urldate = {2024-02-13},
  isbn = {978-1-72813-293-8}
}

@misc{OpenFlamingoOpenSourceFrameworkTrainingLargeAutoregressiveVisionLanguageModelsa,
  title = {{{OpenFlamingo}}: {{An Open-Source Framework}} for {{Training Large Autoregressive Vision-Language Models}}},
  author = {Awadalla, Anas and Gao, Irena and Gardner, Josh and Hessel, Jack and Hanafy, Yusuf and Zhu, Wanrong and Marathe, Kalyani and Bitton, Yonatan and Gadre, Samir and Sagawa, Shiori and Jitsev, Jenia and Kornblith, Simon and Koh, Pang Wei and Ilharco, Gabriel and Wortsman, Mitchell and Schmidt, Ludwig},
  year = {2023},
  number = {arXiv:2308.01390},
  eprint = {2308.01390},
  primaryclass = {cs},
  publisher = {arXiv},
  urldate = {2024-06-05},
  archiveprefix = {arXiv}
}

@misc{OtterMultiModalModelInContextInstructionTuninga,
  title = {Otter: {{A Multi-Modal Model}} with {{In-Context Instruction Tuning}}},
  author = {Li, Bo and Zhang, Yuanhan and Chen, Liangyu and Wang, Jinghao and Yang, Jingkang and Liu, Ziwei},
  year = {2023},
  number = {arXiv:2305.03726},
  eprint = {2305.03726},
  primaryclass = {cs},
  publisher = {arXiv},
  urldate = {2024-06-05},
  archiveprefix = {arXiv}
}

@inproceedings{Padimpatchdistributionmodelingframeworkanomalydetectionlocalization,
  title = {Padim: A Patch Distribution Modeling Framework for Anomaly Detection and Localization},
  booktitle = {International {{Conference}} on {{Pattern Recognition}}},
  author = {Defard, Thomas and Setkov, Aleksandr and Loesch, Angelique and Audigier, Romaric},
  year = {2021},
  pages = {475--489},
  publisher = {Springer}
}

@inproceedings{PandaAdaptingpretrainedfeaturesanomalydetectionsegmentation,
  title = {Panda: {{Adapting}} Pretrained Features for Anomaly Detection and Segmentation},
  booktitle = {{{IEEE}}/{{CVF Conference}} on {{Computer Vision}} and {{Pattern Recognition}} ({{CVPR}})},
  author = {Reiss, Tal and Cohen, Niv and Bergman, Liron and Hoshen, Yedid},
  year = {2021},
  pages = {2806--2814}
}

@inproceedings{PatchSVDDPatchlevelSVDDAnomalyDetectionSegmentation,
  title = {Patch {{SVDD}}: {{Patch-level SVDD}} for {{Anomaly Detection}} and {{Segmentation}}},
  booktitle = {Asian {{Conference}} on {{Computer Vision}} ({{ACCV}})},
  author = {Yi, Jihun and Yoon, Sungroh},
  year = {2020},
  eprint = {2006.16067},
  primaryclass = {cs},
  publisher = {arXiv},
  urldate = {2024-06-05},
  archiveprefix = {arXiv}
}

@misc{PointAskIncorporatingPointingVisualQuestionAnswering,
  title = {Point and {{Ask}}: {{Incorporating Pointing}} into {{Visual Question Answering}}},
  author = {Mani, Arjun and Yoo, Nobline and Hinthorn, Will and Russakovsky, Olga},
  year = {2022},
  number = {arXiv:2011.13681},
  eprint = {2011.13681},
  primaryclass = {cs},
  publisher = {arXiv},
  urldate = {2024-06-06},
  archiveprefix = {arXiv}
}

@inproceedings{RecognitionCognitionVisualCommonsenseReasoning,
  title = {From {{Recognition}} to {{Cognition}}: {{Visual Commonsense Reasoning}}},
  booktitle = {{{IEEE}}/{{CVF Conference}} on {{Computer Vision}} and {{Pattern Recognition}}},
  author = {Zellers, Rowan and Bisk, Yonatan and Farhadi, Ali and Choi, Yejin},
  year = {2019},
  eprint = {1811.10830},
  primaryclass = {cs},
  pages = {6720--6731},
  publisher = {arXiv},
  urldate = {2024-06-06},
  archiveprefix = {arXiv}
}

@inproceedings{RethinkingRoleDemonstrationsWhatMakesInContextLearningWork,
  title = {Rethinking the {{Role}} of {{Demonstrations}}: {{What Makes In-Context Learning Work}}?},
  author = {Min, Sewon and Lyu, Xinxi and Holtzman, Ari and Artetxe, Mikel and Lewis, Mike and Hajishirzi, Hannaneh and Zettlemoyer, Luke},
  year = {2022},
  eprint = {2202.12837},
  primaryclass = {cs},
  publisher = {EMNLP},
  urldate = {2024-06-05},
  archiveprefix = {arXiv}
}

@misc{SegmentAnyAnomalyTrainingHybridPromptRegularizationa,
  title = {Segment {{Any Anomaly}} without {{Training}} via {{Hybrid Prompt Regularization}}},
  author = {Cao, Yunkang and Xu, Xiaohao and Sun, Chen and Cheng, Yuqi and Du, Zongwei and Gao, Liang and Shen, Weiming},
  year = {2023},
  number = {arXiv:2305.10724},
  eprint = {2305.10724},
  primaryclass = {cs},
  publisher = {arXiv},
  urldate = {2024-06-05},
  archiveprefix = {arXiv}
}

@inproceedings{SegmentAnythinga,
  title = {Segment {{Anything}}},
  booktitle = {{{IEEE}}/{{CVF International Conference}} on {{Computer Vision}}},
  author = {Kirillov, Alexander and Mintun, Eric and Ravi, Nikhila and Mao, Hanzi and Rolland, Chloe and Gustafson, Laura and Xiao, Tete and Whitehead, Spencer and Berg, Alexander C. and Lo, Wan-Yen and Doll{\'a}r, Piotr and Girshick, Ross},
  year = {2023},
  eprint = {2304.02643},
  primaryclass = {cs},
  pages = {4015--4026},
  publisher = {arXiv},
  urldate = {2024-06-05},
  archiveprefix = {arXiv}
}

@misc{ShikraUnleashingMultimodalLLMReferentialDialogueMagic,
  title = {Shikra: {{Unleashing Multimodal LLM}}'s {{Referential Dialogue Magic}}},
  author = {Chen, Keqin and Zhang, Zhao and Zeng, Weili and Zhang, Richong and Zhu, Feng and Zhao, Rui},
  year = {2023},
  number = {arXiv:2306.15195},
  eprint = {2306.15195},
  primaryclass = {cs},
  publisher = {arXiv},
  urldate = {2024-06-05},
  archiveprefix = {arXiv}
}

@inproceedings{SimpleNetSimpleNetworkImageAnomalyDetectionLocalization,
  title = {{{SimpleNet}}: {{A Simple Network}} for {{Image Anomaly Detection}} and {{Localization}}},
  booktitle = {{{IEEE}}/{{CVF Conference}} on {{Computer Vision}} and {{Pattern Recognition}}},
  author = {Liu, Zhikang and Zhou, Yiming and Xu, Yuansheng and Wang, Zilei},
  year = {2023},
  eprint = {2303.15140},
  primaryclass = {cs},
  pages = {20402--20411},
  publisher = {arXiv},
  urldate = {2024-06-26},
  archiveprefix = {arXiv}
}

@inproceedings{SPottheDifferenceSelfSupervisedPretrainingAnomalyDetectionSegmentation,
  title = {{{SPot-the-Difference Self-Supervised Pre-training}} for {{Anomaly Detection}} and {{Segmentation}}},
  booktitle = {European {{Conference}} on {{Computer Vision}}},
  author = {Zou, Yang and Jeong, Jongheon and Pemula, Latha and Zhang, Dongqing and Dabeer, Onkar},
  year = {2022},
  eprint = {2207.14315},
  primaryclass = {cs},
  pages = {392--408},
  publisher = {arXiv},
  urldate = {2024-06-07},
  archiveprefix = {arXiv}
}

@article{SurveyDeepActiveLearning,
  title = {A {{Survey}} of {{Deep Active Learning}}},
  author = {{Pengzhen Ren} and Xiao, Yun and Chang, Xiaojun and Huang, Po-Yao and Li, Zhihui and Gupta, Brij B. and Chen, Xiaojiang and Wang, Xin},
  year = {2021},
  journal = {ACM computing surveys (CSUR)},
  volume = {54},
  number = {9},
  eprint = {2009.00236},
  primaryclass = {cs, stat},
  pages = {1--40},
  urldate = {2022-09-30},
  archiveprefix = {arXiv}
}

@misc{SurveyIncontextLearning,
  title = {A {{Survey}} on {{In-context Learning}}},
  author = {Dong, Qingxiu and Li, Lei and Dai, Damai and Zheng, Ce and Wu, Zhiyong and Chang, Baobao and Sun, Xu and Xu, Jingjing and Li, Lei and Sui, Zhifang},
  year = {2023},
  number = {arXiv:2301.00234},
  eprint = {2301.00234},
  primaryclass = {cs},
  publisher = {arXiv},
  urldate = {2024-06-05},
  archiveprefix = {arXiv}
}

@misc{SurveyMultimodalLargeLanguageModelsa,
  title = {A {{Survey}} on {{Multimodal Large Language Models}}},
  author = {Yin, Shukang and Fu, Chaoyou and Zhao, Sirui and Li, Ke and Sun, Xing and Xu, Tong and Chen, Enhong},
  year = {2024},
  number = {arXiv:2306.13549},
  eprint = {2306.13549},
  primaryclass = {cs},
  publisher = {arXiv},
  urldate = {2024-06-05},
  archiveprefix = {arXiv}
}

@inproceedings{totalrecallindustrialanomalydetection,
  title = {Towards Total Recall in Industrial Anomaly Detection},
  booktitle = {Proceedings of the {{IEEE}}/{{CVF Conference}} on {{Computer Vision}} and {{Pattern Recognition}}},
  author = {Roth, Karsten and Pemula, Latha and Zepeda, Joaquin and Sch{\"o}lkopf, Bernhard and Brox, Thomas and Gehler, Peter},
  year = {2022},
  pages = {14318--14328}
}

@inproceedings{UnderstandingImprovingInContextLearningVisionlanguageModels,
  title = {Understanding and {{Improving In-Context Learning}} on {{Vision-language Models}}},
  author = {Chen, Shuo and Han, Zhen and He, Bailan and Buckley, Mark and Torr, Philip and Tresp, Volker and Gu, Jindong},
  year = {2024},
  eprint = {2311.18021},
  primaryclass = {cs},
  publisher = {arXiv},
  urldate = {2024-06-05},
  archiveprefix = {arXiv}
}

@inproceedings{VILAPretrainingVisualLanguageModelsa,
  title = {{{VILA}}: {{On Pre-training}} for {{Visual Language Models}}},
  booktitle = {Proceedings of the {{IEEE}}/{{CVF Conference}} on {{Computer Vision}} and {{Pattern Recognition}}},
  author = {Lin, Ji and Yin, Hongxu and Ping, Wei and Lu, Yao and Molchanov, Pavlo and Tao, Andrew and Mao, Huizi and Kautz, Jan and Shoeybi, Mohammad and Han, Song},
  year = {2024},
  eprint = {2312.07533},
  primaryclass = {cs},
  publisher = {arXiv},
  urldate = {2024-06-22},
  archiveprefix = {arXiv}
}

@misc{ViPLLaVAMakingLargeMultimodalModelsUnderstandArbitraryVisualPrompts,
  title = {{{ViP-LLaVA}}: {{Making Large Multimodal Models Understand Arbitrary Visual Prompts}}},
  author = {Cai, Mu and Liu, Haotian and Park, Dennis and Mustikovela, Siva Karthik and Meyer, Gregory P. and Chai, Yuning and Lee, Yong Jae},
  year = {2024},
  number = {arXiv:2312.00784},
  eprint = {2312.00784},
  primaryclass = {cs},
  publisher = {arXiv},
  urldate = {2024-06-05},
  archiveprefix = {arXiv}
}

@inproceedings{Visual7WGroundedQuestionAnsweringImages,
  title = {{{Visual7W}}: {{Grounded Question Answering}} in {{Images}}},
  author = {Zhu, Yuke and Groth, Oliver and Bernstein, Michael and {Fei-Fei}, Li},
  year = {2016},
  eprint = {1511.03416},
  primaryclass = {cs},
  publisher = {arXiv},
  urldate = {2024-06-06},
  archiveprefix = {arXiv}
}

@article{VisualGenomeConnectingLanguageVisionUsingCrowdsourcedDenseImageAnnotations,
  title = {Visual {{Genome}}: {{Connecting Language}} and {{Vision Using Crowdsourced Dense Image Annotations}}},
  author = {Krishna, Ranjay and Zhu, Yuke and Groth, Oliver and Johnson, Justin and Hata, Kenji and Kravitz, Joshua and Chen, Stephanie and Kalantidis, Yannis and Li, Li-Jia and Shamma, David A. and Bernstein, Michael S. and Li, Fei-Fei},
  year = {2017},
  journal = {International journal of computer vision},
  volume = {123},
  eprint = {1602.07332},
  primaryclass = {cs},
  pages = {32--73},
  urldate = {2024-06-06},
  archiveprefix = {arXiv}
}

@inproceedings{VisualInstructionTuning,
  title = {Visual {{Instruction Tuning}}},
  booktitle = {Advances in Neural Information Processing Systems},
  author = {Liu, Haotian and Li, Chunyuan and Wu, Qingyang and Lee, Yong Jae},
  year = {2023},
  volume = {36},
  eprint = {2304.08485},
  primaryclass = {cs},
  publisher = {arXiv},
  urldate = {2024-06-05},
  archiveprefix = {arXiv}
}

@misc{VLICLBenchDevilDetailsBenchmarkingMultimodalInContextLearning,
  title = {{{VL-ICL Bench}}: {{The Devil}} in the {{Details}} of {{Benchmarking Multimodal In-Context Learning}}},
  author = {Zong, Yongshuo and Bohdal, Ondrej and Hospedales, Timothy},
  year = {2024},
  number = {arXiv:2403.13164},
  eprint = {2403.13164},
  primaryclass = {cs},
  publisher = {arXiv},
  urldate = {2024-06-08},
  archiveprefix = {arXiv}
}

@misc{WhatMakesMultimodalInContextLearningWork,
  title = {What {{Makes Multimodal In-Context Learning Work}}?},
  author = {Baldassini, Folco Bertini and Shukor, Mustafa and Cord, Matthieu and Soulier, Laure and Piwowarski, Benjamin},
  year = {2024},
  number = {arXiv:2404.15736},
  eprint = {2404.15736},
  primaryclass = {cs},
  publisher = {arXiv},
  urldate = {2024-06-07},
  archiveprefix = {arXiv}
}

@inproceedings{WinCLIPZeroFewShotAnomalyClassificationSegmentation,
  title = {{{WinCLIP}}: {{Zero-}}/{{Few-Shot Anomaly Classification}} and {{Segmentation}}},
  booktitle = {{{IEEE}}/{{CVF Conference}} on {{Computer Vision}} and {{Pattern Recognition}}},
  author = {Jeong, Jongheon and Zou, Yang and Kim, Taewan and Zhang, Dongqing and Ravichandran, Avinash and Dabeer, Onkar},
  year = {2023},
  eprint = {2303.14814},
  primaryclass = {cs},
  pages = {19606--19616},
  publisher = {arXiv},
  urldate = {2024-06-05},
  archiveprefix = {arXiv}
}

@misc{XTunerToolkitEfficientlyFinetuningLLM,
  title = {{{XTuner}}: {{A Toolkit}} for {{Efficiently Fine-tuning LLM}}},
  author = {{XTuner Contributors}},
  year = {2023}
}
