@inproceedings{DBLP:conf/apsec/FuTNL23,
	author       = {Michael Fu and
	Chakkrit Kla Tantithamthavorn and
	Van Nguyen and
	Trung Le},
	title        = {ChatGPT for Vulnerability Detection, Classification, and Repair: How
	Far Are We?},
	booktitle    = {30th Asia-Pacific Software Engineering Conference, {APSEC} 2023, Seoul,
	Republic of Korea, December 4-7, 2023},
	pages        = {632--636},
	publisher    = {{IEEE}},
	year         = {2023},
	url          = {https://doi.org/10.1109/APSEC60848.2023.00085},
	doi          = {10.1109/APSEC60848.2023.00085},
	timestamp    = {Wed, 10 Apr 2024 20:58:45 +0200},
	biburl       = {https://dblp.org/rec/conf/apsec/FuTNL23.bib},
	bibsource    = {dblp computer science bibliography, https://dblp.org}
}

@article{liu2024lost,
	author       = {Nelson F. Liu and
                  Kevin Lin and
                  John Hewitt and
                  Ashwin Paranjape and
                  Michele Bevilacqua and
                  Fabio Petroni and
                  Percy Liang},
  title        = {Lost in the Middle: How Language Models Use Long Contexts},
  journal      = {Trans. Assoc. Comput. Linguistics},
  volume       = {12},
  pages        = {157--173},
  year         = {2024},
  url          = {https://doi.org/10.1162/tacl\_a\_00638},
  doi          = {10.1162/TACL\_A\_00638},
  timestamp    = {Thu, 20 Jun 2024 17:09:46 +0200},
  biburl       = {https://dblp.org/rec/journals/tacl/LiuLHPBPL24.bib},
  bibsource    = {dblp computer science bibliography, https://dblp.org}
}

@article{an2024make,
  author       = {Shengnan An and
                  Zexiong Ma and
                  Zeqi Lin and
                  Nanning Zheng and
                  Jian{-}Guang Lou},
  title        = {Make Your {LLM} Fully Utilize the Context},
  journal      = {CoRR},
  volume       = {abs/2404.16811},
  year         = {2024},
  url          = {https://doi.org/10.48550/arXiv.2404.16811},
  doi          = {10.48550/ARXIV.2404.16811},
  eprinttype    = {arXiv},
  eprint       = {2404.16811},
  timestamp    = {Mon, 03 Jun 2024 20:48:00 +0200},
  biburl       = {https://dblp.org/rec/journals/corr/abs-2404-16811.bib},
  bibsource    = {dblp computer science bibliography, https://dblp.org}
}

@misc{xu2023retrieval,
	author       = {Peng Xu and
	Wei Ping and
	Xianchao Wu and
	Lawrence McAfee and
	Chen Zhu and
	Zihan Liu and
	Sandeep Subramanian and
	Evelina Bakhturina and
	Mohammad Shoeybi and
	Bryan Catanzaro},
	title        = {Retrieval meets Long Context Large Language Models},
	year         = {2023},
	url          = {https://doi.org/10.48550/arXiv.2310.03025},
	doi          = {10.48550/ARXIV.2310.03025},
	eprinttype    = {arXiv},
	eprint       = {2310.03025},
	timestamp    = {Thu, 19 Oct 2023 13:12:52 +0200},
	biburl       = {https://dblp.org/rec/journals/corr/abs-2310-03025.bib},
	bibsource    = {dblp computer science bibliography, https://dblp.org}
}

@inproceedings{ullah2024llms,
	author       = {Saad Ullah and
                  Mingji Han and
                  Saurabh Pujar and
                  Hammond Pearce and
                  Ayse K. Coskun and
                  Gianluca Stringhini},
  title        = {LLMs Cannot Reliably Identify and Reason About Security Vulnerabilities
                  (Yet?): {A} Comprehensive Evaluation, Framework, and Benchmarks},
  booktitle    = {{IEEE} Symposium on Security and Privacy, {SP} 2024, San Francisco,
                  CA, USA, May 19-23, 2024},
  pages        = {862--880},
  publisher    = {{IEEE}},
  year         = {2024},
  url          = {https://doi.org/10.1109/SP54263.2024.00210},
  doi          = {10.1109/SP54263.2024.00210},
  timestamp    = {Sat, 21 Sep 2024 14:24:56 +0200},
  biburl       = {https://dblp.org/rec/conf/sp/UllahHPPCS24.bib},
  bibsource    = {dblp computer science bibliography, https://dblp.org}
}

@misc{DBLP:journals/corr/abs-2309-05520,
	author       = {Chong Chen and
	Jianzhong Su and
	Jiachi Chen and
	Yanlin Wang and
	Tingting Bi and
	Yanli Wang and
	Xingwei Lin and
	Ting Chen and
	Zibin Zheng},
	title        = {When ChatGPT Meets Smart Contract Vulnerability Detection: How Far
	Are We?},
	year         = {2023},
	url          = {https://doi.org/10.48550/arXiv.2309.05520},
	doi          = {10.48550/ARXIV.2309.05520},
	eprinttype    = {arXiv},
	eprint       = {2309.05520},
	timestamp    = {Tue, 19 Dec 2023 15:15:53 +0100},
	biburl       = {https://dblp.org/rec/journals/corr/abs-2309-05520.bib},
	bibsource    = {dblp computer science bibliography, https://dblp.org}
}

@article{DBLP:journals/tse/ShinMWO11,
	author       = {Yonghee Shin and
	Andrew Meneely and
	Laurie A. Williams and
	Jason A. Osborne},
	title        = {Evaluating Complexity, Code Churn, and Developer Activity Metrics
	as Indicators of Software Vulnerabilities},
	journal      = {{IEEE} Trans. Software Eng.},
	volume       = {37},
	number       = {6},
	pages        = {772--787},
	year         = {2011},
	url          = {https://doi.org/10.1109/TSE.2010.81},
	doi          = {10.1109/TSE.2010.81},
	timestamp    = {Mon, 07 Sep 2020 10:46:55 +0200},
	biburl       = {https://dblp.org/rec/journals/tse/ShinMWO11.bib},
	bibsource    = {dblp computer science bibliography, https://dblp.org}
}

@misc{DBLP:journals/corr/abs-2401-15468,
	author       = {Xin Zhou and
	Ting Zhang and
	David Lo},
	title        = {Large Language Model for Vulnerability Detection: Emerging Results
	and Future Directions},
	year         = {2024},
	url          = {https://doi.org/10.48550/arXiv.2401.15468},
	doi          = {10.48550/ARXIV.2401.15468},
	eprinttype    = {arXiv},
	eprint       = {2401.15468},
	timestamp    = {Tue, 06 Feb 2024 14:15:49 +0100},
	biburl       = {https://dblp.org/rec/journals/corr/abs-2401-15468.bib},
	bibsource    = {dblp computer science bibliography, https://dblp.org}
}

@inproceedings{DBLP:conf/kbse/ZhouKXLHL23,
	author       = {Xin Zhou and
	Kisub Kim and
	Bowen Xu and
	Jiakun Liu and
	DongGyun Han and
	David Lo},
	title        = {The Devil is in the Tails: How Long-Tailed Code Distributions Impact
	Large Language Models},
	booktitle    = {38th {IEEE/ACM} International Conference on Automated Software Engineering,
	{ASE} 2023, Luxembourg, September 11-15, 2023},
	pages        = {40--52},
	publisher    = {{IEEE}},
	year         = {2023},
	url          = {https://doi.org/10.1109/ASE56229.2023.00157},
	doi          = {10.1109/ASE56229.2023.00157},
	timestamp    = {Mon, 05 Feb 2024 20:31:34 +0100},
	biburl       = {https://dblp.org/rec/conf/kbse/ZhouKXLHL23.bib},
	bibsource    = {dblp computer science bibliography, https://dblp.org}
}

@misc{DBLP:journals/corr/abs-2403-15600,
	author       = {Sivana Hamer and
	Marcelo d'Amorim and
	Laurie Williams},
	title        = {Just another copy and paste? Comparing the security vulnerabilities
	of ChatGPT generated code and StackOverflow answers},
	year         = {2024},
	url          = {https://doi.org/10.48550/arXiv.2403.15600},
	doi          = {10.48550/ARXIV.2403.15600},
	eprinttype    = {arXiv},
	eprint       = {2403.15600},
	timestamp    = {Tue, 09 Apr 2024 15:12:39 +0200},
	biburl       = {https://dblp.org/rec/journals/corr/abs-2403-15600.bib},
	bibsource    = {dblp computer science bibliography, https://dblp.org}
}

@inproceedings{DBLP:conf/iclr/WeiBZGYLDDL22,
	author       = {Jason Wei and
	Maarten Bosma and
	Vincent Y. Zhao and
	Kelvin Guu and
	Adams Wei Yu and
	Brian Lester and
	Nan Du and
	Andrew M. Dai and
	Quoc V. Le},
	title        = {Finetuned Language Models are Zero-Shot Learners},
	booktitle    = {The Tenth International Conference on Learning Representations, {ICLR}
	2022, Virtual Event, April 25-29, 2022},
	publisher    = {OpenReview.net},
	year         = {2022},
	url          = {https://openreview.net/forum?id=gEZrGCozdqR},
	timestamp    = {Wed, 16 Aug 2023 16:10:28 +0200},
	biburl       = {https://dblp.org/rec/conf/iclr/WeiBZGYLDDL22.bib},
	bibsource    = {dblp computer science bibliography, https://dblp.org}
}

@inproceedings{DBLP:conf/nips/KojimaGRMI22,
	author       = {Takeshi Kojima and
	Shixiang Shane Gu and
	Machel Reid and
	Yutaka Matsuo and
	Yusuke Iwasawa},
	editor       = {Sanmi Koyejo and
	S. Mohamed and
	A. Agarwal and
	Danielle Belgrave and
	K. Cho and
	A. Oh},
	title        = {Large Language Models are Zero-Shot Reasoners},
	booktitle    = {Advances in Neural Information Processing Systems 35: Annual Conference
	on Neural Information Processing Systems 2022, NeurIPS 2022, New Orleans,
	LA, USA, November 28 - December 9, 2022},
	year         = {2022},
	url          = {http://papers.nips.cc/paper\_files/paper/2022/hash/8bb0d291acd4acf06ef112099c16f326-Abstract-Conference.html},
	timestamp    = {Mon, 08 Jan 2024 16:31:34 +0100},
	biburl       = {https://dblp.org/rec/conf/nips/KojimaGRMI22.bib},
	bibsource    = {dblp computer science bibliography, https://dblp.org}
}

@inproceedings{DBLP:conf/emnlp/0034WJH21,
	author       = {Yue Wang and
	Weishi Wang and
	Shafiq R. Joty and
	Steven C. H. Hoi},
	editor       = {Marie{-}Francine Moens and
	Xuanjing Huang and
	Lucia Specia and
	Scott Wen{-}tau Yih},
	title        = {CodeT5: Identifier-aware Unified Pre-trained Encoder-Decoder Models
	for Code Understanding and Generation},
	booktitle    = {Proceedings of the 2021 Conference on Empirical Methods in Natural
	Language Processing, {EMNLP} 2021, Virtual Event / Punta Cana, Dominican
	Republic, 7-11 November, 2021},
	pages        = {8696--8708},
	publisher    = {Association for Computational Linguistics},
	year         = {2021},
	url          = {https://doi.org/10.18653/v1/2021.emnlp-main.685},
	doi          = {10.18653/V1/2021.EMNLP-MAIN.685},
	timestamp    = {Fri, 16 Feb 2024 08:27:36 +0100},
	biburl       = {https://dblp.org/rec/conf/emnlp/0034WJH21.bib},
	bibsource    = {dblp computer science bibliography, https://dblp.org}
}

@inproceedings{DBLP:conf/emnlp/FengGTDFGS0LJZ20,
	author       = {Zhangyin Feng and
	Daya Guo and
	Duyu Tang and
	Nan Duan and
	Xiaocheng Feng and
	Ming Gong and
	Linjun Shou and
	Bing Qin and
	Ting Liu and
	Daxin Jiang and
	Ming Zhou},
	editor       = {Trevor Cohn and
	Yulan He and
	Yang Liu},
	title        = {CodeBERT: {A} Pre-Trained Model for Programming and Natural Languages},
	booktitle    = {Findings of the Association for Computational Linguistics: {EMNLP}
	2020, Online Event, 16-20 November 2020},
	series       = {Findings of {ACL}},
	volume       = {{EMNLP} 2020},
	pages        = {1536--1547},
	publisher    = {Association for Computational Linguistics},
	year         = {2020},
	url          = {https://doi.org/10.18653/v1/2020.findings-emnlp.139},
	doi          = {10.18653/V1/2020.FINDINGS-EMNLP.139},
	timestamp    = {Wed, 23 Mar 2022 10:11:55 +0100},
	biburl       = {https://dblp.org/rec/conf/emnlp/FengGTDFGS0LJZ20.bib},
	bibsource    = {dblp computer science bibliography, https://dblp.org}
}

@article{cheshkov2023evaluation,
  author       = {Anton Cheshkov and
                  Pavel Zadorozhny and
                  Rodion Levichev},
  title        = {Evaluation of ChatGPT Model for Vulnerability Detection},
  journal      = {CoRR},
  volume       = {abs/2304.07232},
  year         = {2023},
  url          = {https://doi.org/10.48550/arXiv.2304.07232},
  doi          = {10.48550/ARXIV.2304.07232},
  eprinttype    = {arXiv},
  eprint       = {2304.07232},
  timestamp    = {Wed, 19 Apr 2023 12:42:23 +0200},
  biburl       = {https://dblp.org/rec/journals/corr/abs-2304-07232.bib},
  bibsource    = {dblp computer science bibliography, https://dblp.org}
}

@article{DBLP:journals/ese/NapierBW23,
	author       = {Kollin Napier and
	Tanmay Bhowmik and
	Shaowei Wang},
	title        = {An empirical study of text-based machine learning models for vulnerability
	detection},
	journal      = {Empir. Softw. Eng.},
	volume       = {28},
	number       = {2},
	pages        = {38},
	year         = {2023},
	url          = {https://doi.org/10.1007/s10664-022-10276-6},
	doi          = {10.1007/S10664-022-10276-6},
	timestamp    = {Sat, 09 Mar 2024 16:00:19 +0100},
	biburl       = {https://dblp.org/rec/journals/ese/NapierBW23.bib},
	bibsource    = {dblp computer science bibliography, https://dblp.org}
}

@inproceedings{DBLP:conf/raid/0001DACW23,
	author       = {Yizheng Chen and
	Zhoujie Ding and
	Lamya Alowain and
	Xinyun Chen and
	David A. Wagner},
	title        = {DiverseVul: {A} New Vulnerable Source Code Dataset for Deep Learning
	Based Vulnerability Detection},
	booktitle    = {Proceedings of the 26th International Symposium on Research in Attacks,
	Intrusions and Defenses, {RAID} 2023, Hong Kong, China, October 16-18,
	2023},
	pages        = {654--668},
	publisher    = {{ACM}},
	year         = {2023},
	url          = {https://doi.org/10.1145/3607199.3607242},
	doi          = {10.1145/3607199.3607242},
	timestamp    = {Fri, 27 Oct 2023 20:40:34 +0200},
	biburl       = {https://dblp.org/rec/conf/raid/0001DACW23.bib},
	bibsource    = {dblp computer science bibliography, https://dblp.org}
}

@misc{DBLP:journals/corr/abs-2308-12697,
	author       = {Chenyuan Zhang and
	Hao Liu and
	Jiutian Zeng and
	Kejing Yang and
	Yuhong Li and
	Hui Li},
	title        = {Prompt-Enhanced Software Vulnerability Detection Using ChatGPT},
	year         = {2023},
	url          = {https://doi.org/10.48550/arXiv.2308.12697},
	doi          = {10.48550/ARXIV.2308.12697},
	eprinttype    = {arXiv},
	eprint       = {2308.12697},
	timestamp    = {Wed, 30 Aug 2023 17:27:54 +0200},
	biburl       = {https://dblp.org/rec/journals/corr/abs-2308-12697.bib},
	bibsource    = {dblp computer science bibliography, https://dblp.org}
}

@misc{DBLP:journals/corr/abs-2402-14848,
	author       = {Mosh Levy and
	Alon Jacoby and
	Yoav Goldberg},
	title        = {Same Task, More Tokens: the Impact of Input Length on the Reasoning
	Performance of Large Language Models},
	year         = {2024},
	url          = {https://doi.org/10.48550/arXiv.2402.14848},
	doi          = {10.48550/ARXIV.2402.14848},
	eprinttype    = {arXiv},
	eprint       = {2402.14848},
	timestamp    = {Fri, 22 Mar 2024 12:19:03 +0100},
	biburl       = {https://dblp.org/rec/journals/corr/abs-2402-14848.bib},
	bibsource    = {dblp computer science bibliography, https://dblp.org}
}

@article{LIU2024107458,
	title = {Making vulnerability prediction more practical: Prediction, categorization, and localization},
	journal = {Information and Software Technology},
	volume = {171},
	pages = {107458},
	year = {2024},
	issn = {0950-5849},
	doi = {https://doi.org/10.1016/j.infsof.2024.107458},
	author = {Chongyang Liu and Xiang Chen and Xiangwei Li and Yinxing Xue},
}

@misc{DBLP:journals/corr/abs-2308-10882,
	author       = {Arka Pal and
	Deep Karkhanis and
	Manley Roberts and
	Samuel Dooley and
	Arvind Sundararajan and
	Siddartha Naidu},
	title        = {Giraffe: Adventures in Expanding Context Lengths in LLMs},
	year         = {2023},
	url          = {https://doi.org/10.48550/arXiv.2308.10882},
	doi          = {10.48550/ARXIV.2308.10882},
	eprinttype    = {arXiv},
	eprint       = {2308.10882},
	timestamp    = {Wed, 30 Aug 2023 17:27:54 +0200},
	biburl       = {https://dblp.org/rec/journals/corr/abs-2308-10882.bib},
	bibsource    = {dblp computer science bibliography, https://dblp.org}
}

@article{DBLP:journals/corr/abs-2402-13753,
	author       = {Yiran Ding and
	Li Lyna Zhang and
	Chengruidong Zhang and
	Yuanyuan Xu and
	Ning Shang and
	Jiahang Xu and
	Fan Yang and
	Mao Yang},
	title        = {LongRoPE: Extending {LLM} Context Window Beyond 2 Million Tokens},
	journal      = {CoRR},
	volume       = {abs/2402.13753},
	year         = {2024},
	url          = {https://doi.org/10.48550/arXiv.2402.13753},
	doi          = {10.48550/ARXIV.2402.13753},
	eprinttype    = {arXiv},
	eprint       = {2402.13753},
	timestamp    = {Fri, 22 Mar 2024 12:19:03 +0100},
	biburl       = {https://dblp.org/rec/journals/corr/abs-2402-13753.bib},
	bibsource    = {dblp computer science bibliography, https://dblp.org}
}

@article{DBLP:journals/corr/abs-2306-15595,
	author       = {Shouyuan Chen and
	Sherman Wong and
	Liangjian Chen and
	Yuandong Tian},
	title        = {Extending Context Window of Large Language Models via Positional Interpolation},
	journal      = {CoRR},
	volume       = {abs/2306.15595},
	year         = {2023},
	url          = {https://doi.org/10.48550/arXiv.2306.15595},
	doi          = {10.48550/ARXIV.2306.15595},
	eprinttype    = {arXiv},
	eprint       = {2306.15595},
	timestamp    = {Fri, 30 Jun 2023 15:53:15 +0200},
	biburl       = {https://dblp.org/rec/journals/corr/abs-2306-15595.bib},
	bibsource    = {dblp computer science bibliography, https://dblp.org}
}

@misc{DBLP:journals/corr/abs-2401-03462,
	author       = {Peitian Zhang and
	Zheng Liu and
	Shitao Xiao and
	Ninglu Shao and
	Qiwei Ye and
	Zhicheng Dou},
	title        = {Soaring from 4K to 400K: Extending LLM's Context with Activation Beacon},
	year         = {2024},
	url          = {https://doi.org/10.48550/arXiv.2401.03462},
	doi          = {10.48550/ARXIV.2401.03462},
	eprinttype    = {arXiv},
	eprint       = {2401.03462},
	timestamp    = {Tue, 07 May 2024 20:15:42 +0200},
	biburl       = {https://dblp.org/rec/journals/corr/abs-2401-03462.bib},
	bibsource    = {dblp computer science bibliography, https://dblp.org}
}

@inproceedings{vassallo2018context,
	author       = {Carmine Vassallo and
                  Sebastiano Panichella and
                  Fabio Palomba and
                  Sebastian Proksch and
                  Andy Zaidman and
                  Harald C. Gall},
  editor       = {Rocco Oliveto and
                  Massimiliano Di Penta and
                  David C. Shepherd},
  title        = {Context is king: The developer perspective on the usage of static
                  analysis tools},
  booktitle    = {25th International Conference on Software Analysis, Evolution and
                  Reengineering, {SANER} 2018, Campobasso, Italy, March 20-23, 2018},
  pages        = {38--49},
  publisher    = {{IEEE} Computer Society},
  year         = {2018},
  url          = {https://doi.org/10.1109/SANER.2018.8330195},
  doi          = {10.1109/SANER.2018.8330195},
  timestamp    = {Mon, 19 Aug 2024 16:20:05 +0200},
  biburl       = {https://dblp.org/rec/conf/wcre/VassalloPPPZG18.bib},
  bibsource    = {dblp computer science bibliography, https://dblp.org}
}

@misc{DBLP:journals/corr/abs-2404-08865,
	author       = {Daniel Machlab and
	Rick Battle},
	title        = {{LLM} In-Context Recall is Prompt Dependent},
	year         = {2024},
	url          = {https://doi.org/10.48550/arXiv.2404.08865},
	doi          = {10.48550/ARXIV.2404.08865},
	eprinttype    = {arXiv},
	eprint       = {2404.08865},
	timestamp    = {Wed, 15 May 2024 13:30:28 +0200},
	biburl       = {https://dblp.org/rec/journals/corr/abs-2404-08865.bib},
	bibsource    = {dblp computer science bibliography, https://dblp.org}
}

@article{kuratov2024search,
	title={In Search of Needles in a 10M Haystack: Recurrent Memory Finds What LLMs Miss},
	author={Kuratov, Yuri and Bulatov, Aydar and Anokhin, Petr and Sorokin, Dmitry and Sorokin, Artyom and Burtsev, Mikhail},
	journal={arXiv preprint arXiv:2402.10790},
	year={2024}
}

@misc{li2024snapkv,
	author       = {Yuhong Li and
	Yingbing Huang and
	Bowen Yang and
	Bharat Venkitesh and
	Acyr Locatelli and
	Hanchen Ye and
	Tianle Cai and
	Patrick Lewis and
	Deming Chen},
	title        = {SnapKV: {LLM} Knows What You are Looking for Before Generation},
	year         = {2024},
	url          = {https://doi.org/10.48550/arXiv.2404.14469},
	doi          = {10.48550/ARXIV.2404.14469},
	eprinttype    = {arXiv},
	eprint       = {2404.14469},
	timestamp    = {Sat, 25 May 2024 18:35:24 +0200},
	biburl       = {https://dblp.org/rec/journals/corr/abs-2404-14469.bib},
	bibsource    = {dblp computer science bibliography, https://dblp.org}
}

@inproceedings{purba2023software,
	author       = {Moumita Das Purba and
                  Arpita Ghosh and
                  Benjamin J. Radford and
                  Bill Chu},
  title        = {Software Vulnerability Detection using Large Language Models},
  booktitle    = {34th {IEEE} International Symposium on Software Reliability Engineering,
                  {ISSRE} 2023 - Workshops, Florence, Italy, October 9-12, 2023},
  pages        = {112--119},
  publisher    = {{IEEE}},
  year         = {2023},
  url          = {https://doi.org/10.1109/ISSREW60843.2023.00058},
  doi          = {10.1109/ISSREW60843.2023.00058},
  timestamp    = {Tue, 14 Nov 2023 16:09:48 +0100},
  biburl       = {https://dblp.org/rec/conf/issre/PurbaGRC23.bib},
  bibsource    = {dblp computer science bibliography, https://dblp.org}
}

@inproceedings{DBLP:conf/acsac/ThapaJACPN22,
	author       = {Chandra Thapa and
	Seung Ick Jang and
	Muhammad Ejaz Ahmed and
	Seyit Camtepe and
	Josef Pieprzyk and
	Surya Nepal},
	title        = {Transformer-Based Language Models for Software Vulnerability Detection},
	booktitle    = {Annual Computer Security Applications Conference, {ACSAC} 2022, Austin,
	TX, USA, December 5-9, 2022},
	pages        = {481--496},
	publisher    = {{ACM}},
	year         = {2022},
	url          = {https://doi.org/10.1145/3564625.3567985},
	doi          = {10.1145/3564625.3567985},
	timestamp    = {Sun, 25 Dec 2022 14:02:34 +0100},
	biburl       = {https://dblp.org/rec/conf/acsac/ThapaJACPN22.bib},
	bibsource    = {dblp computer science bibliography, https://dblp.org}
}

@inproceedings{marvin2023prompt,
	title={Prompt Engineering in Large Language Models},
	author={Marvin, Ggaliwango and Hellen, Nakayiza and Jjingo, Daudi and Nakatumba-Nabende, Joyce},
	booktitle={International Conference on Data Intelligence and Cognitive Informatics},
	pages={387--402},
	year={2023},
    doi={10.1007/978-981-99-7962-2_30},
	organization={Springer}
}

@article{pisinger1997minimal,
	author       = {David Pisinger},
  title        = {A Minimal Algorithm for the 0-1 Knapsack Problem},
  journal      = {Oper. Res.},
  volume       = {45},
  number       = {5},
  pages        = {758--767},
  year         = {1997},
  url          = {https://doi.org/10.1287/opre.45.5.758},
  doi          = {10.1287/OPRE.45.5.758},
  timestamp    = {Tue, 31 Mar 2020 18:16:29 +0200},
  biburl       = {https://dblp.org/rec/journals/ior/Pisinger97.bib},
  bibsource    = {dblp computer science bibliography, https://dblp.org}
}

@article{chen2010big,
	author       = {Henian Chen and
	Patricia Cohen and
	Sophie Chen},
	title        = {How Big is a Big Odds Ratio? Interpreting the Magnitudes of Odds Ratios
	in Epidemiological Studies},
	journal      = {Commun. Stat. Simul. Comput.},
	volume       = {39},
	number       = {4},
	pages        = {860--864},
	year         = {2010},
	url          = {https://doi.org/10.1080/03610911003650383},
	doi          = {10.1080/03610911003650383},
	timestamp    = {Sun, 10 May 2020 21:22:21 +0200},
	biburl       = {https://dblp.org/rec/journals/cssc/ChenCC10.bib},
	bibsource    = {dblp computer science bibliography, https://dblp.org}
}

@misc{sonatype2023state,
	title = {State of the Software Supply Chain 9th Edition},
	author = {{Sonatype}},
	year = {2023},
	howpublished = {\url{https://www.sonatype.com/state-of-the-software-supply-chain/introduction}},
	note = {Accessed: 2024-06-03}
}

@misc{gitlab2022devsecops,
	title = {2022 DevSecOps Report},
	author = {{GitLab}},
	year = {2022},
	howpublished = {\url{https://learn.gitlab.com/dev-survey-22/2022-devsecops-report}},
	note = {Accessed: 2024-06-03}
}

@misc{CVE,
	title = {Common Vulnerabilities and Exposures (CVE) Catalog},
	author = {{MITRE}},
	year = {2024},
	howpublished = {\url{https://www.cve.org}},
	note = {Accessed: 2024-06-03}
}

@misc{author2023needle,
	title = {The Needle in a Haystack Test},
	author = {Aparna Dhinakaran},
	year = {2024},
	howpublished = {https://towardsdatascience.com/the-needle-in-a-haystack-test-a94974c1ad38},
	note = {Accessed: 2024-06-03}
}

@misc{anonymous2024infile,
	title        = {Replication Package for In-file Vulnerability Detection},
	author       = {Bauer, Adam and Sovrano, Francesco},
	year         = 2025,
	howpublished = {\url{https://doi.org/10.5281/zenodo.14840519}},
}

@inproceedings{nam2024using,
  author       = {Daye Nam and
                  Andrew Macvean and
                  Vincent J. Hellendoorn and
                  Bogdan Vasilescu and
                  Brad A. Myers},
  title        = {Using an {LLM} to Help With Code Understanding},
  booktitle    = {Proceedings of the 46th {IEEE/ACM} International Conference on Software
                  Engineering, {ICSE} 2024, Lisbon, Portugal, April 14-20, 2024},
  pages        = {97:1--97:13},
  publisher    = {{ACM}},
  year         = {2024},
  url          = {https://doi.org/10.1145/3597503.3639187},
  doi          = {10.1145/3597503.3639187},
  timestamp    = {Sun, 19 Jan 2025 13:15:02 +0100},
  biburl       = {https://dblp.org/rec/conf/icse/NamMHVM24.bib},
  bibsource    = {dblp computer science bibliography, https://dblp.org}
}

@inproceedings{visalli2019towards,
  title={Towards automated security vulnerability and software defect localization},
  author={Visalli, Nicholas and Deng, Lin and Al-Suwaida, Amro and Brown, Zachary and Joshi, Manish and Wei, Bingyang},
  booktitle={2019 IEEE 17th International Conference on Software Engineering Research, Management and Applications (SERA)},
  pages={90--93},
  year={2019},
  organization={IEEE}
}

@inproceedings{shen2021localizing,
  title={Localizing vulnerabilities statistically from one exploit},
  author={Shen, Shiqi and Kolluri, Aashish and Dong, Zhen and Saxena, Prateek and Roychoudhury, Abhik},
  booktitle={Proceedings of the 2021 ACM Asia Conference on Computer and Communications Security},
  pages={537--549},
  year={2021}
}

@inproceedings{wang2024reposvul,
   author       = {Xinchen Wang and
                  Ruida Hu and
                  Cuiyun Gao and
                  Xin{-}Cheng Wen and
                  Yujia Chen and
                  Qing Liao},
  title        = {ReposVul: {A} Repository-Level High-Quality Vulnerability Dataset},
  booktitle    = {Proceedings of the 2024 {IEEE/ACM} 46th International Conference on
                  Software Engineering: Companion Proceedings, {ICSE} Companion 2024,
                  Lisbon, Portugal, April 14-20, 2024},
  pages        = {472--483},
  publisher    = {{ACM}},
  year         = {2024},
  url          = {https://doi.org/10.1145/3639478.3647634},
  doi          = {10.1145/3639478.3647634},
  timestamp    = {Sun, 19 Jan 2025 13:15:03 +0100},
  biburl       = {https://dblp.org/rec/conf/icse/WangHGWC024.bib},
  bibsource    = {dblp computer science bibliography, https://dblp.org}
}

@inproceedings{tan2021locating,
  title={Locating the security patches for disclosed oss vulnerabilities with vulnerability-commit correlation ranking},
  author={Tan, Xin and Zhang, Yuan and Mi, Chenyuan and Cao, Jiajun and Sun, Kun and Lin, Yifan and Yang, Min},
  booktitle={Proceedings of the 2021 ACM SIGSAC Conference on Computer and Communications Security},
  pages={3282--3299},
  year={2021}
}

@article{erdfelder1996gpower,
  title={GPOWER: A general power analysis program},
  author={Erdfelder, Edgar and Faul, Franz and Buchner, Axel},
  journal={Behavior research methods, instruments, \& computers},
  volume={28},
  pages={1--11},
  year={1996},
  doi={10.3758/BF03203630},
  publisher={Springer}
}

@article{rice1953classes,
  title={Classes of recursively enumerable sets and their decision problems},
  author={Rice, Henry Gordon},
  journal={Transactions of the American Mathematical society},
  volume={74},
  number={2},
  pages={358--366},
  year={1953},
  doi={10.2307/1990888},
  publisher={JSTOR}
}

@article{bhusal2024secure,
  author       = {Dipkamal Bhusal and
                  Md Tanvirul Alam and
                  Le Nguyen and
                  Ashim Mahara and
                  Zachary Lightcap and
                  Rodney Frazier and
                  Romy Fieblinger and
                  Grace Long Torales and
                  Nidhi Rastogi},
  title        = {{SECURE:} Benchmarking Generative Large Language Models for Cybersecurity
                  Advisory},
  journal      = {CoRR},
  volume       = {abs/2405.20441},
  year         = {2024},
  url          = {https://doi.org/10.48550/arXiv.2405.20441},
  doi          = {10.48550/ARXIV.2405.20441},
  eprinttype    = {arXiv},
  eprint       = {2405.20441},
  timestamp    = {Mon, 24 Jun 2024 10:16:39 +0200},
  biburl       = {https://dblp.org/rec/journals/corr/abs-2405-20441.bib},
  bibsource    = {dblp computer science bibliography, https://dblp.org}
}

@article{steenhoek2024comprehensive,
    author       = {Benjamin Steenhoek and
	Md Mahbubur Rahman and
	Monoshi Kumar Roy and
	Mirza Sanjida Alam and
	Earl T. Barr and
	Wei Le},
	title        = {A Comprehensive Study of the Capabilities of Large Language Models
	for Vulnerability Detection},
	year         = {2024},
	url          = {https://doi.org/10.48550/arXiv.2403.17218},
	doi          = {10.48550/ARXIV.2403.17218},
	eprinttype    = {arXiv},
	eprint       = {2403.17218},
	timestamp    = {Wed, 10 Apr 2024 17:37:45 +0200},
	biburl       = {https://dblp.org/rec/journals/corr/abs-2403-17218.bib},
	bibsource    = {dblp computer science bibliography, https://dblp.org}
}

@article{liu2024vuldetectbench,
  author       = {Yu Liu and
                  Lang Gao and
                  Mingxin Yang and
                  Yu Xie and
                  Ping Chen and
                  Xiaojin Zhang and
                  Wei Chen},
  title        = {VulDetectBench: Evaluating the Deep Capability of Vulnerability Detection
                  with Large Language Models},
  journal      = {CoRR},
  volume       = {abs/2406.07595},
  year         = {2024},
  url          = {https://doi.org/10.48550/arXiv.2406.07595},
  doi          = {10.48550/ARXIV.2406.07595},
  eprinttype    = {arXiv},
  eprint       = {2406.07595},
  timestamp    = {Fri, 12 Jul 2024 15:54:31 +0200},
  biburl       = {https://dblp.org/rec/journals/corr/abs-2406-07595.bib},
  bibsource    = {dblp computer science bibliography, https://dblp.org}
}

@book{demaris2013logistic,
  title={Converting data into evidence: A statistics primer for the medical practitioner},
  author={DeMaris, Alfred and Selman, Steven H},
  doi={10.1007/978-1-4614-7792-1},
  year={2013},
  publisher={Springer}
}

@article{nikankin2024arithmetic,
  author       = {Yaniv Nikankin and
                  Anja Reusch and
                  Aaron Mueller and
                  Yonatan Belinkov},
  title        = {Arithmetic Without Algorithms: Language Models Solve Math With a Bag
                  of Heuristics},
  journal      = {CoRR},
  volume       = {abs/2410.21272},
  year         = {2024},
  url          = {https://doi.org/10.48550/arXiv.2410.21272},
  doi          = {10.48550/ARXIV.2410.21272},
  eprinttype    = {arXiv},
  eprint       = {2410.21272},
  timestamp    = {Fri, 29 Nov 2024 11:24:20 +0100},
  biburl       = {https://dblp.org/rec/journals/corr/abs-2410-21272.bib},
  bibsource    = {dblp computer science bibliography, https://dblp.org}
}

@article{buscemi2023comparative,
  author       = {Alessio Buscemi},
  title        = {A Comparative Study of Code Generation using ChatGPT 3.5 across 10
                  Programming Languages},
  journal      = {CoRR},
  volume       = {abs/2308.04477},
  year         = {2023},
  url          = {https://doi.org/10.48550/arXiv.2308.04477},
  doi          = {10.48550/ARXIV.2308.04477},
  eprinttype    = {arXiv},
  eprint       = {2308.04477},
  timestamp    = {Tue, 22 Aug 2023 13:58:15 +0200},
  biburl       = {https://dblp.org/rec/journals/corr/abs-2308-04477.bib},
  bibsource    = {dblp computer science bibliography, https://dblp.org}
}

@article{hou2024comparing,
  title={Comparing large language models and human programmers for generating programming code},
  author={Hou, Wenpin and Ji, Zhicheng},
  journal={Advanced Science},
  pages={2412279},
  year={2024},
  doi={10.1002/advs.202412279},
  publisher={Wiley Online Library}
}

@inproceedings{zhou2024large,
  title={Large language model for vulnerability detection: Emerging results and future directions},
  author={Zhou, Xin and Zhang, Ting and Lo, David},
  booktitle={Proceedings of the 2024 ACM/IEEE 44th International Conference on Software Engineering: New Ideas and Emerging Results},
  pages={47--51},
  doi={10.1145/3639476.3639762},
  year={2024}
}

@inproceedings{hassan2019nodoze,
  author       = {Wajih Ul Hassan and
                  Shengjian Guo and
                  Ding Li and
                  Zhengzhang Chen and
                  Kangkook Jee and
                  Zhichun Li and
                  Adam Bates},
  title        = {NoDoze: Combatting Threat Alert Fatigue with Automated Provenance
                  Triage},
  booktitle    = {26th Annual Network and Distributed System Security Symposium, {NDSS}
                  2019, San Diego, California, USA, February 24-27, 2019},
  publisher    = {The Internet Society},
  year         = {2019},
  url          = {https://www.ndss-symposium.org/ndss-paper/nodoze-combatting-threat-alert-fatigue-with-automated-provenance-triage/},
  timestamp    = {Wed, 10 Mar 2021 16:39:09 +0100},
  biburl       = {https://dblp.org/rec/conf/ndss/HassanGLCJL019.bib},
  bibsource    = {dblp computer science bibliography, https://dblp.org}
}

@misc{CWE2024Top25,
  author       = "{MITRE Corporation}",
  title        = "{2024 CWE Top 25 Most Dangerous Software Weaknesses}",
  howpublished = "\url{https://cwe.mitre.org/top25/archive/2024/2024_cwe_top25.html}",
  year         = 2024,
  note         = "[Online; accessed 5-February-2025]"
}

@article{peng2002introduction,
  title={An introduction to logistic regression analysis and reporting},
  author={Peng, Chao-Ying Joanne and Lee, Kuk Lida and Ingersoll, Gary M},
  journal={The journal of educational research},
  volume={96},
  number={1},
  pages={3--14},
  year={2002},
  doi={10.1080/00220670209598786},
  publisher={Taylor \& Francis}
}

@inproceedings{fu2022linevul,
  author       = {Michael Fu and
                  Chakkrit Tantithamthavorn},
  title        = {LineVul: {A} Transformer-based Line-Level Vulnerability Prediction},
  booktitle    = {19th {IEEE/ACM} International Conference on Mining Software Repositories,
                  {MSR} 2022, Pittsburgh, PA, USA, May 23-24, 2022},
  pages        = {608--620},
  publisher    = {{ACM}},
  year         = {2022},
  url          = {https://doi.org/10.1145/3524842.3528452},
  doi          = {10.1145/3524842.3528452},
  timestamp    = {Thu, 27 Oct 2022 16:07:05 +0200},
  biburl       = {https://dblp.org/rec/conf/msr/FuT22.bib},
  bibsource    = {dblp computer science bibliography, https://dblp.org}
}

@inproceedings{peng2023ptlvd,
  author       = {Tao Peng and
                  Shixu Chen and
                  Fei Zhu and
                  Junwei Tang and
                  Junping Liu and
                  Xinrong Hu},
  editor       = {Leon Moonen and
                  Christian D. Newman and
                  Alessandra Gorla},
  title        = {PTLVD:Program Slicing and Transformer-based Line-level Vulnerability
                  Detection System},
  booktitle    = {23rd {IEEE} International Working Conference on Source Code Analysis
                  and Manipulation, {SCAM} 2023, Bogot{\'{a}}, Colombia, October
                  2-3, 2023},
  pages        = {162--173},
  publisher    = {{IEEE}},
  year         = {2023},
  url          = {https://doi.org/10.1109/SCAM59687.2023.00026},
  doi          = {10.1109/SCAM59687.2023.00026},
  timestamp    = {Tue, 23 Jan 2024 09:45:30 +0100},
  biburl       = {https://dblp.org/rec/conf/scam/PengCZTLH23.bib},
  bibsource    = {dblp computer science bibliography, https://dblp.org}
}

@article{nguyen2024context,
  author       = {Thu{-}Trang Nguyen and
                  Hieu Dinh Vo},
  title        = {Context-based statement-level vulnerability localization},
  journal      = {Inf. Softw. Technol.},
  volume       = {169},
  pages        = {107406},
  year         = {2024},
  url          = {https://doi.org/10.1016/j.infsof.2024.107406},
  doi          = {10.1016/J.INFSOF.2024.107406},
  timestamp    = {Fri, 31 May 2024 21:07:50 +0200},
  biburl       = {https://dblp.org/rec/journals/infsof/NguyenV24.bib},
  bibsource    = {dblp computer science bibliography, https://dblp.org}
}