@inproceedings{DBLP:conf/acsac/ThapaJACPN22,
	author       = {Chandra Thapa and
	Seung Ick Jang and
	Muhammad Ejaz Ahmed and
	Seyit Camtepe and
	Josef Pieprzyk and
	Surya Nepal},
	title        = {Transformer-Based Language Models for Software Vulnerability Detection},
	booktitle    = {Annual Computer Security Applications Conference, {ACSAC} 2022, Austin,
	TX, USA, December 5-9, 2022},
	pages        = {481--496},
	publisher    = {{ACM}},
	year         = {2022},
	url          = {https://doi.org/10.1145/3564625.3567985},
	doi          = {10.1145/3564625.3567985},
	timestamp    = {Sun, 25 Dec 2022 14:02:34 +0100},
	biburl       = {https://dblp.org/rec/conf/acsac/ThapaJACPN22.bib},
	bibsource    = {dblp computer science bibliography, https://dblp.org}
}

@inproceedings{DBLP:conf/emnlp/0034WJH21,
	author       = {Yue Wang and
	Weishi Wang and
	Shafiq R. Joty and
	Steven C. H. Hoi},
	editor       = {Marie{-}Francine Moens and
	Xuanjing Huang and
	Lucia Specia and
	Scott Wen{-}tau Yih},
	title        = {CodeT5: Identifier-aware Unified Pre-trained Encoder-Decoder Models
	for Code Understanding and Generation},
	booktitle    = {Proceedings of the 2021 Conference on Empirical Methods in Natural
	Language Processing, {EMNLP} 2021, Virtual Event / Punta Cana, Dominican
	Republic, 7-11 November, 2021},
	pages        = {8696--8708},
	publisher    = {Association for Computational Linguistics},
	year         = {2021},
	url          = {https://doi.org/10.18653/v1/2021.emnlp-main.685},
	doi          = {10.18653/V1/2021.EMNLP-MAIN.685},
	timestamp    = {Fri, 16 Feb 2024 08:27:36 +0100},
	biburl       = {https://dblp.org/rec/conf/emnlp/0034WJH21.bib},
	bibsource    = {dblp computer science bibliography, https://dblp.org}
}

@inproceedings{DBLP:conf/emnlp/FengGTDFGS0LJZ20,
	author       = {Zhangyin Feng and
	Daya Guo and
	Duyu Tang and
	Nan Duan and
	Xiaocheng Feng and
	Ming Gong and
	Linjun Shou and
	Bing Qin and
	Ting Liu and
	Daxin Jiang and
	Ming Zhou},
	editor       = {Trevor Cohn and
	Yulan He and
	Yang Liu},
	title        = {CodeBERT: {A} Pre-Trained Model for Programming and Natural Languages},
	booktitle    = {Findings of the Association for Computational Linguistics: {EMNLP}
	2020, Online Event, 16-20 November 2020},
	series       = {Findings of {ACL}},
	volume       = {{EMNLP} 2020},
	pages        = {1536--1547},
	publisher    = {Association for Computational Linguistics},
	year         = {2020},
	url          = {https://doi.org/10.18653/v1/2020.findings-emnlp.139},
	doi          = {10.18653/V1/2020.FINDINGS-EMNLP.139},
	timestamp    = {Wed, 23 Mar 2022 10:11:55 +0100},
	biburl       = {https://dblp.org/rec/conf/emnlp/FengGTDFGS0LJZ20.bib},
	bibsource    = {dblp computer science bibliography, https://dblp.org}
}

@inproceedings{DBLP:conf/kbse/ZhouKXLHL23,
	author       = {Xin Zhou and
	Kisub Kim and
	Bowen Xu and
	Jiakun Liu and
	DongGyun Han and
	David Lo},
	title        = {The Devil is in the Tails: How Long-Tailed Code Distributions Impact
	Large Language Models},
	booktitle    = {38th {IEEE/ACM} International Conference on Automated Software Engineering,
	{ASE} 2023, Luxembourg, September 11-15, 2023},
	pages        = {40--52},
	publisher    = {{IEEE}},
	year         = {2023},
	url          = {https://doi.org/10.1109/ASE56229.2023.00157},
	doi          = {10.1109/ASE56229.2023.00157},
	timestamp    = {Mon, 05 Feb 2024 20:31:34 +0100},
	biburl       = {https://dblp.org/rec/conf/kbse/ZhouKXLHL23.bib},
	bibsource    = {dblp computer science bibliography, https://dblp.org}
}

@inproceedings{DBLP:conf/raid/0001DACW23,
	author       = {Yizheng Chen and
	Zhoujie Ding and
	Lamya Alowain and
	Xinyun Chen and
	David A. Wagner},
	title        = {DiverseVul: {A} New Vulnerable Source Code Dataset for Deep Learning
	Based Vulnerability Detection},
	booktitle    = {Proceedings of the 26th International Symposium on Research in Attacks,
	Intrusions and Defenses, {RAID} 2023, Hong Kong, China, October 16-18,
	2023},
	pages        = {654--668},
	publisher    = {{ACM}},
	year         = {2023},
	url          = {https://doi.org/10.1145/3607199.3607242},
	doi          = {10.1145/3607199.3607242},
	timestamp    = {Fri, 27 Oct 2023 20:40:34 +0200},
	biburl       = {https://dblp.org/rec/conf/raid/0001DACW23.bib},
	bibsource    = {dblp computer science bibliography, https://dblp.org}
}

@misc{DBLP:journals/corr/abs-2308-12697,
	author       = {Chenyuan Zhang and
	Hao Liu and
	Jiutian Zeng and
	Kejing Yang and
	Yuhong Li and
	Hui Li},
	title        = {Prompt-Enhanced Software Vulnerability Detection Using ChatGPT},
	year         = {2023},
	url          = {https://doi.org/10.48550/arXiv.2308.12697},
	doi          = {10.48550/ARXIV.2308.12697},
	eprinttype    = {arXiv},
	eprint       = {2308.12697},
	timestamp    = {Wed, 30 Aug 2023 17:27:54 +0200},
	biburl       = {https://dblp.org/rec/journals/corr/abs-2308-12697.bib},
	bibsource    = {dblp computer science bibliography, https://dblp.org}
}

@misc{DBLP:journals/corr/abs-2309-05520,
	author       = {Chong Chen and
	Jianzhong Su and
	Jiachi Chen and
	Yanlin Wang and
	Tingting Bi and
	Yanli Wang and
	Xingwei Lin and
	Ting Chen and
	Zibin Zheng},
	title        = {When ChatGPT Meets Smart Contract Vulnerability Detection: How Far
	Are We?},
	year         = {2023},
	url          = {https://doi.org/10.48550/arXiv.2309.05520},
	doi          = {10.48550/ARXIV.2309.05520},
	eprinttype    = {arXiv},
	eprint       = {2309.05520},
	timestamp    = {Tue, 19 Dec 2023 15:15:53 +0100},
	biburl       = {https://dblp.org/rec/journals/corr/abs-2309-05520.bib},
	bibsource    = {dblp computer science bibliography, https://dblp.org}
}

@misc{DBLP:journals/corr/abs-2401-15468,
	author       = {Xin Zhou and
	Ting Zhang and
	David Lo},
	title        = {Large Language Model for Vulnerability Detection: Emerging Results
	and Future Directions},
	year         = {2024},
	url          = {https://doi.org/10.48550/arXiv.2401.15468},
	doi          = {10.48550/ARXIV.2401.15468},
	eprinttype    = {arXiv},
	eprint       = {2401.15468},
	timestamp    = {Tue, 06 Feb 2024 14:15:49 +0100},
	biburl       = {https://dblp.org/rec/journals/corr/abs-2401-15468.bib},
	bibsource    = {dblp computer science bibliography, https://dblp.org}
}

@misc{DBLP:journals/corr/abs-2402-14848,
	author       = {Mosh Levy and
	Alon Jacoby and
	Yoav Goldberg},
	title        = {Same Task, More Tokens: the Impact of Input Length on the Reasoning
	Performance of Large Language Models},
	year         = {2024},
	url          = {https://doi.org/10.48550/arXiv.2402.14848},
	doi          = {10.48550/ARXIV.2402.14848},
	eprinttype    = {arXiv},
	eprint       = {2402.14848},
	timestamp    = {Fri, 22 Mar 2024 12:19:03 +0100},
	biburl       = {https://dblp.org/rec/journals/corr/abs-2402-14848.bib},
	bibsource    = {dblp computer science bibliography, https://dblp.org}
}

@misc{DBLP:journals/corr/abs-2404-08865,
	author       = {Daniel Machlab and
	Rick Battle},
	title        = {{LLM} In-Context Recall is Prompt Dependent},
	year         = {2024},
	url          = {https://doi.org/10.48550/arXiv.2404.08865},
	doi          = {10.48550/ARXIV.2404.08865},
	eprinttype    = {arXiv},
	eprint       = {2404.08865},
	timestamp    = {Wed, 15 May 2024 13:30:28 +0200},
	biburl       = {https://dblp.org/rec/journals/corr/abs-2404-08865.bib},
	bibsource    = {dblp computer science bibliography, https://dblp.org}
}

@article{DBLP:journals/ese/NapierBW23,
	author       = {Kollin Napier and
	Tanmay Bhowmik and
	Shaowei Wang},
	title        = {An empirical study of text-based machine learning models for vulnerability
	detection},
	journal      = {Empir. Softw. Eng.},
	volume       = {28},
	number       = {2},
	pages        = {38},
	year         = {2023},
	url          = {https://doi.org/10.1007/s10664-022-10276-6},
	doi          = {10.1007/S10664-022-10276-6},
	timestamp    = {Sat, 09 Mar 2024 16:00:19 +0100},
	biburl       = {https://dblp.org/rec/journals/ese/NapierBW23.bib},
	bibsource    = {dblp computer science bibliography, https://dblp.org}
}

@article{LIU2024107458,
	title = {Making vulnerability prediction more practical: Prediction, categorization, and localization},
	journal = {Information and Software Technology},
	volume = {171},
	pages = {107458},
	year = {2024},
	issn = {0950-5849},
	doi = {https://doi.org/10.1016/j.infsof.2024.107458},
	author = {Chongyang Liu and Xiang Chen and Xiangwei Li and Yinxing Xue},
}

@article{an2024make,
  author       = {Shengnan An and
                  Zexiong Ma and
                  Zeqi Lin and
                  Nanning Zheng and
                  Jian{-}Guang Lou},
  title        = {Make Your {LLM} Fully Utilize the Context},
  journal      = {CoRR},
  volume       = {abs/2404.16811},
  year         = {2024},
  url          = {https://doi.org/10.48550/arXiv.2404.16811},
  doi          = {10.48550/ARXIV.2404.16811},
  eprinttype    = {arXiv},
  eprint       = {2404.16811},
  timestamp    = {Mon, 03 Jun 2024 20:48:00 +0200},
  biburl       = {https://dblp.org/rec/journals/corr/abs-2404-16811.bib},
  bibsource    = {dblp computer science bibliography, https://dblp.org}
}

@misc{author2023needle,
	title = {The Needle in a Haystack Test},
	author = {Aparna Dhinakaran},
	year = {2024},
	howpublished = {https://towardsdatascience.com/the-needle-in-a-haystack-test-a94974c1ad38},
	note = {Accessed: 2024-06-03}
}

@article{cheshkov2023evaluation,
  author       = {Anton Cheshkov and
                  Pavel Zadorozhny and
                  Rodion Levichev},
  title        = {Evaluation of ChatGPT Model for Vulnerability Detection},
  journal      = {CoRR},
  volume       = {abs/2304.07232},
  year         = {2023},
  url          = {https://doi.org/10.48550/arXiv.2304.07232},
  doi          = {10.48550/ARXIV.2304.07232},
  eprinttype    = {arXiv},
  eprint       = {2304.07232},
  timestamp    = {Wed, 19 Apr 2023 12:42:23 +0200},
  biburl       = {https://dblp.org/rec/journals/corr/abs-2304-07232.bib},
  bibsource    = {dblp computer science bibliography, https://dblp.org}
}

@misc{li2024snapkv,
	author       = {Yuhong Li and
	Yingbing Huang and
	Bowen Yang and
	Bharat Venkitesh and
	Acyr Locatelli and
	Hanchen Ye and
	Tianle Cai and
	Patrick Lewis and
	Deming Chen},
	title        = {SnapKV: {LLM} Knows What You are Looking for Before Generation},
	year         = {2024},
	url          = {https://doi.org/10.48550/arXiv.2404.14469},
	doi          = {10.48550/ARXIV.2404.14469},
	eprinttype    = {arXiv},
	eprint       = {2404.14469},
	timestamp    = {Sat, 25 May 2024 18:35:24 +0200},
	biburl       = {https://dblp.org/rec/journals/corr/abs-2404-14469.bib},
	bibsource    = {dblp computer science bibliography, https://dblp.org}
}

@article{liu2024lost,
	author       = {Nelson F. Liu and
                  Kevin Lin and
                  John Hewitt and
                  Ashwin Paranjape and
                  Michele Bevilacqua and
                  Fabio Petroni and
                  Percy Liang},
  title        = {Lost in the Middle: How Language Models Use Long Contexts},
  journal      = {Trans. Assoc. Comput. Linguistics},
  volume       = {12},
  pages        = {157--173},
  year         = {2024},
  url          = {https://doi.org/10.1162/tacl\_a\_00638},
  doi          = {10.1162/TACL\_A\_00638},
  timestamp    = {Thu, 20 Jun 2024 17:09:46 +0200},
  biburl       = {https://dblp.org/rec/journals/tacl/LiuLHPBPL24.bib},
  bibsource    = {dblp computer science bibliography, https://dblp.org}
}

@inproceedings{purba2023software,
	author       = {Moumita Das Purba and
                  Arpita Ghosh and
                  Benjamin J. Radford and
                  Bill Chu},
  title        = {Software Vulnerability Detection using Large Language Models},
  booktitle    = {34th {IEEE} International Symposium on Software Reliability Engineering,
                  {ISSRE} 2023 - Workshops, Florence, Italy, October 9-12, 2023},
  pages        = {112--119},
  publisher    = {{IEEE}},
  year         = {2023},
  url          = {https://doi.org/10.1109/ISSREW60843.2023.00058},
  doi          = {10.1109/ISSREW60843.2023.00058},
  timestamp    = {Tue, 14 Nov 2023 16:09:48 +0100},
  biburl       = {https://dblp.org/rec/conf/issre/PurbaGRC23.bib},
  bibsource    = {dblp computer science bibliography, https://dblp.org}
}

@article{steenhoek2024comprehensive,
    author       = {Benjamin Steenhoek and
	Md Mahbubur Rahman and
	Monoshi Kumar Roy and
	Mirza Sanjida Alam and
	Earl T. Barr and
	Wei Le},
	title        = {A Comprehensive Study of the Capabilities of Large Language Models
	for Vulnerability Detection},
	year         = {2024},
	url          = {https://doi.org/10.48550/arXiv.2403.17218},
	doi          = {10.48550/ARXIV.2403.17218},
	eprinttype    = {arXiv},
	eprint       = {2403.17218},
	timestamp    = {Wed, 10 Apr 2024 17:37:45 +0200},
	biburl       = {https://dblp.org/rec/journals/corr/abs-2403-17218.bib},
	bibsource    = {dblp computer science bibliography, https://dblp.org}
}

@inproceedings{ullah2024llms,
	author       = {Saad Ullah and
                  Mingji Han and
                  Saurabh Pujar and
                  Hammond Pearce and
                  Ayse K. Coskun and
                  Gianluca Stringhini},
  title        = {LLMs Cannot Reliably Identify and Reason About Security Vulnerabilities
                  (Yet?): {A} Comprehensive Evaluation, Framework, and Benchmarks},
  booktitle    = {{IEEE} Symposium on Security and Privacy, {SP} 2024, San Francisco,
                  CA, USA, May 19-23, 2024},
  pages        = {862--880},
  publisher    = {{IEEE}},
  year         = {2024},
  url          = {https://doi.org/10.1109/SP54263.2024.00210},
  doi          = {10.1109/SP54263.2024.00210},
  timestamp    = {Sat, 21 Sep 2024 14:24:56 +0200},
  biburl       = {https://dblp.org/rec/conf/sp/UllahHPPCS24.bib},
  bibsource    = {dblp computer science bibliography, https://dblp.org}
}

@misc{xu2023retrieval,
	author       = {Peng Xu and
	Wei Ping and
	Xianchao Wu and
	Lawrence McAfee and
	Chen Zhu and
	Zihan Liu and
	Sandeep Subramanian and
	Evelina Bakhturina and
	Mohammad Shoeybi and
	Bryan Catanzaro},
	title        = {Retrieval meets Long Context Large Language Models},
	year         = {2023},
	url          = {https://doi.org/10.48550/arXiv.2310.03025},
	doi          = {10.48550/ARXIV.2310.03025},
	eprinttype    = {arXiv},
	eprint       = {2310.03025},
	timestamp    = {Thu, 19 Oct 2023 13:12:52 +0200},
	biburl       = {https://dblp.org/rec/journals/corr/abs-2310-03025.bib},
	bibsource    = {dblp computer science bibliography, https://dblp.org}
}

