@article{garg2023multimodal,
  author       = {Sulaiman Khan and
                  Md. Rafiul Biswas and
                  Alina Murad and
                  Hazrat Ali and
                  Zubair Shah},
  title        = {An Early Investigation into the Utility of Multimodal Large Language
                  Models in Medical Imaging},
  journal      = {CoRR},
  volume       = {abs/2406.00667},
  year         = {2024},
  url          = {https://doi.org/10.48550/arXiv.2406.00667},
  doi          = {10.48550/ARXIV.2406.00667},
  eprinttype    = {arXiv},
  eprint       = {2406.00667},
  timestamp    = {Wed, 24 Jul 2024 22:03:02 +0200},
  biburl       = {https://dblp.org/rec/journals/corr/abs-2406-00667.bib},
  bibsource    = {dblp computer science bibliography, https://dblp.org}
}



@inproceedings{lee2024multimodal,
  author       = {Junlin Lee and
                  Yequan Wang and
                  Jing Li and
                  Min Zhang},
  editor       = {Lun{-}Wei Ku and
                  Andre Martins and
                  Vivek Srikumar},
  title        = {Multimodal Reasoning with Multimodal Knowledge Graph},
  booktitle    = {Proceedings of the 62nd Annual Meeting of the Association for Computational
                  Linguistics (Volume 1: Long Papers), {ACL} 2024, Bangkok, Thailand,
                  August 11-16, 2024},
  pages        = {10767--10782},
  publisher    = {Association for Computational Linguistics},
  year         = {2024},
  url          = {https://doi.org/10.18653/v1/2024.acl-long.579},
  doi          = {10.18653/V1/2024.ACL-LONG.579},
  timestamp    = {Sun, 19 Jan 2025 13:22:06 +0100},
  biburl       = {https://dblp.org/rec/conf/acl/LeeWLZ24.bib},
  bibsource    = {dblp computer science bibliography, https://dblp.org}
}



@article{wang2024large,
  author       = {Hao Yang and
                  Yanyan Zhao and
                  Yang Wu and
                  Shilong Wang and
                  Tian Zheng and
                  Hongbo Zhang and
                  Wanxiang Che and
                  Bing Qin},
  title        = {Large Language Models Meet Text-Centric Multimodal Sentiment Analysis:
                  {A} Survey},
  journal      = {CoRR},
  volume       = {abs/2406.08068},
  year         = {2024},
  url          = {https://doi.org/10.48550/arXiv.2406.08068},
  doi          = {10.48550/ARXIV.2406.08068},
  eprinttype    = {arXiv},
  eprint       = {2406.08068},
  timestamp    = {Wed, 11 Sep 2024 20:36:58 +0200},
  biburl       = {https://dblp.org/rec/journals/corr/abs-2406-08068.bib},
  bibsource    = {dblp computer science bibliography, https://dblp.org}
}



@article{huang2024diffcxr,
  author       = {Peng Huang and
                  Bowen Guo and
                  Shuyu Liang and
                  Junhu Fu and
                  Yuanyuan Wang and
                  Yi Guo},
  title        = {Diff-CXR: Report-to-CXR generation through a disease-knowledge enhanced
                  diffusion model},
  journal      = {CoRR},
  volume       = {abs/2410.20165},
  year         = {2024},
  url          = {https://doi.org/10.48550/arXiv.2410.20165},
  doi          = {10.48550/ARXIV.2410.20165},
  eprinttype    = {arXiv},
  eprint       = {2410.20165},
  timestamp    = {Mon, 02 Dec 2024 08:14:36 +0100},
  biburl       = {https://dblp.org/rec/journals/corr/abs-2410-20165.bib},
  bibsource    = {dblp computer science bibliography, https://dblp.org}
}



@inproceedings{yao2024addressing,
  author       = {Wenfang Yao and
                  Chen Liu and
                  Kejing Yin and
                  William Kwok{-}Wai Cheung and
                  Jing Qin},
  editor       = {Amir Globersons and
                  Lester Mackey and
                  Danielle Belgrave and
                  Angela Fan and
                  Ulrich Paquet and
                  Jakub M. Tomczak and
                  Cheng Zhang},
  title        = {Addressing Asynchronicity in Clinical Multimodal Fusion via Individualized
                  Chest X-ray Generation},
  booktitle    = {Advances in Neural Information Processing Systems 38: Annual Conference
                  on Neural Information Processing Systems 2024, NeurIPS 2024, Vancouver,
                  BC, Canada, December 10 - 15, 2024},
  year         = {2024},
  timestamp    = {Thu, 06 Feb 2025 16:19:35 +0100},
  biburl       = {https://dblp.org/rec/conf/nips/YaoLYCQ24.bib},
  bibsource    = {dblp computer science bibliography, https://dblp.org}
}



@inproceedings{lee2023llmcxr,
  author       = {Suhyeon Lee and
                  Won Jun Kim and
                  Jinho Chang and
                  Jong Chul Ye},
  title        = {{LLM-CXR:} Instruction-Finetuned {LLM} for {CXR} Image Understanding
                  and Generation},
  booktitle    = {The Twelfth International Conference on Learning Representations,
                  {ICLR} 2024, Vienna, Austria, May 7-11, 2024},
  publisher    = {OpenReview.net},
  year         = {2024},
  url          = {https://openreview.net/forum?id=BqHaLnans2},
  timestamp    = {Wed, 07 Aug 2024 17:11:53 +0200},
  biburl       = {https://dblp.org/rec/conf/iclr/0004KCY24.bib},
  bibsource    = {dblp computer science bibliography, https://dblp.org}
}



@inproceedings{aslani2022optimising,
  author       = {Shahab Aslani and
                  Watjana Lilaonitkul and
                  Vaishnavi Gnanananthan and
                  Divya Raj and
                  Bojidar Rangelov and
                  Alexandra L. Young and
                  Yipeng Hu and
                  Paul Taylor and
                  Daniel C. Alexander and
                  Joseph Jacob},
  editor       = {Ruidan Su and
                  Yudong Zhang and
                  Han Liu and
                  Alejandro F. Frangi},
  title        = {Optimising Chest X-Rays for Image Analysis by Identifying and Removing
                  Confounding Factors},
  booktitle    = {Proceedings of 2022 International Conference on Medical Imaging and
                  Computer-Aided Diagnosis, {MICAD} 2022, Leicester, UK, November 20-21,
                  2022},
  series       = {Lecture Notes in Electrical Engineering},
  volume       = {810},
  pages        = {245--254},
  publisher    = {Springer},
  year         = {2022},
  url          = {https://doi.org/10.1007/978-981-16-6775-6\_20},
  doi          = {10.1007/978-981-16-6775-6\_20},
  timestamp    = {Tue, 24 Dec 2024 22:38:51 +0100},
  biburl       = {https://dblp.org/rec/conf/micad2/AslaniLGRRYHTAJ22.bib},
  bibsource    = {dblp computer science bibliography, https://dblp.org}
}



@article{kang2024wolf,
  author       = {Seil Kang and
                  Donghyun Kim and
                  Junhyeok Kim and
                  Hyo Kyung Lee and
                  Seong Jae Hwang},
  title        = {WoLF: Wide-scope Large Language Model Framework for {CXR} Understanding},
  journal      = {CoRR},
  volume       = {abs/2403.15456},
  year         = {2024},
  url          = {https://doi.org/10.48550/arXiv.2403.15456},
  doi          = {10.48550/ARXIV.2403.15456},
  eprinttype    = {arXiv},
  eprint       = {2403.15456},
  timestamp    = {Tue, 09 Apr 2024 15:12:39 +0200},
  biburl       = {https://dblp.org/rec/journals/corr/abs-2403-15456.bib},
  bibsource    = {dblp computer science bibliography, https://dblp.org}
}



@article{castro2024padchestgr,
  author       = {Daniel C. Castro and
                  Aurelia Bustos and
                  Shruthi Bannur and
                  Stephanie L. Hyland and
                  Kenza Bouzid and
                  Maria Teodora Wetscherek and
                  M. S{\'{a}}nchez{-}Valverde and
                  Lara Jaques{-}P{\'{e}}rez and
                  Lourdes P{\'{e}}rez{-}Rodr{\'{\i}}guez and
                  Kenji Takeda and
                  Jos{\'{e}} Mar{\'{\i}}a Salinas and
                  Javier Alvarez{-}Valle and
                  Joaquin Galant and
                  Antonio Pertusa},
  title        = {PadChest-GR: {A} Bilingual Chest X-ray Dataset for Grounded Radiology
                  Report Generation},
  journal      = {CoRR},
  volume       = {abs/2411.05085},
  year         = {2024},
  url          = {https://doi.org/10.48550/arXiv.2411.05085},
  doi          = {10.48550/ARXIV.2411.05085},
  eprinttype    = {arXiv},
  eprint       = {2411.05085},
  timestamp    = {Wed, 01 Jan 2025 11:02:28 +0100},
  biburl       = {https://dblp.org/rec/journals/corr/abs-2411-05085.bib},
  bibsource    = {dblp computer science bibliography, https://dblp.org}
}



@article{han2021ganbased,
  author       = {Luyi Han and
                  Yuanyuan Lyu and
                  Cheng Peng and
                  S. Kevin Zhou},
  title        = {GAN-based disentanglement learning for chest X-ray rib suppression},
  journal      = {Medical Image Anal.},
  volume       = {77},
  pages        = {102369},
  year         = {2022},
  url          = {https://doi.org/10.1016/j.media.2022.102369},
  doi          = {10.1016/J.MEDIA.2022.102369},
  timestamp    = {Thu, 15 Dec 2022 08:22:59 +0100},
  biburl       = {https://dblp.org/rec/journals/mia/HanLPZ22.bib},
  bibsource    = {dblp computer science bibliography, https://dblp.org}
}

@inproceedings{
zhou2025weak,
title={Weak to Strong Generalization for Large Language Models with Multi-capabilities},
author={Yucheng Zhou and Jianbing Shen and Yu Cheng},
booktitle={The Thirteenth International Conference on Learning Representations},
year={2025},
url={https://openreview.net/forum?id=N1vYivuSKq}
}
@misc{zhou2024less,
  title={Less Is More: Vision Representation Compression for Efficient Video Generation with Large Language Models},
  author={Zhou, Yucheng and Zhang, Jihai and Chen, Guanjie and Shen, Jianbing and Cheng, Yu},
  year={2024},
  publisher={OpenReview}
}
@inproceedings{zhou2024visual,
  author       = {Yucheng Zhou and
                  Xiang Li and
                  Qianning Wang and
                  Jianbing Shen},
  title        = {Visual In-Context Learning for Large Vision-Language Models},
  booktitle    = {Findings of the Association for Computational Linguistics, {ACL} 2024,
                  Bangkok, Thailand and virtual meeting, August 11-16, 2024},
  pages        = {15890--15902},
  publisher    = {Association for Computational Linguistics},
  year         = {2024},
}
@inproceedings{zhou2021improving,
  title={Improving zero-shot cross-lingual transfer for multilingual question answering over knowledge graph},
  author={Zhou, Yucheng and Geng, Xiubo and Shen, Tao and Zhang, Wenqiang and Jiang, Daxin},
  booktitle={Proceedings of the 2021 Conference of the North American Chapter of the Association for Computational Linguistics: Human Language Technologies},
  pages={5822--5834},
  year={2021}
}
@article{zhou2021modeling,
  title={Modeling event-pair relations in external knowledge graphs for script reasoning},
  author={Zhou, Yucheng and Geng, Xiubo and Shen, Tao and Pei, Jian and Zhang, Wenqiang and Jiang, Daxin},
  journal={Findings of the Association for Computational Linguistics: ACL-IJCNLP 2021},
  year={2021},
  publisher={Association for Computational Linguistics}
}
@inproceedings{zhou2023towards,
  title={Towards Robust Ranker for Text Retrieval},
  author={Zhou, Yucheng and Shen, Tao and Geng, Xiubo and Tao, Chongyang and Xu, Can and Long, Guodong and Jiao, Binxing and Jiang, Daxin},
  booktitle={Findings of the Association for Computational Linguistics: ACL 2023},
  pages={5387--5401},
  year={2023}
}
@inproceedings{zhou2023style,
  title={Style-Aware Contrastive Learning for Multi-Style Image Captioning},
  author={Zhou, Yucheng and Long, Guodong},
  booktitle={Findings of the Association for Computational Linguistics: EACL 2023},
  pages={2257--2267},
  year={2023}
}
@inproceedings{zhou2023improving,
  title={Improving Cross-modal Alignment for Text-Guided Image Inpainting},
  author={Zhou, Yucheng and Long, Guodong},
  booktitle={Proceedings of the 17th Conference of the European Chapter of the Association for Computational Linguistics},
  pages={3445--3456},
  year={2023}
}


@inproceedings{han2024advancing,
  author       = {Woojung Han and
                  Chanyoung Kim and
                  Dayun Ju and
                  Yumin Shim and
                  Seong Jae Hwang},
  editor       = {Marius George Linguraru and
                  Qi Dou and
                  Aasa Feragen and
                  Stamatia Giannarou and
                  Ben Glocker and
                  Karim Lekadir and
                  Julia A. Schnabel},
  title        = {Advancing Text-Driven Chest X-Ray Generation with Policy-Based Reinforcement
                  Learning},
  booktitle    = {Medical Image Computing and Computer Assisted Intervention - {MICCAI}
                  2024 - 27th International Conference, Marrakesh, Morocco, October
                  6-10, 2024, Proceedings, Part {III}},
  series       = {Lecture Notes in Computer Science},
  volume       = {15003},
  pages        = {56--66},
  publisher    = {Springer},
  year         = {2024},
  url          = {https://doi.org/10.1007/978-3-031-72384-1\_6},
  doi          = {10.1007/978-3-031-72384-1\_6},
  timestamp    = {Thu, 10 Oct 2024 10:51:29 +0200},
  biburl       = {https://dblp.org/rec/conf/miccai/HanKJSH24.bib},
  bibsource    = {dblp computer science bibliography, https://dblp.org}
}



@inproceedings{chen2023finematching,
  author       = {Wenting Chen and
                  Linlin Shen and
                  Jingyang Lin and
                  Jiebo Luo and
                  Xiang Li and
                  Yixuan Yuan},
  editor       = {Lun{-}Wei Ku and
                  Andre Martins and
                  Vivek Srikumar},
  title        = {Fine-Grained Image-Text Alignment in Medical Imaging Enables Explainable
                  Cyclic Image-Report Generation},
  booktitle    = {Proceedings of the 62nd Annual Meeting of the Association for Computational
                  Linguistics (Volume 1: Long Papers), {ACL} 2024, Bangkok, Thailand,
                  August 11-16, 2024},
  pages        = {9494--9509},
  publisher    = {Association for Computational Linguistics},
  year         = {2024},
  url          = {https://doi.org/10.18653/v1/2024.acl-long.514},
  doi          = {10.18653/V1/2024.ACL-LONG.514},
  timestamp    = {Sun, 19 Jan 2025 13:20:27 +0100},
  biburl       = {https://dblp.org/rec/conf/acl/ChenSLL0Y24.bib},
  bibsource    = {dblp computer science bibliography, https://dblp.org}
}


@article{ratzlaff2024training,
  title={A survey on large language models: Applications, challenges, limitations, and practical usage},
  author={Hadi, Muhammad Usman and Qureshi, Rizwan and Shah, Abbas and Irfan, Muhammad and Zafar, Anas and Shaikh, Muhammad Bilal and Akhtar, Naveed and Wu, Jia and Mirjalili, Seyedali and others},
  journal={Authorea Preprints},
  year={2023},
  publisher={Authorea}
}

@article{waytowich2024benchmarking,
  title={Atari-GPT: Investigating the Capabilities of Multimodal Large Language Models as Low-Level Policies for Atari Games},
  author={Waytowich, Nicholas R and White, Devin and Sunbeam, MD and Goecks, Vinicius G},
  journal={arXiv preprint arXiv:2408.15950},
  year={2024}
}

@article{song2024exploring,
  title={Coggpt: Unleashing the power of cognitive dynamics on large language models},
  author={Lv, Yaojia and Pan, Haojie and Wang, Zekun and Liang, Jiafeng and Liu, Yuanxing and Fu, Ruiji and Liu, Ming and Wang, Zhongyuan and Qin, Bing},
  journal={arXiv preprint arXiv:2401.08438},
  year={2024}
}

@article{huang2024video,
  title={EchoPrime: A Multi-Video View-Informed Vision-Language Model for Comprehensive Echocardiography Interpretation},
  author={Vukadinovic, Milos and Tang, Xiu and Yuan, Neal and Cheng, Paul and Li, Debiao and Cheng, Susan and He, Bryan and Ouyang, David},
  journal={arXiv preprint arXiv:2410.09704},
  year={2024}
}

@article{bucciarelli2024personalizing,
  title={Generative ai for medical imaging: extending the monai framework},
  author={Pinaya, Walter HL and Graham, Mark S and Kerfoot, Eric and Tudosiu, Petru-Daniel and Dafflon, Jessica and Fernandez, Virginia and Sanchez, Pedro and Wolleb, Julia and Da Costa, Pedro F and Patel, Ashay and others},
  journal={arXiv preprint arXiv:2307.15208},
  year={2023}
}

@article{xu2024introspection,
  title={Self-introspective decoding: Alleviating hallucinations for large vision-language models},
  author={Huo, Fushuo and Xu, Wenchao and Zhang, Zhong and Wang, Haozhao and Chen, Zhicheng and Zhao, Peilin},
  journal={arXiv preprint arXiv:2408.02032},
  year={2024}
}

