@inproceedings{Alpha-zero-like,
  author       = {Ziyu Wan and
                  Xidong Feng and
                  Muning Wen and
                  Stephen Marcus McAleer and
                  Ying Wen and
                  Weinan Zhang and
                  Jun Wang},
  title        = {AlphaZero-Like Tree-Search can Guide Large Language Model Decoding
                  and Training},
  booktitle    = {Forty-first International Conference on Machine Learning, {ICML} 2024,
                  Vienna, Austria, July 21-27, 2024},
  publisher    = {OpenReview.net},
  year         = {2024},
  url          = {https://openreview.net/forum?id=C4OpREezgj},
  timestamp    = {Mon, 02 Sep 2024 16:55:26 +0200},
  biburl       = {https://dblp.org/rec/conf/icml/WanFWM00024.bib},
  bibsource    = {dblp computer science bibliography, https://dblp.org}
}

@article{AlphaMath,
  author       = {Guoxin Chen and
                  Minpeng Liao and
                  Chengxi Li and
                  Kai Fan},
  title        = {AlphaMath Almost Zero: process Supervision without process},
  journal      = {CoRR},
  volume       = {abs/2405.03553},
  year         = {2024},
  url          = {https://doi.org/10.48550/arXiv.2405.03553},
  doi          = {10.48550/ARXIV.2405.03553},
  eprinttype    = {arXiv},
  eprint       = {2405.03553},
  timestamp    = {Fri, 07 Jun 2024 15:57:24 +0200},
  biburl       = {https://dblp.org/rec/journals/corr/abs-2405-03553.bib},
  bibsource    = {dblp computer science bibliography, https://dblp.org}
}

@article{BOND,
  author       = {Pier Giuseppe Sessa and
                  Robert Dadashi and
                  L{\'{e}}onard Hussenot and
                  Johan Ferret and
                  Nino Vieillard and
                  Alexandre Ram{\'{e}} and
                  Bobak Shahriari and
                  Sarah Perrin and
                  Abe Friesen and
                  Geoffrey Cideron and
                  Sertan Girgin and
                  Piotr Stanczyk and
                  Andrea Michi and
                  Danila Sinopalnikov and
                  Sabela Ramos and
                  Am{\'{e}}lie H{\'{e}}liou and
                  Aliaksei Severyn and
                  Matt Hoffman and
                  Nikola Momchev and
                  Olivier Bachem},
  title        = {{BOND:} Aligning LLMs with Best-of-N Distillation},
  journal      = {CoRR},
  volume       = {abs/2407.14622},
  year         = {2024},
  url          = {https://doi.org/10.48550/arXiv.2407.14622},
  doi          = {10.48550/ARXIV.2407.14622},
  eprinttype    = {arXiv},
  eprint       = {2407.14622},
  timestamp    = {Fri, 23 Aug 2024 09:48:20 +0200},
  biburl       = {https://dblp.org/rec/journals/corr/abs-2407-14622.bib},
  bibsource    = {dblp computer science bibliography, https://dblp.org}
}

@article{BoNBoN,
  author       = {Lin Gui and
                  Cristina G{\^{a}}rbacea and
                  Victor Veitch},
  title        = {BoNBoN Alignment for Large Language Models and the Sweetness of Best-of-n
                  Sampling},
  journal      = {CoRR},
  volume       = {abs/2406.00832},
  year         = {2024},
  url          = {https://doi.org/10.48550/arXiv.2406.00832},
  doi          = {10.48550/ARXIV.2406.00832},
  eprinttype    = {arXiv},
  eprint       = {2406.00832},
  timestamp    = {Thu, 04 Jul 2024 12:24:28 +0200},
  biburl       = {https://dblp.org/rec/journals/corr/abs-2406-00832.bib},
  bibsource    = {dblp computer science bibliography, https://dblp.org}
}

@inproceedings{Critic,
  author       = {Zhibin Gou and
                  Zhihong Shao and
                  Yeyun Gong and
                  Yelong Shen and
                  Yujiu Yang and
                  Nan Duan and
                  Weizhu Chen},
  title        = {{CRITIC:} Large Language Models Can Self-Correct with Tool-Interactive
                  Critiquing},
  booktitle    = {The Twelfth International Conference on Learning Representations,
                  {ICLR} 2024, Vienna, Austria, May 7-11, 2024},
  publisher    = {OpenReview.net},
  year         = {2024},
  url          = {https://openreview.net/forum?id=Sx038qxjek},
  timestamp    = {Wed, 07 Aug 2024 17:11:53 +0200},
  biburl       = {https://dblp.org/rec/conf/iclr/GouSGSYDC24.bib},
  bibsource    = {dblp computer science bibliography, https://dblp.org}
}

@inproceedings{LLM_cannot_self_correct,
  author       = {Jie Huang and
                  Xinyun Chen and
                  Swaroop Mishra and
                  Huaixiu Steven Zheng and
                  Adams Wei Yu and
                  Xinying Song and
                  Denny Zhou},
  title        = {Large Language Models Cannot Self-Correct Reasoning Yet},
  booktitle    = {The Twelfth International Conference on Learning Representations,
                  {ICLR} 2024, Vienna, Austria, May 7-11, 2024},
  publisher    = {OpenReview.net},
  year         = {2024},
  url          = {https://openreview.net/forum?id=IkmD3fKBPQ},
  timestamp    = {Wed, 07 Aug 2024 17:11:53 +0200},
  biburl       = {https://dblp.org/rec/conf/iclr/0009CMZYSZ24.bib},
  bibsource    = {dblp computer science bibliography, https://dblp.org}
}

@article{Large_Language_Monkeys,
  author       = {Bradley C. A. Brown and
                  Jordan Juravsky and
                  Ryan Saul Ehrlich and
                  Ronald Clark and
                  Quoc V. Le and
                  Christopher R{\'{e}} and
                  Azalia Mirhoseini},
  title        = {Large Language Monkeys: Scaling Inference Compute with Repeated Sampling},
  journal      = {CoRR},
  volume       = {abs/2407.21787},
  year         = {2024},
  url          = {https://doi.org/10.48550/arXiv.2407.21787},
  doi          = {10.48550/ARXIV.2407.21787},
  eprinttype    = {arXiv},
  eprint       = {2407.21787},
  timestamp    = {Sat, 24 Aug 2024 12:32:25 +0200},
  biburl       = {https://dblp.org/rec/journals/corr/abs-2407-21787.bib},
  bibsource    = {dblp computer science bibliography, https://dblp.org}
}

@inproceedings{MCTS_for_code_generation,
  author       = {Shun Zhang and
                  Zhenfang Chen and
                  Yikang Shen and
                  Mingyu Ding and
                  Joshua B. Tenenbaum and
                  Chuang Gan},
  title        = {Planning with Large Language Models for Code Generation},
  booktitle    = {The Eleventh International Conference on Learning Representations,
                  {ICLR} 2023, Kigali, Rwanda, May 1-5, 2023},
  publisher    = {OpenReview.net},
  year         = {2023},
  url          = {https://openreview.net/forum?id=Lr8cOOtYbfL},
  timestamp    = {Wed, 24 Jul 2024 16:50:33 +0200},
  biburl       = {https://dblp.org/rec/conf/iclr/ZhangCSDTG23.bib},
  bibsource    = {dblp computer science bibliography, https://dblp.org}
}

@inproceedings{OVM,
  author       = {Fei Yu and
                  Anningzhe Gao and
                  Benyou Wang},
  editor       = {Kevin Duh and
                  Helena G{\'{o}}mez{-}Adorno and
                  Steven Bethard},
  title        = {OVM, Outcome-supervised Value Models for Planning in Mathematical
                  Reasoning},
  booktitle    = {Findings of the Association for Computational Linguistics: {NAACL}
                  2024, Mexico City, Mexico, June 16-21, 2024},
  pages        = {858--875},
  publisher    = {Association for Computational Linguistics},
  year         = {2024},
  url          = {https://doi.org/10.18653/v1/2024.findings-naacl.55},
  doi          = {10.18653/V1/2024.FINDINGS-NAACL.55},
  timestamp    = {Thu, 12 Sep 2024 13:29:32 +0200},
  biburl       = {https://dblp.org/rec/conf/naacl/YuGW24.bib},
  bibsource    = {dblp computer science bibliography, https://dblp.org}
}

@article{OpenAIMathVerifierORM,
  author       = {Karl Cobbe and
                  Vineet Kosaraju and
                  Mohammad Bavarian and
                  Mark Chen and
                  Heewoo Jun and
                  Lukasz Kaiser and
                  Matthias Plappert and
                  Jerry Tworek and
                  Jacob Hilton and
                  Reiichiro Nakano and
                  Christopher Hesse and
                  John Schulman},
  title        = {Training Verifiers to Solve Math Word Problems},
  journal      = {CoRR},
  volume       = {abs/2110.14168},
  year         = {2021},
  url          = {https://arxiv.org/abs/2110.14168},
  eprinttype    = {arXiv},
  eprint       = {2110.14168},
  timestamp    = {Mon, 12 Jun 2023 08:23:44 +0200},
  biburl       = {https://dblp.org/rec/journals/corr/abs-2110-14168.bib},
  bibsource    = {dblp computer science bibliography, https://dblp.org}
}

@inproceedings{RAP,
  author       = {Shibo Hao and
                  Yi Gu and
                  Haodi Ma and
                  Joshua Jiahua Hong and
                  Zhen Wang and
                  Daisy Zhe Wang and
                  Zhiting Hu},
  editor       = {Houda Bouamor and
                  Juan Pino and
                  Kalika Bali},
  title        = {Reasoning with Language Model is Planning with World Model},
  booktitle    = {Proceedings of the 2023 Conference on Empirical Methods in Natural
                  Language Processing, {EMNLP} 2023, Singapore, December 6-10, 2023},
  pages        = {8154--8173},
  publisher    = {Association for Computational Linguistics},
  year         = {2023},
  url          = {https://doi.org/10.18653/v1/2023.emnlp-main.507},
  doi          = {10.18653/V1/2023.EMNLP-MAIN.507},
  timestamp    = {Fri, 12 Apr 2024 13:11:32 +0200},
  biburl       = {https://dblp.org/rec/conf/emnlp/HaoGMHWWH23.bib},
  bibsource    = {dblp computer science bibliography, https://dblp.org}
}

@inproceedings{SC,
  author       = {Xuezhi Wang and
                  Jason Wei and
                  Dale Schuurmans and
                  Quoc V. Le and
                  Ed H. Chi and
                  Sharan Narang and
                  Aakanksha Chowdhery and
                  Denny Zhou},
  title        = {Self-Consistency Improves Chain of Thought Reasoning in Language Models},
  booktitle    = {The Eleventh International Conference on Learning Representations,
                  {ICLR} 2023, Kigali, Rwanda, May 1-5, 2023},
  publisher    = {OpenReview.net},
  year         = {2023},
  url          = {https://openreview.net/forum?id=1PL1NIMMrw},
  timestamp    = {Wed, 24 Jul 2024 16:50:33 +0200},
  biburl       = {https://dblp.org/rec/conf/iclr/0002WSLCNCZ23.bib},
  bibsource    = {dblp computer science bibliography, https://dblp.org}
}

@article{SCoRE,
  author       = {Aviral Kumar and
                  Vincent Zhuang and
                  Rishabh Agarwal and
                  Yi Su and
                  John D. Co{-}Reyes and
                  Avi Singh and
                  Kate Baumli and
                  Shariq Iqbal and
                  Colton Bishop and
                  Rebecca Roelofs and
                  Lei M. Zhang and
                  Kay McKinney and
                  Disha Shrivastava and
                  Cosmin Paduraru and
                  George Tucker and
                  Doina Precup and
                  Feryal M. P. Behbahani and
                  Aleksandra Faust},
  title        = {Training Language Models to Self-Correct via Reinforcement Learning},
  journal      = {CoRR},
  volume       = {abs/2409.12917},
  year         = {2024},
  url          = {https://doi.org/10.48550/arXiv.2409.12917},
  doi          = {10.48550/ARXIV.2409.12917},
  eprinttype    = {arXiv},
  eprint       = {2409.12917},
  timestamp    = {Thu, 17 Oct 2024 12:28:18 +0200},
  biburl       = {https://dblp.org/rec/journals/corr/abs-2409-12917.bib},
  bibsource    = {dblp computer science bibliography, https://dblp.org}
}

@article{Scaling_test_time_compute,
  author       = {Charlie Snell and
                  Jaehoon Lee and
                  Kelvin Xu and
                  Aviral Kumar},
  title        = {Scaling {LLM} Test-Time Compute Optimally can be More Effective than
                  Scaling Model Parameters},
  journal      = {CoRR},
  volume       = {abs/2408.03314},
  year         = {2024},
  url          = {https://doi.org/10.48550/arXiv.2408.03314},
  doi          = {10.48550/ARXIV.2408.03314},
  eprinttype    = {arXiv},
  eprint       = {2408.03314},
  timestamp    = {Thu, 12 Sep 2024 21:06:51 +0200},
  biburl       = {https://dblp.org/rec/journals/corr/abs-2408-03314.bib},
  bibsource    = {dblp computer science bibliography, https://dblp.org}
}

@inproceedings{Self_evaluation_guided_beam_search,
  author       = {Yuxi Xie and
                  Kenji Kawaguchi and
                  Yiran Zhao and
                  James Xu Zhao and
                  Min{-}Yen Kan and
                  Junxian He and
                  Michael Qizhe Xie},
  editor       = {Alice Oh and
                  Tristan Naumann and
                  Amir Globerson and
                  Kate Saenko and
                  Moritz Hardt and
                  Sergey Levine},
  title        = {Self-Evaluation Guided Beam Search for Reasoning},
  booktitle    = {Advances in Neural Information Processing Systems 36: Annual Conference
                  on Neural Information Processing Systems 2023, NeurIPS 2023, New Orleans,
                  LA, USA, December 10 - 16, 2023},
  year         = {2023},
  url          = {http://papers.nips.cc/paper\_files/paper/2023/hash/81fde95c4dc79188a69ce5b24d63010b-Abstract-Conference.html},
  timestamp    = {Fri, 01 Mar 2024 16:26:20 +0100},
  biburl       = {https://dblp.org/rec/conf/nips/XieKZZKHX23.bib},
  bibsource    = {dblp computer science bibliography, https://dblp.org}
}

@inproceedings{Self_refine,
  author       = {Aman Madaan and
                  Niket Tandon and
                  Prakhar Gupta and
                  Skyler Hallinan and
                  Luyu Gao and
                  Sarah Wiegreffe and
                  Uri Alon and
                  Nouha Dziri and
                  Shrimai Prabhumoye and
                  Yiming Yang and
                  Shashank Gupta and
                  Bodhisattwa Prasad Majumder and
                  Katherine Hermann and
                  Sean Welleck and
                  Amir Yazdanbakhsh and
                  Peter Clark},
  editor       = {Alice Oh and
                  Tristan Naumann and
                  Amir Globerson and
                  Kate Saenko and
                  Moritz Hardt and
                  Sergey Levine},
  title        = {Self-Refine: Iterative Refinement with Self-Feedback},
  booktitle    = {Advances in Neural Information Processing Systems 36: Annual Conference
                  on Neural Information Processing Systems 2023, NeurIPS 2023, New Orleans,
                  LA, USA, December 10 - 16, 2023},
  year         = {2023},
  url          = {http://papers.nips.cc/paper\_files/paper/2023/hash/91edff07232fb1b55a505a9e9f6c0ff3-Abstract-Conference.html},
  timestamp    = {Fri, 01 Mar 2024 16:26:20 +0100},
  biburl       = {https://dblp.org/rec/conf/nips/MadaanTGHGW0DPY23.bib},
  bibsource    = {dblp computer science bibliography, https://dblp.org}
}

@article{Speculative_bon,
  author       = {Hanshi Sun and
                  Momin Haider and
                  Ruiqi Zhang and
                  Huitao Yang and
                  Jiahao Qiu and
                  Ming Yin and
                  Mengdi Wang and
                  Peter L. Bartlett and
                  Andrea Zanette},
  title        = {Fast Best-of-N Decoding via Speculative Rejection},
  journal      = {CoRR},
  volume       = {abs/2410.20290},
  year         = {2024},
  url          = {https://doi.org/10.48550/arXiv.2410.20290},
  doi          = {10.48550/ARXIV.2410.20290},
  eprinttype    = {arXiv},
  eprint       = {2410.20290},
  timestamp    = {Thu, 28 Nov 2024 21:32:46 +0100},
  biburl       = {https://dblp.org/rec/journals/corr/abs-2410-20290.bib},
  bibsource    = {dblp computer science bibliography, https://dblp.org}
}

@article{TreeBoN,
  author       = {Jiahao Qiu and
                  Yifu Lu and
                  Yifan Zeng and
                  Jiacheng Guo and
                  Jiayi Geng and
                  Huazheng Wang and
                  Kaixuan Huang and
                  Yue Wu and
                  Mengdi Wang},
  title        = {TreeBoN: Enhancing Inference-Time Alignment with Speculative Tree-Search
                  and Best-of-N Sampling},
  journal      = {CoRR},
  volume       = {abs/2410.16033},
  year         = {2024},
  url          = {https://doi.org/10.48550/arXiv.2410.16033},
  doi          = {10.48550/ARXIV.2410.16033},
  eprinttype    = {arXiv},
  eprint       = {2410.16033},
  timestamp    = {Tue, 26 Nov 2024 15:54:20 +0100},
  biburl       = {https://dblp.org/rec/journals/corr/abs-2410-16033.bib},
  bibsource    = {dblp computer science bibliography, https://dblp.org}
}

@inproceedings{Tree_search_vs_revisions,
  author       = {Ziru Chen and
                  Michael White and
                  Raymond J. Mooney and
                  Ali Payani and
                  Yu Su and
                  Huan Sun},
  editor       = {Lun{-}Wei Ku and
                  Andre Martins and
                  Vivek Srikumar},
  title        = {When is Tree Search Useful for {LLM} Planning? It Depends on the Discriminator},
  booktitle    = {Proceedings of the 62nd Annual Meeting of the Association for Computational
                  Linguistics (Volume 1: Long Papers), {ACL} 2024, Bangkok, Thailand,
                  August 11-16, 2024},
  pages        = {13659--13678},
  publisher    = {Association for Computational Linguistics},
  year         = {2024},
  url          = {https://doi.org/10.18653/v1/2024.acl-long.738},
  doi          = {10.18653/V1/2024.ACL-LONG.738},
  timestamp    = {Tue, 24 Sep 2024 10:55:49 +0200},
  biburl       = {https://dblp.org/rec/conf/acl/ChenWMP0024.bib},
  bibsource    = {dblp computer science bibliography, https://dblp.org}
}

@article{Variational_bon,
  author       = {Afra Amini and
                  Tim Vieira and
                  Ryan Cotterell},
  title        = {Variational Best-of-N Alignment},
  journal      = {CoRR},
  volume       = {abs/2407.06057},
  year         = {2024},
  url          = {https://doi.org/10.48550/arXiv.2407.06057},
  doi          = {10.48550/ARXIV.2407.06057},
  eprinttype    = {arXiv},
  eprint       = {2407.06057},
  timestamp    = {Mon, 12 Aug 2024 20:53:50 +0200},
  biburl       = {https://dblp.org/rec/journals/corr/abs-2407-06057.bib},
  bibsource    = {dblp computer science bibliography, https://dblp.org}
}

@inproceedings{VerifySbyS,
  author       = {Hunter Lightman and
                  Vineet Kosaraju and
                  Yuri Burda and
                  Harrison Edwards and
                  Bowen Baker and
                  Teddy Lee and
                  Jan Leike and
                  John Schulman and
                  Ilya Sutskever and
                  Karl Cobbe},
  title        = {Let's Verify Step by Step},
  booktitle    = {The Twelfth International Conference on Learning Representations,
                  {ICLR} 2024, Vienna, Austria, May 7-11, 2024},
  publisher    = {OpenReview.net},
  year         = {2024},
  url          = {https://openreview.net/forum?id=v8L0pN6EOi},
  timestamp    = {Wed, 07 Aug 2024 17:11:53 +0200},
  biburl       = {https://dblp.org/rec/conf/iclr/LightmanKBEBLLS24.bib},
  bibsource    = {dblp computer science bibliography, https://dblp.org}
}

@article{can-llm-self-revision,
  author       = {Ryo Kamoi and
                  Yusen Zhang and
                  Nan Zhang and
                  Jiawei Han and
                  Rui Zhang},
  title        = {When Can LLMs Actually Correct Their Own Mistakes? {A} Critical Survey
                  of Self-Correction of LLMs},
  journal      = {CoRR},
  volume       = {abs/2406.01297},
  year         = {2024},
  url          = {https://doi.org/10.48550/arXiv.2406.01297},
  doi          = {10.48550/ARXIV.2406.01297},
  eprinttype    = {arXiv},
  eprint       = {2406.01297},
  timestamp    = {Sun, 06 Oct 2024 21:25:14 +0200},
  biburl       = {https://dblp.org/rec/journals/corr/abs-2406-01297.bib},
  bibsource    = {dblp computer science bibliography, https://dblp.org}
}

@misc{deepseek-r1,
      title={DeepSeek-R1: Incentivizing Reasoning Capability in LLMs via Reinforcement Learning}, 
      author={DeepSeek-AI and Daya Guo and Dejian Yang and Haowei Zhang and Junxiao Song and Ruoyu Zhang and Runxin Xu and Qihao Zhu and Shirong Ma and Peiyi Wang and Xiao Bi and Xiaokang Zhang and Xingkai Yu and Yu Wu and Z. F. Wu and Zhibin Gou and Zhihong Shao and Zhuoshu Li and Ziyi Gao and Aixin Liu and Bing Xue and Bingxuan Wang and Bochao Wu and Bei Feng and Chengda Lu and Chenggang Zhao and Chengqi Deng and Chenyu Zhang and Chong Ruan and Damai Dai and Deli Chen and Dongjie Ji and Erhang Li and Fangyun Lin and Fucong Dai and Fuli Luo and Guangbo Hao and Guanting Chen and Guowei Li and H. Zhang and Han Bao and Hanwei Xu and Haocheng Wang and Honghui Ding and Huajian Xin and Huazuo Gao and Hui Qu and Hui Li and Jianzhong Guo and Jiashi Li and Jiawei Wang and Jingchang Chen and Jingyang Yuan and Junjie Qiu and Junlong Li and J. L. Cai and Jiaqi Ni and Jian Liang and Jin Chen and Kai Dong and Kai Hu and Kaige Gao and Kang Guan and Kexin Huang and Kuai Yu and Lean Wang and Lecong Zhang and Liang Zhao and Litong Wang and Liyue Zhang and Lei Xu and Leyi Xia and Mingchuan Zhang and Minghua Zhang and Minghui Tang and Meng Li and Miaojun Wang and Mingming Li and Ning Tian and Panpan Huang and Peng Zhang and Qiancheng Wang and Qinyu Chen and Qiushi Du and Ruiqi Ge and Ruisong Zhang and Ruizhe Pan and Runji Wang and R. J. Chen and R. L. Jin and Ruyi Chen and Shanghao Lu and Shangyan Zhou and Shanhuang Chen and Shengfeng Ye and Shiyu Wang and Shuiping Yu and Shunfeng Zhou and Shuting Pan and S. S. Li and Shuang Zhou and Shaoqing Wu and Shengfeng Ye and Tao Yun and Tian Pei and Tianyu Sun and T. Wang and Wangding Zeng and Wanjia Zhao and Wen Liu and Wenfeng Liang and Wenjun Gao and Wenqin Yu and Wentao Zhang and W. L. Xiao and Wei An and Xiaodong Liu and Xiaohan Wang and Xiaokang Chen and Xiaotao Nie and Xin Cheng and Xin Liu and Xin Xie and Xingchao Liu and Xinyu Yang and Xinyuan Li and Xuecheng Su and Xuheng Lin and X. Q. Li and Xiangyue Jin and Xiaojin Shen and Xiaosha Chen and Xiaowen Sun and Xiaoxiang Wang and Xinnan Song and Xinyi Zhou and Xianzu Wang and Xinxia Shan and Y. K. Li and Y. Q. Wang and Y. X. Wei and Yang Zhang and Yanhong Xu and Yao Li and Yao Zhao and Yaofeng Sun and Yaohui Wang and Yi Yu and Yichao Zhang and Yifan Shi and Yiliang Xiong and Ying He and Yishi Piao and Yisong Wang and Yixuan Tan and Yiyang Ma and Yiyuan Liu and Yongqiang Guo and Yuan Ou and Yuduan Wang and Yue Gong and Yuheng Zou and Yujia He and Yunfan Xiong and Yuxiang Luo and Yuxiang You and Yuxuan Liu and Yuyang Zhou and Y. X. Zhu and Yanhong Xu and Yanping Huang and Yaohui Li and Yi Zheng and Yuchen Zhu and Yunxian Ma and Ying Tang and Yukun Zha and Yuting Yan and Z. Z. Ren and Zehui Ren and Zhangli Sha and Zhe Fu and Zhean Xu and Zhenda Xie and Zhengyan Zhang and Zhewen Hao and Zhicheng Ma and Zhigang Yan and Zhiyu Wu and Zihui Gu and Zijia Zhu and Zijun Liu and Zilin Li and Ziwei Xie and Ziyang Song and Zizheng Pan and Zhen Huang and Zhipeng Xu and Zhongyu Zhang and Zhen Zhang},
      year={2025},
      eprint={2501.12948},
      archivePrefix={arXiv},
      primaryClass={cs.CL},
      url={https://arxiv.org/abs/2501.12948}, 
}

@misc{janleike2022why_excited_about_AI_assisted_human_feedback,
    title={Why I’m excited about AI-assisted human feedback},
    author={Jan Leike},
    year={2022},
    url={https://substack.com/home/post/p-51216719}
}

@inproceedings{o1-efficient,
  title={Training Language Models to Reason Efficiently},
  author={Daman Arora and Andrea Zanette},
  year={2025},
  url={https://api.semanticscholar.org/CorpusID:276235717}
}

@article{o1-journey1,
  author       = {Yiwei Qin and
                  Xuefeng Li and
                  Haoyang Zou and
                  Yixiu Liu and
                  Shijie Xia and
                  Zhen Huang and
                  Yixin Ye and
                  Weizhe Yuan and
                  Hector Liu and
                  Yuanzhi Li and
                  Pengfei Liu},
  title        = {{O1} Replication Journey: {A} Strategic Progress Report - Part 1},
  journal      = {CoRR},
  volume       = {abs/2410.18982},
  year         = {2024},
  url          = {https://doi.org/10.48550/arXiv.2410.18982},
  doi          = {10.48550/ARXIV.2410.18982},
  eprinttype    = {arXiv},
  eprint       = {2410.18982},
  timestamp    = {Thu, 28 Nov 2024 21:32:40 +0100},
  biburl       = {https://dblp.org/rec/journals/corr/abs-2410-18982.bib},
  bibsource    = {dblp computer science bibliography, https://dblp.org}
}

@misc{o1-journey2,
      title={O1 Replication Journey -- Part 2: Surpassing O1-preview through Simple Distillation, Big Progress or Bitter Lesson?}, 
      author={Zhen Huang and Haoyang Zou and Xuefeng Li and Yixiu Liu and Yuxiang Zheng and Ethan Chern and Shijie Xia and Yiwei Qin and Weizhe Yuan and Pengfei Liu},
      year={2024},
      eprint={2411.16489},
      archivePrefix={arXiv},
      primaryClass={cs.CL},
      url={https://arxiv.org/abs/2411.16489}, 
}

@article{o1-overthink,
  title={Do NOT Think That Much for 2+3=? On the Overthinking of o1-Like LLMs},
  author={Xingyu Chen and Jiahao Xu and Tian Liang and Zhiwei He and Jianhui Pang and Dian Yu and Linfeng Song and Qiuzhi Liu and Mengfei Zhou and Zhuosheng Zhang and Rui Wang and Zhaopeng Tu and Haitao Mi and Dong Yu},
  journal={ArXiv},
  year={2024},
  volume={abs/2412.21187},
  url={https://api.semanticscholar.org/CorpusID:275133600}
}

@article{o1-pruner,
  title={O1-Pruner: Length-Harmonizing Fine-Tuning for O1-Like Reasoning Pruning},
  author={Haotian Luo and Li Shen and Haiying He and Yibo Wang and Shiwei Liu and Wei Li and Naiqiang Tan and Xiaochun Cao and Dacheng Tao},
  journal={ArXiv},
  year={2025},
  volume={abs/2501.12570},
  url={https://api.semanticscholar.org/CorpusID:275790112}
}

@article{o1-roadmap,
  author       = {Zhiyuan Zeng and
                  Qinyuan Cheng and
                  Zhangyue Yin and
                  Bo Wang and
                  Shimin Li and
                  Yunhua Zhou and
                  Qipeng Guo and
                  Xuanjing Huang and
                  Xipeng Qiu},
  title        = {Scaling of Search and Learning: {A} Roadmap to Reproduce o1 from Reinforcement
                  Learning Perspective},
  journal      = {CoRR},
  volume       = {abs/2412.14135},
  year         = {2024},
  url          = {https://doi.org/10.48550/arXiv.2412.14135},
  doi          = {10.48550/ARXIV.2412.14135},
  eprinttype    = {arXiv},
  eprint       = {2412.14135},
  timestamp    = {Thu, 23 Jan 2025 22:31:16 +0100},
  biburl       = {https://dblp.org/rec/journals/corr/abs-2412-14135.bib},
  bibsource    = {dblp computer science bibliography, https://dblp.org}
}

@misc{o1-underthink,
      title={Thoughts Are All Over the Place: On the Underthinking of o1-Like LLMs}, 
      author={Yue Wang and Qiuzhi Liu and Jiahao Xu and Tian Liang and Xingyu Chen and Zhiwei He and Linfeng Song and Dian Yu and Juntao Li and Zhuosheng Zhang and Rui Wang and Zhaopeng Tu and Haitao Mi and Dong Yu},
      year={2025},
      eprint={2501.18585},
      archivePrefix={arXiv},
      primaryClass={cs.CL},
      url={https://arxiv.org/abs/2501.18585}, 
}

@misc{o1_blog,
      title={Learning to Reason with LLMs}, 
      author={OpenAI},
      year={2024},
      url={https://openai.com/index/learning-to-reason-with-llms/},
}

@misc{o1_system_card,
      title={OpenAI o1 System Card}, 
      author={OpenAI},
      year={2024},
      url={https://cdn.openai.com/o1-system-card-20241205.pdf},
}

@misc{o3-programming,
      title={Competitive Programming with Large Reasoning Models}, 
      author={OpenAI},
      year={2025},
      eprint={2502.06807},
      archivePrefix={arXiv},
      primaryClass={cs.LG},
      url={https://arxiv.org/abs/2502.06807}, 
}

@misc{qwq,
    title = {QwQ: Reflect Deeply on the Boundaries of the Unknown},
    url = {https://qwenlm.github.io/blog/qwq-32b-preview/},
    author = {Qwen Team},
    month = {November},
    year = {2024}
}

@article{renda-1,
  title={Technical Report: Enhancing LLM Reasoning with Reward-guided Tree Search},
  author={Jiang, Jinhao and Chen, Zhipeng and Min, Yingqian and Chen, Jie and Cheng, Xiaoxue and Wang, Jiapeng and Tang, Yiru and Sun, Haoxiang and Deng, Jia and Zhao, Wayne Xin and others},
  journal={arXiv preprint arXiv:2411.11694},
  year={2024}
}

@article{renda-2,
  title={Imitate, Explore, and Self-Improve: A Reproduction Report on Slow-thinking Reasoning Systems},
  author={Min, Yingqian and Chen, Zhipeng and Jiang, Jinhao and Chen, Jie and Deng, Jia and Hu, Yiwen and Tang, Yiru and Wang, Jiapeng and Cheng, Xiaoxue and Song, Huatong and others},
  journal={arXiv preprint arXiv:2412.09413},
  year={2024}
}

@misc{s1,
      title={s1: Simple test-time scaling}, 
      author={Niklas Muennighoff and Zitong Yang and Weijia Shi and Xiang Lisa Li and Li Fei-Fei and Hannaneh Hajishirzi and Luke Zettlemoyer and Percy Liang and Emmanuel Candès and Tatsunori Hashimoto},
      year={2025},
      eprint={2501.19393},
      archivePrefix={arXiv},
      primaryClass={cs.CL},
      url={https://arxiv.org/abs/2501.19393}, 
}

@inproceedings{self_debug,
  author       = {Xinyun Chen and
                  Maxwell Lin and
                  Nathanael Sch{\"{a}}rli and
                  Denny Zhou},
  title        = {Teaching Large Language Models to Self-Debug},
  booktitle    = {The Twelfth International Conference on Learning Representations,
                  {ICLR} 2024, Vienna, Austria, May 7-11, 2024},
  publisher    = {OpenReview.net},
  year         = {2024},
  url          = {https://openreview.net/forum?id=KuPixIqPiq},
  timestamp    = {Wed, 07 Aug 2024 17:11:53 +0200},
  biburl       = {https://dblp.org/rec/conf/iclr/ChenLSZ24.bib},
  bibsource    = {dblp computer science bibliography, https://dblp.org}
}

@inproceedings{stochastic_beam_search,
  author       = {Wouter Kool and
                  Herke van Hoof and
                  Max Welling},
  editor       = {Kamalika Chaudhuri and
                  Ruslan Salakhutdinov},
  title        = {Stochastic Beams and Where To Find Them: The Gumbel-Top-k Trick for
                  Sampling Sequences Without Replacement},
  booktitle    = {Proceedings of the 36th International Conference on Machine Learning,
                  {ICML} 2019, 9-15 June 2019, Long Beach, California, {USA}},
  series       = {Proceedings of Machine Learning Research},
  volume       = {97},
  pages        = {3499--3508},
  publisher    = {{PMLR}},
  year         = {2019},
  url          = {http://proceedings.mlr.press/v97/kool19a.html},
  timestamp    = {Fri, 17 Apr 2020 14:12:04 +0200},
  biburl       = {https://dblp.org/rec/conf/icml/KoolHW19.bib},
  bibsource    = {dblp computer science bibliography, https://dblp.org}
}

@inproceedings{teach-self-revision,
  author       = {Yunxiang Zhang and
                  Muhammad Khalifa and
                  Lajanugen Logeswaran and
                  Jaekyeom Kim and
                  Moontae Lee and
                  Honglak Lee and
                  Lu Wang},
  editor       = {Lun{-}Wei Ku and
                  Andre Martins and
                  Vivek Srikumar},
  title        = {Small Language Models Need Strong Verifiers to Self-Correct Reasoning},
  booktitle    = {Findings of the Association for Computational Linguistics, {ACL} 2024,
                  Bangkok, Thailand and virtual meeting, August 11-16, 2024},
  pages        = {15637--15653},
  publisher    = {Association for Computational Linguistics},
  year         = {2024},
  url          = {https://doi.org/10.18653/v1/2024.findings-acl.924},
  doi          = {10.18653/V1/2024.FINDINGS-ACL.924},
  timestamp    = {Tue, 24 Sep 2024 10:55:46 +0200},
  biburl       = {https://dblp.org/rec/conf/acl/ZhangKLKLL024.bib},
  bibsource    = {dblp computer science bibliography, https://dblp.org}
}

@misc{ye2025limoreasoning,
      title={LIMO: Less is More for Reasoning}, 
      author={Yixin Ye and Zhen Huang and Yang Xiao and Ethan Chern and Shijie Xia and Pengfei Liu},
      year={2025},
      eprint={2502.03387},
      archivePrefix={arXiv},
      primaryClass={cs.CL},
      url={https://arxiv.org/abs/2502.03387}, 
}

