@article{chen2024alphamath,
  title={AlphaMath Almost Zero: process Supervision without process},
  author={Chen, Guoxin and Liao, Minpeng and Li, Chengxi and Fan, Kai},
  journal={arXiv preprint arXiv:2405.03553},
  year={2024}
}

@article{cot,
  title={Chain-of-thought prompting elicits reasoning in large language models},
  author={Wei, Jason and Wang, Xuezhi and Schuurmans, Dale and Bosma, Maarten and Xia, Fei and Chi, Ed and Le, Quoc V and Zhou, Denny and others},
  journal={Advances in neural information processing systems},
  volume={35},
  pages={24824--24837},
  year={2022}
}

@article{cpo,
  title={Chain of Preference Optimization: Improving Chain-of-Thought Reasoning in LLMs},
  author={Zhang, Xuan and Du, Chao and Pang, Tianyu and Liu, Qian and Gao, Wei and Lin, Min},
  journal={arXiv preprint arXiv:2406.09136},
  year={2024}
}

@article{deepseek-math,
  title={Deepseekmath: Pushing the limits of mathematical reasoning in open language models, 2024},
  author={Shao, Zhihong and Wang, Peiyi and Zhu, Qihao and Xu, Runxin and Song, Junxiao and Bi, Xiao and Zhang, Haowei and Zhang, Mingchuan and Li, YK and Wu, Y and others},
  journal={URL https://arxiv. org/abs/2402.03300}
}

@article{deepseek-r1,
  title={Deepseek-r1: Incentivizing reasoning capability in llms via reinforcement learning},
  author={Guo, Daya and Yang, Dejian and Zhang, Haowei and Song, Junxiao and Zhang, Ruoyu and Xu, Runxin and Zhu, Qihao and Ma, Shirong and Wang, Peiyi and Bi, Xiao and others},
  journal={arXiv preprint arXiv:2501.12948},
  year={2025}
}

@article{dpo,
  title={Direct preference optimization: Your language model is secretly a reward model},
  author={Rafailov, Rafael and Sharma, Archit and Mitchell, Eric and Manning, Christopher D and Ermon, Stefano and Finn, Chelsea},
  journal={Advances in Neural Information Processing Systems},
  volume={36},
  year={2024}
}

@article{li2024process,
  title={Process Reward Model with Q-Value Rankings},
  author={Li, Wendi and Li, Yixuan},
  journal={arXiv preprint arXiv:2410.11287},
  year={2024}
}

@article{ppo,
  title={Proximal policy optimization algorithms},
  author={Schulman, John and Wolski, Filip and Dhariwal, Prafulla and Radford, Alec and Klimov, Oleg},
  journal={arXiv preprint arXiv:1707.06347},
  year={2017}
}

@article{reft,
  title={Reft: Reasoning with reinforced fine-tuning},
  author={Luong, Trung Quoc and Zhang, Xinbo and Jie, Zhanming and Sun, Peng and Jin, Xiaoran and Li, Hang},
  journal={arXiv preprint arXiv:2401.08967},
  year={2024}
}

@article{rest-mcts,
  title={Rest-mcts*: Llm self-training via process reward guided tree search},
  author={Zhang, Dan and Zhoubian, Sining and Hu, Ziniu and Yue, Yisong and Dong, Yuxiao and Tang, Jie},
  journal={arXiv preprint arXiv:2406.03816},
  year={2024}
}

@article{secret-q,
  title={From $ r $ to $ Q^* $: Your Language Model is Secretly a Q-Function},
  author={Rafailov, Rafael and Hejna, Joey and Park, Ryan and Finn, Chelsea},
  journal={arXiv e-prints},
  pages={arXiv--2404},
  year={2024}
}

@article{self-consistency,
  title={Self-consistency improves chain of thought reasoning in language models},
  author={Wang, Xuezhi and Wei, Jason and Schuurmans, Dale and Le, Quoc and Chi, Ed and Narang, Sharan and Chowdhery, Aakanksha and Zhou, Denny},
  journal={arXiv preprint arXiv:2203.11171},
  year={2022}
}

@article{self-rewarding,
  title={Self-rewarding language models},
  author={Yuan, Weizhe and Pang, Richard Yuanzhe and Cho, Kyunghyun and Sukhbaatar, Sainbayar and Xu, Jing and Weston, Jason},
  journal={arXiv preprint arXiv:2401.10020},
  year={2024}
}

@article{slow-thinking,
  title={Imitate, explore, and self-improve: A reproduction report on slow-thinking reasoning systems},
  author={Min, Yingqian and Chen, Zhipeng and Jiang, Jinhao and Chen, Jie and Deng, Jia and Hu, Yiwen and Tang, Yiru and Wang, Jiapeng and Cheng, Xiaoxue and Song, Huatong and others},
  journal={arXiv preprint arXiv:2412.09413},
  year={2024}
}

@article{step-dpo,
  title={Step-dpo: Step-wise preference optimization for long-chain reasoning of llms},
  author={Lai, Xin and Tian, Zhuotao and Chen, Yukang and Yang, Senqiao and Peng, Xiangru and Jia, Jiaya},
  journal={arXiv preprint arXiv:2406.18629},
  year={2024}
}

@article{tot,
  title={Tree of thoughts: Deliberate problem solving with large language models},
  author={Yao, Shunyu and Yu, Dian and Zhao, Jeffrey and Shafran, Izhak and Griffiths, Tom and Cao, Yuan and Narasimhan, Karthik},
  journal={Advances in Neural Information Processing Systems},
  volume={36},
  year={2024}
}

@article{tpo,
  title={TPO: Aligning Large Language Models with Multi-branch \& Multi-step Preference Trees},
  author={Liao, Weibin and Chu, Xu and Wang, Yasha},
  journal={arXiv preprint arXiv:2410.12854},
  year={2024}
}

@article{tsllm,
  title={Alphazero-like tree-search can guide large language model decoding and training},
  author={Feng, Xidong and Wan, Ziyu and Wen, Muning and McAleer, Stephen Marcus and Wen, Ying and Zhang, Weinan and Wang, Jun},
  journal={arXiv preprint arXiv:2309.17179},
  year={2023}
}

@inproceedings{wan2024alphazero,
  title={Alphazero-like tree-search can guide large language model decoding and training},
  author={Wan, Ziyu and Feng, Xidong and Wen, Muning and McAleer, Stephen Marcus and Wen, Ying and Zhang, Weinan and Wang, Jun},
  booktitle={Forty-first International Conference on Machine Learning},
  year={2024}
}

@inproceedings{wang2024math,
  title={Math-shepherd: Verify and reinforce llms step-by-step without human annotations},
  author={Wang, Peiyi and Li, Lei and Shao, Zhihong and Xu, Runxin and Dai, Damai and Li, Yifei and Chen, Deli and Wu, Yu and Sui, Zhifang},
  booktitle={Proceedings of the 62nd Annual Meeting of the Association for Computational Linguistics (Volume 1: Long Papers)},
  pages={9426--9439},
  year={2024}
}

@article{zhang2024rest,
  title={Rest-mcts*: Llm self-training via process reward guided tree search},
  author={Zhang, Dan and Zhoubian, Sining and Hu, Ziniu and Yue, Yisong and Dong, Yuxiao and Tang, Jie},
  journal={arXiv preprint arXiv:2406.03816},
  year={2024}
}

