@article{chang2024survey,
  title={A survey on evaluation of large language models},
  author={Chang, Yupeng and Wang, Xu and Wang, Jindong and Wu, Yuan and Yang, Linyi and Zhu, Kaijie and Chen, Hao and Yi, Xiaoyuan and Wang, Cunxiang and Wang, Yidong and others},
  journal={ACM Transactions on Intelligent Systems and Technology},
  volume={15},
  number={3},
  pages={1--45},
  year={2024},
  publisher={ACM New York, NY}
}

@inproceedings{cheng2023ml,
  title={ML-LMCL: Mutual Learning and Large-Margin Contrastive Learning for Improving ASR Robustness in Spoken Language Understanding},
  author={Cheng, Xuxin and Cao, Bowen and Ye, Qichen and Zhu, Zhihong and Li, Hongxiang and Zou, Yuexian},
  booktitle={Findings of the Association for Computational Linguistics: ACL 2023},
  pages={6492--6505},
  year={2023}
}

@article{cobbe2021gsm8k,
  title={Training verifiers to solve math word problems},
  author={Cobbe, Karl and Kosaraju, Vineet and Bavarian, Mohammad and Chen, Mark and Jun, Heewoo and Kaiser, Lukasz and Plappert, Matthias and Tworek, Jerry and Hilton, Jacob and Nakano, Reiichiro and others},
  journal={arXiv preprint arXiv:2110.14168},
  year={2021}
}

@article{el2021automatic,
  title={Automatic text summarization: A comprehensive survey},
  author={El-Kassas, Wafaa S and Salama, Cherif R and Rafea, Ahmed A and Mohamed, Hoda K},
  journal={Expert systems with applications},
  volume={165},
  pages={113679},
  year={2021},
  publisher={Elsevier}
}

@inproceedings{gao2023adaptive,
  title={Adaptive testing of computer vision models},
  author={Gao, Irena and Ilharco, Gabriel and Lundberg, Scott and Ribeiro, Marco Tulio},
  booktitle={Proceedings of the IEEE/CVF International Conference on Computer Vision},
  pages={4003--4014},
  year={2023}
}

@inproceedings{gao2024fact,
  title={Fact: Teaching MLLMs with Faithful, Concise and Transferable Rationales},
  author={Gao, Minghe and Chen, Shuang and Pang, Liang and Yao, Yuan and Dang, Jisheng and Zhang, Wenqiao and Li, Juncheng and Tang, Siliang and Zhuang, Yueting and Chua, Tat-Seng},
  booktitle={Proceedings of the 32nd ACM International Conference on Multimedia},
  pages={846--855},
  year={2024}
}

@article{glazer2024frontiermath,
  title={FrontierMath: A Benchmark for Evaluating Advanced Mathematical Reasoning in AI},
  author={Glazer, Elliot and Erdil, Ege and Besiroglu, Tamay and Chicharro, Diego and Chen, Evan and Gunning, Alex and Falkman Olsson, Caroline and Denain, Jean-Stanislas and Ho, Anson and de Oliveira Santos, Emily and others},
  journal={arXiv e-prints},
  pages={arXiv--2411},
  year={2024}
}

@article{gui2024logicgame,
  title={Logicgame: Benchmarking rule-based reasoning abilities of large language models},
  author={Gui, Jiayi and Liu, Yiming and Cheng, Jiale and Gu, Xiaotao and Liu, Xiao and Wang, Hongning and Dong, Yuxiao and Tang, Jie and Huang, Minlie},
  journal={arXiv preprint arXiv:2408.15778},
  year={2024}
}

@article{guo2025deepseek,
  title={Deepseek-r1: Incentivizing reasoning capability in llms via reinforcement learning},
  author={Guo, Daya and Yang, Dejian and Zhang, Haowei and Song, Junxiao and Zhang, Ruoyu and Xu, Runxin and Zhu, Qihao and Ma, Shirong and Wang, Peiyi and Bi, Xiao and others},
  journal={arXiv preprint arXiv:2501.12948},
  year={2025}
}

@article{hao2022recent,
  title={Recent progress in leveraging deep learning methods for question answering},
  author={Hao, Tianyong and Li, Xinxin and He, Yulan and Wang, Fu Lee and Qu, Yingying},
  journal={Neural Computing and Applications},
  volume={34},
  number={4},
  pages={2765--2783},
  year={2022},
  publisher={Springer London London}
}

@article{hendrycks2020measuring,
  title={Measuring massive multitask language understanding},
  author={Hendrycks, Dan and Burns, Collin and Basart, Steven and Zou, Andy and Mazeika, Mantas and Song, Dawn and Steinhardt, Jacob},
  journal={arXiv preprint arXiv:2009.03300},
  year={2020}
}

@article{hendrycks2021measuring,
  title={Measuring mathematical problem solving with the math dataset},
  author={Hendrycks, Dan and Burns, Collin and Kadavath, Saurav and Arora, Akul and Basart, Steven and Tang, Eric and Song, Dawn and Steinhardt, Jacob},
  journal={arXiv preprint arXiv:2103.03874},
  year={2021}
}

@article{hosseini2024not,
  title={Not All LLM Reasoners Are Created Equal},
  author={Hosseini, Arian and Sordoni, Alessandro and Toyama, Daniel and Courville, Aaron and Agarwal, Rishabh},
  journal={arXiv preprint arXiv:2410.01748},
  year={2024}
}

@article{huang2024c,
  title={C-eval: A multi-level multi-discipline chinese evaluation suite for foundation models},
  author={Huang, Yuzhen and Bai, Yuzhuo and Zhu, Zhihao and Zhang, Junlei and Zhang, Jinghan and Su, Tangjun and Liu, Junteng and Lv, Chuancheng and Zhang, Yikai and Fu, Yao and others},
  journal={Advances in Neural Information Processing Systems},
  volume={36},
  year={2024}
}

@inproceedings{huang2024lateval,
  title={LatEval: An Interactive LLMs Evaluation Benchmark with Incomplete Information from Lateral Thinking Puzzles},
  author={Huang, Shulin and Ma, Shirong and Li, Yinghui and Huang, Mengzuo and Zou, Wuhe and Zhang, Weidong and Zheng, Haitao},
  booktitle={Proceedings of the 2024 Joint International Conference on Computational Linguistics, Language Resources and Evaluation (LREC-COLING 2024)},
  pages={10186--10197},
  year={2024}
}

@article{li2022making,
  title={Making large language models better reasoners with step-aware verifier},
  author={Li, Yifei and Lin, Zeqi and Zhang, Shizhuo and Fu, Qiang and Chen, Bei and Lou, Jian-Guang and Chen, Weizhu},
  journal={arXiv preprint arXiv:2206.02336},
  year={2022}
}

@misc{li2023alpacaeval,
  title={Alpacaeval: An automatic evaluator of instruction-following models},
  author={Li, Xuechen and Zhang, Tianyi and Dubois, Yann and Taori, Rohan and Gulrajani, Ishaan and Guestrin, Carlos and Liang, Percy and Hashimoto, Tatsunori B},
  year={2023}
}

@article{li2024gsm,
  title={GSM-Plus: A Comprehensive Benchmark for Evaluating the Robustness of LLMs as Mathematical Problem Solvers},
  author={Li, Qintong and Cui, Leyang and Zhao, Xueliang and Kong, Lingpeng and Bi, Wei},
  journal={arXiv preprint arXiv:2402.19255},
  year={2024}
}

@article{li2024llms,
  title={When llms meet cunning questions: A fallacy understanding benchmark for large language models},
  author={Li, Yinghui and Zhou, Qingyu and Luo, Yuanzhen and Ma, Shirong and Li, Yangning and Zheng, Hai-Tao and Hu, Xuming and Yu, Philip S},
  journal={arXiv preprint arXiv:2402.11100},
  year={2024}
}

@article{li2024openai,
  title={OpenAI-o1 AB Testing: Does the o1 model really do good reasoning in math problem solving?},
  author={Li, Leo and Luo, Ye and Pan, Tingyou},
  journal={arXiv preprint arXiv:2411.06198},
  year={2024}
}

@article{liang2022holistic,
  title={Holistic evaluation of language models},
  author={Liang, Percy and Bommasani, Rishi and Lee, Tony and Tsipras, Dimitris and Soylu, Dilara and Yasunaga, Michihiro and Zhang, Yian and Narayanan, Deepak and Wu, Yuhuai and Kumar, Ananya and others},
  journal={arXiv preprint arXiv:2211.09110},
  year={2022}
}

@article{lightman2023let,
  title={Let's verify step by step},
  author={Lightman, Hunter and Kosaraju, Vineet and Burda, Yura and Edwards, Harri and Baker, Bowen and Lee, Teddy and Leike, Jan and Schulman, John and Sutskever, Ilya and Cobbe, Karl},
  journal={arXiv preprint arXiv:2305.20050},
  year={2023}
}

@article{muennighoff2025s1,
  title={s1: Simple test-time scaling},
  author={Muennighoff, Niklas and Yang, Zitong and Shi, Weijia and Li, Xiang Lisa and Fei-Fei, Li and Hajishirzi, Hannaneh and Zettlemoyer, Luke and Liang, Percy and Cand{\`e}s, Emmanuel and Hashimoto, Tatsunori},
  journal={arXiv preprint arXiv:2501.19393},
  year={2025}
}

@inproceedings{ribeiro2022adaptive,
  title={Adaptive testing and debugging of nlp models},
  author={Ribeiro, Marco Tulio and Lundberg, Scott},
  booktitle={Proceedings of the 60th Annual Meeting of the Association for Computational Linguistics (Volume 1: Long Papers)},
  pages={3253--3267},
  year={2022}
}

@article{uesato2022solving,
  title={Solving math word problems with process-and outcome-based feedback},
  author={Uesato, Jonathan and Kushman, Nate and Kumar, Ramana and Song, Francis and Siegel, Noah and Wang, Lisa and Creswell, Antonia and Irving, Geoffrey and Higgins, Irina},
  journal={arXiv preprint arXiv:2211.14275},
  year={2022}
}

@article{wang2023pandalm,
  title={Pandalm: An automatic evaluation benchmark for llm instruction tuning optimization},
  author={Wang, Yidong and Yu, Zhuohao and Zeng, Zhengran and Yang, Linyi and Wang, Cunxiang and Chen, Hao and Jiang, Chaoya and Xie, Rui and Wang, Jindong and Xie, Xing and others},
  journal={arXiv preprint arXiv:2306.05087},
  year={2023}
}

@article{wang2023robustness,
  title={On the robustness of chatgpt: An adversarial and out-of-distribution perspective},
  author={Wang, Jindong and Hu, Xixu and Hou, Wenxin and Chen, Hao and Zheng, Runkai and Wang, Yidong and Yang, Linyi and Huang, Haojun and Ye, Wei and Geng, Xiubo and others},
  journal={arXiv preprint arXiv:2302.12095},
  year={2023}
}

@article{wang2024openr,
  title={OpenR: An Open Source Framework for Advanced Reasoning with Large Language Models},
  author={Wang, Jun and Fang, Meng and Wan, Ziyu and Wen, Muning and Zhu, Jiachen and Liu, Anjie and Gong, Ziqin and Song, Yan and Chen, Lei and Ni, Lionel M and others},
  journal={arXiv preprint arXiv:2410.09671},
  year={2024}
}

@article{wang2024planning,
  title={On The Planning Abilities of OpenAI's o1 Models: Feasibility, Optimality, and Generalizability},
  author={Wang, Kevin and Li, Junbo and Bhatt, Neel P and Xi, Yihan and Liu, Qiang and Topcu, Ufuk and Wang, Zhangyang},
  journal={arXiv preprint arXiv:2409.19924},
  year={2024}
}

@article{wu2024mrke,
  title={MRKE: The Multi-hop Reasoning Evaluation of LLMs by Knowledge Edition},
  author={Wu, Jian and Yang, Linyi and Okumura, Manabu and Zhang, Yue},
  journal={arXiv preprint arXiv:2402.11924},
  year={2024}
}

@article{xu2023tool,
  title={On the tool manipulation capability of open-source large language models},
  author={Xu, Qiantong and Hong, Fenglu and Li, Bo and Hu, Changran and Chen, Zhengyu and Zhang, Jian},
  journal={arXiv preprint arXiv:2305.16504},
  year={2023}
}

@inproceedings{yang2022factmix,
  title={FactMix: Using a Few Labeled In-domain Examples to Generalize to Cross-domain Named Entity Recognition},
  author={Yang, Linyi and Yuan, Lifan and Cui, Leyang and Gao, Wenyang and Zhang, Yue},
  booktitle={Proceedings of the 29th International Conference on Computational Linguistics},
  pages={5360--5371},
  year={2022}
}

@inproceedings{yang2023glue,
  title={GLUE-X: Evaluating Natural Language Understanding Models from an Out-of-Distribution Generalization Perspective},
  author={Yang, Linyi and Zhang, Shuibai and Qin, Libo and Li, Yafu and Wang, Yidong and Liu, Hanmeng and Wang, Jindong and Xie, Xing and Zhang, Yue},
  booktitle={Findings of the Association for Computational Linguistics: ACL 2023},
  pages={12731--12750},
  year={2023}
}

@inproceedings{yu2024ovm,
  title={OVM, Outcome-supervised Value Models for Planning in Mathematical Reasoning},
  author={Yu, Fei and Gao, Anningzhe and Wang, Benyou},
  booktitle={Findings of the Association for Computational Linguistics: NAACL 2024},
  pages={858--875},
  year={2024}
}

@article{yuan2023revisiting,
  title={Revisiting out-of-distribution robustness in nlp: Benchmarks, analysis, and LLMs evaluations},
  author={Yuan, Lifan and Chen, Yangyi and Cui, Ganqu and Gao, Hongcheng and Zou, Fangyuan and Cheng, Xingyi and Ji, Heng and Liu, Zhiyuan and Sun, Maosong},
  journal={Advances in Neural Information Processing Systems},
  volume={36},
  pages={58478--58507},
  year={2023}
}

@misc{zebralogic2024,
    title={ZebraLogic: Benchmarking the Logical Reasoning Ability of Language Models},
    author={Bill Yuchen Lin and Ronan Le Bras and Yejin Choi},
    url={https://huggingface.co/spaces/allenai/ZebraLogic},
    year={2024}
}

@article{zhang2024generative,
  title={Generative Verifiers: Reward Modeling as Next-Token Prediction},
  author={Zhang, Lunjun and Hosseini, Arian and Bansal, Hritik and Kazemi, Mehran and Kumar, Aviral and Agarwal, Rishabh},
  journal={arXiv preprint arXiv:2408.15240},
  year={2024}
}

@misc{zheng2023judging,
      title={Judging LLM-as-a-judge with MT-Bench and Chatbot Arena},
      author={Lianmin Zheng and Wei-Lin Chiang and Ying Sheng and Siyuan Zhuang and Zhanghao Wu and Yonghao Zhuang and Zi Lin and Zhuohan Li and Dacheng Li and Eric. P Xing and Hao Zhang and Joseph E. Gonzalez and Ion Stoica},
      year={2023},
      eprint={2306.05685},
      archivePrefix={arXiv},
      primaryClass={cs.CL}
}

@misc{zheng2024processbench,
      title={ProcessBench: Identifying Process Errors in Mathematical Reasoning}, 
      author={Chujie Zheng and Zhenru Zhang and Beichen Zhang and Runji Lin and Keming Lu and Bowen Yu and Dayiheng Liu and Jingren Zhou and Junyang Lin},
      year={2024},
      eprint={2412.06559},
      archivePrefix={arXiv},
      primaryClass={cs.AI},
      url={https://arxiv.org/abs/2412.06559}, 
}

@article{zhong2024evaluation,
  title={Evaluation of openai o1: Opportunities and challenges of agi},
  author={Zhong, Tianyang and Liu, Zhengliang and Pan, Yi and Zhang, Yutong and Zhou, Yifan and Liang, Shizhe and Wu, Zihao and Lyu, Yanjun and Shu, Peng and Yu, Xiaowei and others},
  journal={arXiv preprint arXiv:2409.18486},
  year={2024}
}

