@article{Aalst13,
  author       = {Wil M. P. van der Aalst},
  title        = {Decomposing Petri nets for process mining: {A} generic approach},
  journal      = {Distributed Parallel Databases},
  volume       = {31},
  number       = {4},
  pages        = {471--507},
  year         = {2013}
}

@inbook{Aalst16,
  author       = {Wil M. P. van der Aalst},
  title        = {Process Mining - Data Science in Action, Second Edition},
  publisher    = {Springer},
  year         = {2016},
  doi          = {10.1007/978-3-662-49851-4},
  isbn         = {978-3-662-49850-7}
}

@INPROCEEDINGS{Artamonov2019-vq,
  author={Artamonov, Kirill and Lomazova, Irina},
  booktitle={2019 IEEE 21st Conference on Business Informatics (CBI)}, 
  title={What Has Remained Unchanged in Your Business Process Model?}, 
  year={2019},
  volume={01},
  number={},
  pages={551-558},
  doi={10.1109/CBI.2019.00070}}
}

@inproceedings{Bose2011-hg,
    author="Bose, R. P. Jagadeesh Chandra
    and van der Aalst, Wil M. P.
    and Zliobaite, Indre
    and Pechenizkiy, Mykola",
    editor="Mouratidis, Haralambos
    and Rolland, Colette",
    title="Handling Concept Drift in Process Mining",
    booktitle="Advanced Information Systems Engineering",
    year="2011",
    publisher="Springer Berlin Heidelberg",
    address="Berlin, Heidelberg",
    pages="391--405"
}

@ARTICLE{Bose2014-by,
  author={Bose, R. P. Jagadeesh Chandra and van der Aalst, Wil M. P. and Zliobaite, Indre and Pechenizkiy, Mykola},
  journal={IEEE Transactions on Neural Networks and Learning Systems}, 
  title={Dealing With Concept Drifts in Process Mining}, 
  year={2014},
  volume={25},
  number={1},
  pages={154-171},
  doi={10.1109/TNNLS.2013.2278313}}
}

@inproceedings{BrockhoffGUA24,
  author       = {Tobias Brockhoff and
                  Moritz Nicolas Gose and
                  Merih Seran Uysal and
                  Wil M. P. van der Aalst},
  title        = {Process Comparison Using Petri Net Decomposition},
  booktitle    = {Petri Nets},
  series       = {Lecture Notes in Computer Science},
  volume       = {14628},
  pages        = {83--105},
  publisher    = {Springer},
  year         = {2024}
}

@book{Burattin15,
  author       = {Andrea Burattin},
  title        = {Process Mining Techniques in Business Environments - Theoretical Aspects,
                  Algorithms, Techniques and Open Challenges in Process Mining},
  series       = {Lecture Notes in Business Information Processing},
  volume       = {207},
  publisher    = {Springer},
  year         = {2015}
}

@book{CarmonaDSW18,
  author       = {Josep Carmona and
                  Boudewijn F. van Dongen and
                  Andreas Solti and
                  Matthias Weidlich},
  title        = {Conformance Checking - Relating Processes and Models},
  publisher    = {Springer},
  year         = {2018},
  doi          = {10.1007/978-3-319-99414-7},
  isbn         = {978-3-319-99413-0}
}

@article{FahlandA15,
  author       = {Dirk Fahland and
                  Wil M. P. van der Aalst},
  title        = {Model repair - aligning process models to reality},
  journal      = {Inf. Syst.},
  volume       = {47},
  pages        = {220--243},
  year         = {2015}
}

@INPROCEEDINGS{Lieben2018-st,
  title           = "A new process discovery algorithm for exploratory data analysis",
  booktitle       = "Proceedings of the Doctoral Consortium Papers Presented at the 30th {I}nternational Conference on Advanced Information Systems Engineering ({CAiSE} 2018)",
  author          = "Lieben, Jonas",
  editor          = "Kirikova, Marite and Lupeikiene, Audrone and Teniente,
                     Ernest",
  month           =  {Jun},
  year            =  {2018}
}

@book{MansAV15,
  author       = {Ronny Mans and
                  Wil M. P. van der Aalst and
                  Rob J. B. Vanwersch},
  title        = {Process Mining in Healthcare - Evaluating and Exploiting Operational
                  Healthcare Processes},
  series       = {Springer Briefs in Business Process Management},
  publisher    = {Springer},
  year         = {2015}
}

@article{MitsyukLA17,
  author       = {Alexey A. Mitsyuk and
                  Irina A. Lomazova and
                  Wil M. P. van der Aalst},
  title        = {Using Event Logs for Local Correction of Process Models},
  journal      = {Autom. Control. Comput. Sci.},
  volume       = {51},
  number       = {7},
  pages        = {709--723},
  year         = {2017}
}

@book{Munoz-Gama16,
  author       = {Jorge Munoz{-}Gama},
  title        = {Conformance Checking and Diagnosis in Process Mining - Comparing Observed
                  and Modeled Processes},
  series       = {Lecture Notes in Business Information Processing},
  volume       = {270},
  publisher    = {Springer},
  year         = {2016}
}

@article{PolyvyanyyAHW17,
  author       = {Artem Polyvyanyy and
                  Wil M. P. van der Aalst and
                  Arthur H. M. ter Hofstede and
                  Moe Thandar Wynn},
  title        = {Impact-Driven Process Model Repair},
  journal      = {{ACM} Trans. Softw. Eng. Methodol.},
  volume       = {25},
  number       = {4},
  pages        = {28:1--28:60},
  year         = {2017}
}

@ARTICLE{Rozinat2008-bd,
    title = {Conformance checking of processes based on monitoring real behavior},
    journal = {Information Systems},
    volume = {33},
    number = {1},
    pages = {64-95},
    year = {2008},
    issn = {0306-4379},
    doi = {10.1016/j.is.2007.07.001},
    author = {A. Rozinat and W.M.P. {van der Aalst}}
}

@article{Van_der_Aalst2012-kp,
author = {van der Aalst, Wil and Adriansyah, Arya and van Dongen, Boudewijn},
title = {Replaying history on process models for conformance checking and performance analysis},
journal = {WIREs Data Mining and Knowledge Discovery},
volume = {2},
number = {2},
pages = {182-192},
doi = {10.1002/widm.1045},
year = {2012}
}

@ARTICLE{Van_der_Aalst2019-sp,
    title = {A practitionerâ€™s guide to process mining: Limitations of the directly-follows graph},
    journal = {{P}rocedia {C}omputer {S}cience},
    volume = {164},
    pages = {321-328},
    year = {2019},
    issn = {1877-0509},
    doi = {10.1016/j.procs.2019.12.189},
    author = {Wil M.P. {van der Aalst}}
}

@inbook{van2022process,
  editor       = {Wil M. P. van der Aalst and
                  Josep Carmona},
  title        = {Process Mining Handbook},
  series       = {Lecture Notes in Business Information Processing},
  volume       = {448},
  publisher    = {Springer},
  year         = {2022},
  doi          = {10.1007/978-3-031-08848-3},
  isbn         = {978-3-031-08847-6}
}

