@INPROCEEDINGS{Artamonov2019-vq,
  author={Artamonov, Kirill and Lomazova, Irina},
  booktitle={2019 IEEE 21st Conference on Business Informatics (CBI)}, 
  title={What Has Remained Unchanged in Your Business Process Model?}, 
  year={2019},
  volume={01},
  number={},
  pages={551-558},
  doi={10.1109/CBI.2019.00070}}
}

@inbook{Aalst16,
  author       = {Wil M. P. van der Aalst},
  title        = {Process Mining - Data Science in Action, Second Edition},
  publisher    = {Springer},
  year         = {2016},
  doi          = {10.1007/978-3-662-49851-4},
  isbn         = {978-3-662-49850-7}
}

@Inbook{vanderAalst2022,
author="van der Aalst, Wil M. P.",
editor="van der Aalst, Wil M. P. and Carmona, Josep",
title="Foundations of Process Discovery",
bookTitle="Process Mining Handbook",
year="2022",
publisher="Springer International Publishing",
address="Cham",
pages="37--75",
isbn="978-3-031-08848-3",
doi="10.1007/978-3-031-08848-3_2"
}

@inbook{van2022process,
  editor       = {Wil M. P. van der Aalst and
                  Josep Carmona},
  title        = {Process Mining Handbook},
  series       = {Lecture Notes in Business Information Processing},
  volume       = {448},
  publisher    = {Springer},
  year         = {2022},
  doi          = {10.1007/978-3-031-08848-3},
  isbn         = {978-3-031-08847-6}
}

@INPROCEEDINGS{Lieben2018-st,
  title           = "A new process discovery algorithm for exploratory data analysis",
  booktitle       = "Proceedings of the Doctoral Consortium Papers Presented at the 30th {I}nternational Conference on Advanced Information Systems Engineering ({CAiSE} 2018)",
  author          = "Lieben, Jonas",
  editor          = "Kirikova, Marite and Lupeikiene, Audrone and Teniente,
                     Ernest",
  month           =  {Jun},
  year            =  {2018}
}

@Inbook{Cygan2015-kt,
    author="Cygan, Marek
    and Fomin, Fedor V.
    and Kowalik, {\L}ukasz
    and Lokshtanov, Daniel
    and Marx, D{\'a}niel
    and Pilipczuk, Marcin
    and Pilipczuk, Micha{\l}
    and Saurabh, Saket",
    title="Bounded Search Trees",
    bookTitle="Parameterized Algorithms",
    year="2015",
    publisher="Springer International Publishing",
    address="Cham",
    pages="51--76",
    isbn="978-3-319-21275-3",
    doi="10.1007/978-3-319-21275-3_3"
}

@Inbook{Karp1972-la,
    author="Karp, Richard M.",
    editor="Miller, Raymond E.
    and Thatcher, James W.
    and Bohlinger, Jean D.",
    title="Reducibility among Combinatorial Problems",
    bookTitle="Complexity of Computer Computations: Proceedings of a symposium on the Complexity of Computer Computations, held March 20--22, 1972, at the IBM Thomas J. Watson Research Center, Yorktown Heights, New York, and sponsored by the Office of Naval Research, Mathematics Program, IBM World Trade Corporation, and the IBM Research Mathematical Sciences Department",
    year="1972",
    publisher="Springer US",
    address="Boston, MA",
    pages="85--103",
    isbn="978-1-4684-2001-2",
    doi="10.1007/978-1-4684-2001-2_9"
}

@ARTICLE{Van_der_Aalst2019-sp,
    title = {A practitioner’s guide to process mining: Limitations of the directly-follows graph},
    journal = {{P}rocedia {C}omputer {S}cience},
    volume = {164},
    pages = {321-328},
    year = {2019},
    issn = {1877-0509},
    doi = {10.1016/j.procs.2019.12.189},
    author = {Wil M.P. {van der Aalst}}
}

@INPROCEEDINGS{Berti2019-op,
  author       = {Alessandro Berti and
                  Wil M. P. van der Aalst},
  editor       = {Wil M. P. van der Aalst and
                  Robin Bergenthum and
                  Josep Carmona},
  title        = {Reviving Token-based Replay: Increasing Speed While Improving Diagnostics},
  booktitle    = {Proceedings of {ATAED@PetriNets/ACSD} 2019, {A}achen, {G}ermany, {J}une 25, 2019},
  series       = {{CEUR} Workshop Proceedings},
  volume       = {2371},
  pages        = {87--103},
  publisher    = {CEUR-WS.org},
  year         = {2019}
}

@INPROCEEDINGS{Adriansyah2011-ak,
  author={Adriansyah, A. and van Dongen, B.F. and van der Aalst, W.M.P.},
  booktitle={2011 {IEEE} 15th {I}nternational {E}nterprise {D}istributed {O}bject {C}omputing {C}onference}, 
  title={Conformance Checking Using Cost-Based Fitness Analysis}, 
  year={2011},
  volume={},
  number={},
  pages={55-64},
  doi={10.1109/EDOC.2011.12}}
}

@INCOLLECTION{Berti2021-rd,
    author="Berti, Alessandro
    and van der Aalst, Wil M. P.",
    editor="Koutny, Maciej
    and Kordon, Fabrice
    and Pomello, Lucia",
    title="A Novel Token-Based Replay Technique to Speed Up Conformance Checking and Process Enhancement",
    bookTitle="Transactions on Petri Nets and Other Models of Concurrency XV",
    year="2021",
    publisher="Springer Berlin Heidelberg",
    address="Berlin, Heidelberg",
    pages="1--26",
    isbn="978-3-662-63079-2",
    doi="10.1007/978-3-662-63079-2_1"
}

@ARTICLE{Buijs2014-dy,
    author = {Buijs, J. and Dongen, B. and Aalst, Wil},
    year = {2014},
    month = {03},
    pages = {1440001},
    title = {Quality Dimensions in Process Discovery: The Importance of Fitness, Precision, Generalization and Simplicity},
    volume = {23},
    journal = {International Journal of Cooperative Information Systems},
    doi = {10.1142/S0218843014400012}
}

@INPROCEEDINGS{Munoz-Gama2010-qe,
    author="Mu{\~{n}}oz-Gama, Jorge
    and Carmona, Josep",
    editor="Hull, Richard
    and Mendling, Jan
    and Tai, Stefan",
    title="A Fresh Look at Precision in Process Conformance",
    booktitle="Business Process Management",
    year="2010",
    publisher="Springer Berlin Heidelberg",
    address="Berlin, Heidelberg",
    pages="211--226",
    isbn="978-3-642-15618-2"
}

@ARTICLE{Adriansyah2015-hv,
    title = "Measuring precision of modeled behavior",
    author = "A. Adriansyah and J. Munoz-Gama and J. Carmona and {Dongen, van}, B.F. and {Aalst, van der}, W.M.P.",
    year = "2015",
    doi = "10.1007/s10257-014-0234-7",
    language = "English",
    volume = "13",
    pages = "37--67",
    journal = "Information Systems and e-Business Management",
    issn = "1617-9846",
    publisher = "Springer",
    number = "1",
}

@ARTICLE{Rozinat2008-bd,
    title = {Conformance checking of processes based on monitoring real behavior},
    journal = {Information Systems},
    volume = {33},
    number = {1},
    pages = {64-95},
    year = {2008},
    issn = {0306-4379},
    doi = {10.1016/j.is.2007.07.001},
    author = {A. Rozinat and W.M.P. {van der Aalst}}
}

@article{Van_der_Aalst2012-kp,
author = {van der Aalst, Wil and Adriansyah, Arya and van Dongen, Boudewijn},
title = {Replaying history on process models for conformance checking and performance analysis},
journal = {WIREs Data Mining and Knowledge Discovery},
volume = {2},
number = {2},
pages = {182-192},
doi = {10.1002/widm.1045},
year = {2012}
}

@misc{FeedbackVertexSet,
  author       = "Shachaf Katz",
  title        = "{FeedbackVertexSet} {A}lgorithm {I}mplementation",
  url          = "https://github.com/shachafk/FeedbackVertexSet/tree/main",
  note         = "{A}ccessed 27 March 2024",
  year         = "2024"
}

@misc{Repository,
  author       = "anonymous.4open.science",
  title        = "{MergingProcessDiscovery}",
  url          = "https://anonymous.4open.science/r/merging_process_discovery",
  note         = "{A}ccessed 12 August 2024",
  year         = "2024"
}

@inproceedings{Mitsyuk_2017,
    title = "Process model repair by detecting unfitting fragments",
    author = "Mitsyuk, {Alexey A.} and Lomazova, {Irina A.} and Shugurov, {Ivan S.} and {van der Aalst}, {Wil M.P.}",
    year = "2017",
    month = jan,
    day = "1",
    language = "English",
    series = "CEUR Workshop Proceedings",
    publisher = "CEUR-WS.org",
    pages = "301--313",
    booktitle = "Supplementary Proceedings of the Sixth International Conference on Analysis of Images, Social Networks and Texts (AIST 2017)",
    note = "6th International Conference on Analysis of Images, Social Networks and Texts (AIST 2017), AIST 2017 ; Conference date: 27-07-2017 Through 29-07-2017"
}

@inproceedings{Bose2011-hg,
    author="Bose, R. P. Jagadeesh Chandra
    and van der Aalst, Wil M. P.
    and Zliobaite, Indre
    and Pechenizkiy, Mykola",
    editor="Mouratidis, Haralambos
    and Rolland, Colette",
    title="Handling Concept Drift in Process Mining",
    booktitle="Advanced Information Systems Engineering",
    year="2011",
    publisher="Springer Berlin Heidelberg",
    address="Berlin, Heidelberg",
    pages="391--405"
}

@ARTICLE{Bose2014-by,
  author={Bose, R. P. Jagadeesh Chandra and van der Aalst, Wil M. P. and Zliobaite, Indre and Pechenizkiy, Mykola},
  journal={IEEE Transactions on Neural Networks and Learning Systems}, 
  title={Dealing With Concept Drifts in Process Mining}, 
  year={2014},
  volume={25},
  number={1},
  pages={154-171},
  doi={10.1109/TNNLS.2013.2278313}}
}

@InProceedings{guide,
author="Milani, Fredrik
and Lashkevich, Katsiaryna
and Maggi, Fabrizio Maria
and Di Francescomarino, Chiara",
editor="Guizzardi, Renata
and Ralyt{\'e}, Jolita
and Franch, Xavier",
title="Process Mining: A Guide for Practitioners",
booktitle="Research Challenges in Information Science",
year="2022",
publisher="Springer International Publishing",
address="Cham",
pages="265--282",
isbn="978-3-031-05760-1"
}

@Inbook{vanderAalst2020,
author="van der Aalst, Wil",
editor="Reinkemeyer, Lars",
title="Academic View: Development of the Process Mining Discipline",
bookTitle="Process Mining in Action: Principles, Use Cases and Outlook",
year="2020",
publisher="Springer International Publishing",
address="Cham",
pages="181--196",
isbn="978-3-030-40172-6",
doi="10.1007/978-3-030-40172-6_21",
url="https://doi.org/10.1007/978-3-030-40172-6_21"
}

@article{MitsyukLA17,
  author       = {Alexey A. Mitsyuk and
                  Irina A. Lomazova and
                  Wil M. P. van der Aalst},
  title        = {Using Event Logs for Local Correction of Process Models},
  journal      = {Autom. Control. Comput. Sci.},
  volume       = {51},
  number       = {7},
  pages        = {709--723},
  year         = {2017}
}

@inproceedings{BrockhoffGUA24,
  author       = {Tobias Brockhoff and
                  Moritz Nicolas Gose and
                  Merih Seran Uysal and
                  Wil M. P. van der Aalst},
  title        = {Process Comparison Using Petri Net Decomposition},
  booktitle    = {Petri Nets},
  series       = {Lecture Notes in Computer Science},
  volume       = {14628},
  pages        = {83--105},
  publisher    = {Springer},
  year         = {2024}
}

@article{Aalst13,
  author       = {Wil M. P. van der Aalst},
  title        = {Decomposing Petri nets for process mining: {A} generic approach},
  journal      = {Distributed Parallel Databases},
  volume       = {31},
  number       = {4},
  pages        = {471--507},
  year         = {2013}
}

@article{BERTI2023100556,
title = {PM4Py: A process mining library for Python},
journal = {Software Impacts},
volume = {17},
pages = {100556},
year = {2023},
issn = {2665-9638},
doi = {https://doi.org/10.1016/j.simpa.2023.100556},
author = {Alessandro Berti and Sebastiaan {van Zelst} and Daniel Schuster}
}

@inproceedings{Disco,
title = "Disco: discover your processes",
author = "G{\"u}nther, {Christian W.} and Anne Rozinat",
year = "2012",
month = jan,
day = "1",
series = "CEUR Workshop Proceedings",
publisher = "CEUR-WS.org",
pages = "40--44",
editor = "Lohmann, {Niels } and Simon Moser",
booktitle = "Proceedings of the Demonstration Track of the 10th International Conference on Business Process Management (BPM 2012)"
}

@misc{Celonis,
  author       = "Celonis",
  title        = "Celonis",
  url          = "https://www.celonis.com/",
  note         = "{A}ccessed 22 August 2024",
  year         = "2024"
}

@book{CarmonaDSW18,
  author       = {Josep Carmona and
                  Boudewijn F. van Dongen and
                  Andreas Solti and
                  Matthias Weidlich},
  title        = {Conformance Checking - Relating Processes and Models},
  publisher    = {Springer},
  year         = {2018},
  doi          = {10.1007/978-3-319-99414-7},
  isbn         = {978-3-319-99413-0}
}

@article{FahlandA15,
  author       = {Dirk Fahland and
                  Wil M. P. van der Aalst},
  title        = {Model repair - aligning process models to reality},
  journal      = {Inf. Syst.},
  volume       = {47},
  pages        = {220--243},
  year         = {2015}
}

@article{PolyvyanyyAHW17,
  author       = {Artem Polyvyanyy and
                  Wil M. P. van der Aalst and
                  Arthur H. M. ter Hofstede and
                  Moe Thandar Wynn},
  title        = {Impact-Driven Process Model Repair},
  journal      = {{ACM} Trans. Softw. Eng. Methodol.},
  volume       = {25},
  number       = {4},
  pages        = {28:1--28:60},
  year         = {2017}
}

@book{MansAV15,
  author       = {Ronny Mans and
                  Wil M. P. van der Aalst and
                  Rob J. B. Vanwersch},
  title        = {Process Mining in Healthcare - Evaluating and Exploiting Operational
                  Healthcare Processes},
  series       = {Springer Briefs in Business Process Management},
  publisher    = {Springer},
  year         = {2015}
}

@book{Burattin15,
  author       = {Andrea Burattin},
  title        = {Process Mining Techniques in Business Environments - Theoretical Aspects,
                  Algorithms, Techniques and Open Challenges in Process Mining},
  series       = {Lecture Notes in Business Information Processing},
  volume       = {207},
  publisher    = {Springer},
  year         = {2015}
}

@book{Munoz-Gama16,
  author       = {Jorge Munoz{-}Gama},
  title        = {Conformance Checking and Diagnosis in Process Mining - Comparing Observed
                  and Modeled Processes},
  series       = {Lecture Notes in Business Information Processing},
  volume       = {270},
  publisher    = {Springer},
  year         = {2016}
}

@InProceedings{Vasilecas2014,
author="Vasilecas, Olegas
and Savickas, Titas
and Lebedys, Evaldas",
editor="Dregvaite, Giedre
and Damasevicius, Robertas",
title="Directed Acyclic Graph Extraction from Event Logs",
booktitle="Information and Software Technologies",
year="2014",
publisher="Springer International Publishing",
address="Cham",
pages="172--181",
isbn="978-3-319-11958-8"
}

@article{Derezovskiy,
  author       = {I. D. Derezovskiy and N. D. Shaimov and I. A. Lomazova and A. A. Mitsyuk},
  title        = {Merging Directly-Follows Graphs and sankey diagrams for visualizing acyclic processes},
  journal      = {Proceedings of ISP RAS},
  volume       = {36},
  number       = {4},
  pages        = {155--168},
  year         = {2024},
  doi          = {10.15514/ISPRAS-2024-36(4)-12}
}