@Inbook{Baklanov2011,
author={Baklanov, Alexander},
title={Introduction -- Integrated Systems: On-line and Off-line Coupling of Meteorological and Air Quality Models, Advantages and Disadvantages},
bookTitle={Integrated Systems of Meso-Meteorological and Chemical Transport Models},
year={2011},
pages={1--11},
}

@article{FANG200979,
title = {Managing air quality in a rapidly developing nation: China},
journal = {Atmospheric Environment},
volume = {43},
number = {1},
pages = {79-86},
year = {2009},
note = {Atmospheric Environment - Fifty Years of Endeavour},
issn = {1352-2310},
author = {Ming Fang and Chak K. Chan and Xiaohong Yao},
}

@article{Foreback02042024,
author = {Foreback, B. and et al.},
title = {A new implementation of FLEXPART with Enviro-HIRLAM meteorological input, and a case study during a heavy air pollution event},
journal = {Big Earth Data},
volume = {8},
number = {2},
pages = {397--434},
year = {2024},
publisher = {Taylor \& Francis},
}

@article{Foreback2025_PREPRINT,
title = {Severe haze episodes in Beijing may be influenced by emissions in far western China},
author = {Foreback, Benjamin  and et al.},
year = {2024},
month = {dec},
journal = {Air quality, atmosphere \& health},
issn = {1873-9318},
}

@article{JI2012338,
title = {Analysis of heavy pollution episodes in selected cities of northern China},
journal = {Atmospheric Environment},
volume = {50},
pages = {338-348},
year = {2012},
issn = {1352-2310},
author = {Dongsheng Ji and et al.},
}

@Article{Luo2021,
AUTHOR = {Luo, Mei and et al.},
TITLE = {Characteristics and Health Risk Assessment of PM2.5-Bound PAHs during Heavy Air Pollution Episodes in Winter in Urban Area of Beijing, China},
JOURNAL = {Atmosphere},
VOLUME = {12},
YEAR = {2021},
NUMBER = {3},
ARTICLE-NUMBER = {323},
}

@article{Ma02112023,
author = {Qingxin, Ma and et al.},
title = {A review on the heterogeneous oxidation of SO2 on solid atmospheric particles: Implications for sulfate formation in haze chemistry},
journal = {Critical Reviews in Environmental Science and Technology},
volume = {53},
number = {21},
pages = {1888--1911},
year = {2023},
}

@article{NI2018550,
title = {Assessment of winter air pollution episodes using long-range transport modeling in Hangzhou, China, during World Internet Conference, 2015},
journal = {Environmental Pollution},
volume = {236},
pages = {550-561},
year = {2018},
issn = {0269-7491},
author = {Zhi-zhen, Ni and et al.},
}

@Misc{Peckham2012,
author={Peckham, Steven E. (Steven Elbert)},
title={WRF/Chem version 3.3 user's guide},
year={2012},
abstract={Steven E. Peckham ... [et al.].},
note={Technical Memorandum},
}

@Article{Pichelstorfer2024,
author ="Pichelstorfer, Lukas and et al.",
title  ="Towards automated inclusion of autoxidation chemistry in models: from precursors to atmospheric implications",
journal  ="Environ. Sci.: Atmos.",
year  ="2024",
volume  ="4",
issue  ="8",
pages  ="879-896",
publisher  ="RSC",
}

@article{SOFIEV2006674,
title = {A dispersion modelling system SILAM and its evaluation against ETEX data},
journal = {Atmospheric Environment},
volume = {40},
number = {4},
pages = {674-685},
year = {2006},
issn = {1352-2310},
author = {M. Sofiev and et al.},
}

@article{WANG20122,
title = {Air quality management in China: Issues, challenges, and options},
journal = {Journal of Environmental Sciences},
volume = {24},
number = {1},
pages = {2-13},
year = {2012},
issn = {1001-0742},
author = {Shuxiao Wang and Jiming Hao},
}

@misc{WHO2024,
  author={{WHO (World Health Organization)}},
  title = {Air quality, energy and health: Health impacts.},
  note = {Accessed: 2025-01-27}
}

@article{ZENG2019329,
title = {Air pollution reduction in China: Recent success but great challenge for the future},
journal = {Science of The Total Environment},
volume = {663},
pages = {329-337},
year = {2019},
issn = {0048-9697},
author = {Yingying, Zeng and et al.},
}

@Article{acp-22-5265-2022,
AUTHOR = {Gao, C. and et al.},
TITLE = {Two-way coupled meteorology and air quality models in Asia: a systematic
review and meta-analysis of impacts of aerosol feedbacks on meteorology and
air quality},
JOURNAL = {Atmospheric Chemistry and Physics},
VOLUME = {22},
YEAR = {2022},
NUMBER = {8},
PAGES = {5265--5329},
}

@article{chen2016xgboost,
 author = {Chen, Tianqi and et al.},
  title = {XGBoost: A Scalable Tree Boosting System},
  booktitle = {Proceedings of the 22nd ACM SIGKDD International Conference on Knowledge Discovery and Data Mining (KDD)},
  year = {2016},
  pages = {785--794},
  publisher = {ACM},
}

@inproceedings{cho2014learning,
  author = {Cho, Kyunghyun and et al.},
  title = {Learning Phrase Representations using RNN Encoder-Decoder for Statistical Machine Translation},
  booktitle = {Proc. of the 2014 Conference on Empirical Methods in Natural Language Processing (EMNLP)},
  year = {2014},
  pages = {1724--1734},
}

@article{feng2020deep,
title={Deep-learning architecture for PM2.5 concentration prediction: A review},
  author={Zhou, S. and et al.},
  journal={Environmental Science and Ecotechnology},
  volume={22},
  pages={1000140},
  year={2024},
  publisher={Elsevier}
}

@Article{gmd-10-1703-2017,
AUTHOR = {Appel, K. and et al.},
TITLE = {Description and evaluation of the Community Multiscale Air Quality (CMAQ) modeling system version 5.1},
JOURNAL = {Geoscientific Model Development},
VOLUME = {10},
YEAR = {2017},
NUMBER = {4},
PAGES = {1703--1732},

}

@Article{gmd-10-2971-2017,
AUTHOR = {Baklanov, A. and et al.},
TITLE = {Enviro-HIRLAM online integrated meteorology--chemistry modelling system:
strategy, methodology, developments and applications (v7.2)},
JOURNAL = {Geoscientific Model Development},
VOLUME = {10},
YEAR = {2017},
NUMBER = {8},
PAGES = {2971--2999},
}

@inproceedings{hochreiter1997long,
  author = {Hochreiter, Sepp and Schmidhuber, Jürgen},
  title = {Long Short-Term Memory},
  booktitle = {Neural Computation},
  year = {1997},
  volume = {9},
  pages = {1735--1780},

}

@inproceedings{li2018dcrnn,
  title={Diffusion convolutional recurrent neural network: Data-driven traffic forecasting},
  author={Li, Yaguang and et al.},
  journal={arXiv preprint arXiv:1707.01926},
  year={2017},
  archivePrefix={arXiv},
  primaryClass={cs.LG},
}

@INPROCEEDINGS{sr_1,
  author={Liu, Zhi-Song and et al.},
  booktitle={2019 IEEE/CVF International Conference on Computer Vision Workshop (ICCVW)}, 
  title={Image Super-Resolution via Attention Based Back Projection Networks}, 
  year={2019},

  pages={3517-3525},
}

@ARTICLE{sr_2,
  author={Liu, Zhi-Song and et al.},
  journal={IEEE Transactions on Circuits and Systems for Video Technology}, 
  title={Photo-Realistic Image Super-Resolution via Variational Autoencoders}, 
  year={2021},
  volume={31},
  number={4},
  pages={1351-1365},
}

@InProceedings{sr_3,
    author    = {Liu, Zhi-Song and et al.},
    title     = {Variational AutoEncoder for Reference Based Image Super-Resolution},
    booktitle = {Proceedings of the IEEE/CVF Conference on Computer Vision and Pattern Recognition (CVPR) Workshops},
    month     = {June},
    year      = {2021},
    pages     = {516-525}
}

@InProceedings{sr_4,
author = {Liu, Zhi-Song and et al.},
title = {Unsupervised Real Image Super-Resolution via Generative Variational AutoEncoder},
booktitle = {Proceedings of the IEEE/CVF Conference on Computer Vision and Pattern Recognition (CVPR) Workshops},
month = {June},
year = {2020}
}

@inproceedings{vaswani2017attention,
  author = {Vaswani, Ashish and et al.},
  title = {Attention Is All You Need},
  booktitle = {Proc. of NeurIPS},
  year = {2017},
  pages = {5998--6008},
}

@article{xu2020spatio,
  title={Spatial-Temporal Transformer Networks for Traffic Flow Forecasting},
  author={Xu, Ming and et al.},
  journal={arXiv preprint arXiv:2001.02908},
  year={2020},
  archivePrefix={arXiv},
  primaryClass={cs.LG},
}

@article{xu2021long,
  title={Air Pollutant Concentration Forecasting Using Long Short‐Term Memory Based on Wavelet Transform and Information Gain: A Case Study of Beijing},
  author={Liu Bingchun and et al.},
  journal={Computational Intelligence and Neuroscience},
  volume={2020},
  pages={8834699},
  year={2020},
  publisher={Hindawi},
}

@article{yan2018spatial,
  author = {Yan, Shengnan and et al.},
  title = {Spatial Temporal Graph Convolutional Networks for Skeleton-Based Action Recognition},
  journal = {Proc. of AAAI},
  year = {2018},
}

@article{yang2020hybrid,
  title={Apply a deep learning hybrid model optimized by an Improved Chimp Optimization Algorithm in PM2.5 prediction},
  author={Wei, Ming and et al.},
  journal={Machine Learning with Applications},
  volume={19},
  pages={100624},
  year={2025},
  publisher={Elsevier}
}

@article{zhang2021review,
  title={Advancements in machine learning for spatiotemporal urban on-road traffic-air quality study: A review},
  author={Du, Zhanxia and et al.},
  journal={Atmospheric Environment},
  volume={346},
  pages={121054},
  year={2025},
  publisher={Elsevier}
}

@article{zhao2022attention,
 title={Machine Learning and Deep Learning for Air Pollution Forecasting: A Review},
  author={Bashir, O. and et al.},
  journal={Sustainable Agriculture, Agriculture, and Ecosystem Modeling},
  year={2024},
  publisher={Google Books},
}

