\usepackage{setspace}
\setstretch{0.8} % Diminue l'espacement entre les références
@String(PAMI = {IEEE Trans. Pattern Anal. Mach. Intell.})
@String(IJCV = {Int. J. Comput. Vis.})
@String(CVPR= {IEEE Conf. Comput. Vis. Pattern Recog.})
@String(ICCV= {Int. Conf. Comput. Vis.})
@String(ECCV= {Eur. Conf. Comput. Vis.})
@String(NIPS= {Adv. Neural Inform. Process. Syst.})
@String(ICPR = {Int. Conf. Pattern Recog.})
@String(BMVC= {Brit. Mach. Vis. Conf.})
@String(TOG= {ACM Trans. Graph.})
@String(TIP  = {IEEE Trans. Image Process.})
@String(TVCG  = {IEEE Trans. Vis. Comput. Graph.})
@String(TMM  = {IEEE Trans. Multimedia})
@String(ACMMM= {ACM Int. Conf. Multimedia})
@String(ICME = {Int. Conf. Multimedia and Expo})
@String(ICASSP=	{ICASSP})
@String(ICIP = {IEEE Int. Conf. Image Process.})
@String(ACCV  = {ACCV})
@String(ICLR = {Int. Conf. Learn. Represent.})
@String(IJCAI = {IJCAI})
@String(PR   = {Pattern Recognition})
@String(AAAI = {AAAI})
@String(CVPRW= {IEEE Conf. Comput. Vis. Pattern Recog. Worksh.})
@String(CSVT = {IEEE Trans. Circuit Syst. Video Technol.})

@String(SPL	= {IEEE Sign. Process. Letters})
@String(VR   = {Vis. Res.})
@String(JOV	 = {J. Vis.})
@String(TVC  = {The Vis. Comput.})
@String(JCST  = {J. Comput. Sci. Tech.})
@String(CGF  = {Comput. Graph. Forum})
@String(CVM = {Computational Visual Media})

@INPROCEEDINGS{hbpn,
  author={Liu, Zhi-Song and et al.},
  booktitle=CVPR, 
  title={Hierarchical Back Projection Network for Image Super-Resolution}, 
  year={2019},
  pages={2041-2050},
}

@INPROCEEDINGS{abpn,
  author={Liu, Zhi-Song and et al.},
  booktitle=ICCV, 
  title={Image Super-Resolution via Attention Based Back Projection Networks}, 
  year={2019},

  pages={3517-3525},
}

@Article{Luo2021,
AUTHOR = {Luo, Mei and et al.},
TITLE = {Characteristics and Health Risk Assessment of PM2.5-Bound PAHs during Heavy Air Pollution Episodes in Winter in Urban Area of Beijing, China},
JOURNAL = {Atmosphere},
VOLUME = {12},
YEAR = {2021},
NUMBER = {3},
ARTICLE-NUMBER = {323},
}

@article{Lelieveld2020,
    author = {Lelieveld, Jos and et al.},
    title = {Loss of life expectancy from air pollution compared to other risk factors: a worldwide perspective},
    journal = {Cardiovascular Research},
    volume = {116},
    number = {11},
    pages = {1910-1917},
    year = {2020},
    month = {03},
}

@article{Foreback2025_PREPRINT,
title = {Severe haze episodes in Beijing may be influenced by emissions in far western China},
author = {Foreback, Benjamin  and et al.},
year = {2024},
month = {dec},
journal = {Air quality, atmosphere \& health},
issn = {1873-9318},
}

@Inbook{Baklanov2011,
author={Baklanov, Alexander},
title={Introduction -- Integrated Systems: On-line and Off-line Coupling of Meteorological and Air Quality Models, Advantages and Disadvantages},
bookTitle={Integrated Systems of Meso-Meteorological and Chemical Transport Models},
year={2011},
pages={1--11},
}



@Article{acp-22-5265-2022,
AUTHOR = {Gao, C. and et al.},
TITLE = {Two-way coupled meteorology and air quality models in Asia: a systematic
review and meta-analysis of impacts of aerosol feedbacks on meteorology and
air quality},
JOURNAL = {Atmospheric Chemistry and Physics},
VOLUME = {22},
YEAR = {2022},
NUMBER = {8},
PAGES = {5265--5329},
}


@Article{gmd-10-2971-2017,
AUTHOR = {Baklanov, A. and et al.},
TITLE = {Enviro-HIRLAM online integrated meteorology--chemistry modelling system:
strategy, methodology, developments and applications (v7.2)},
JOURNAL = {Geoscientific Model Development},
VOLUME = {10},
YEAR = {2017},
NUMBER = {8},
PAGES = {2971--2999},
}

@Article{Kulmala2015,
author={Kulmala, Markku},
title={Atmospheric chemistry: China's choking cocktail},
journal={Nature},
year={2015},
month={Oct},
volume={526},
number={7574},
pages={497-499},
issn={1476-4687},
}

@Article{Pichelstorfer2024,
author ="Pichelstorfer, Lukas and et al.",
title  ="Towards automated inclusion of autoxidation chemistry in models: from precursors to atmospheric implications",
journal  ="Environ. Sci.: Atmos.",
year  ="2024",
volume  ="4",
issue  ="8",
pages  ="879-896",
publisher  ="RSC",
}



@article{ZENG2019329,
title = {Air pollution reduction in China: Recent success but great challenge for the future},
journal = {Science of The Total Environment},
volume = {663},
pages = {329-337},
year = {2019},
issn = {0048-9697},
author = {Yingying, Zeng and et al.},
}




@article{SONG2017334,
title = {Air pollution in China: Status and spatiotemporal variations},
journal = {Environmental Pollution},
volume = {227},
pages = {334-347},
year = {2017},
issn = {0269-7491},
author = {Congbo, Song and et al.},
}

@article{NI2018550,
title = {Assessment of winter air pollution episodes using long-range transport modeling in Hangzhou, China, during World Internet Conference, 2015},
journal = {Environmental Pollution},
volume = {236},
pages = {550-561},
year = {2018},
issn = {0269-7491},
author = {Zhi-zhen, Ni and et al.},
}

@article{WANG20122,
title = {Air quality management in China: Issues, challenges, and options},
journal = {Journal of Environmental Sciences},
volume = {24},
number = {1},
pages = {2-13},
year = {2012},
issn = {1001-0742},
author = {Shuxiao Wang and Jiming Hao},
}

@article{SOFIEV2006674,
title = {A dispersion modelling system SILAM and its evaluation against ETEX data},
journal = {Atmospheric Environment},
volume = {40},
number = {4},
pages = {674-685},
year = {2006},
issn = {1352-2310},
author = {M. Sofiev and et al.},
}

@article{FANG200979,
title = {Managing air quality in a rapidly developing nation: China},
journal = {Atmospheric Environment},
volume = {43},
number = {1},
pages = {79-86},
year = {2009},
note = {Atmospheric Environment - Fifty Years of Endeavour},
issn = {1352-2310},
author = {Ming Fang and Chak K. Chan and Xiaohong Yao},
}

@article{JI2012338,
title = {Analysis of heavy pollution episodes in selected cities of northern China},
journal = {Atmospheric Environment},
volume = {50},
pages = {338-348},
year = {2012},
issn = {1352-2310},
author = {Dongsheng Ji and et al.},
}



@article{TAO2016100,
title = {Spatial oscillation of the particle pollution in eastern China during winter: Implications for regional air quality and climate},
journal = {Atmospheric Environment},
volume = {144},
pages = {100-110},
year = {2016},
issn = {1352-2310},
author = {Minghui, Tao and et al.},
}



@article{Ma02112023,
author = {Qingxin, Ma and et al.},
title = {A review on the heterogeneous oxidation of SO2 on solid atmospheric particles: Implications for sulfate formation in haze chemistry},
journal = {Critical Reviews in Environmental Science and Technology},
volume = {53},
number = {21},
pages = {1888--1911},
year = {2023},
}

@article{Foreback02042024,
author = {Foreback, B. and et al.},
title = {A new implementation of FLEXPART with Enviro-HIRLAM meteorological input, and a case study during a heavy air pollution event},
journal = {Big Earth Data},
volume = {8},
number = {2},
pages = {397--434},
year = {2024},
publisher = {Taylor \& Francis},
}

@Misc{Peckham2012,
author={Peckham, Steven E. (Steven Elbert)},
title={WRF/Chem version 3.3 user's guide},
year={2012},
abstract={Steven E. Peckham ... [et al.].},
note={Technical Memorandum},
}

@Article{Wu2018,
author={Wu, Huangjian, et al.},
title={Probabilistic Automatic Outlier Detection for Surface Air Quality Measurements from the China National Environmental Monitoring Network},
journal={Advances in Atmospheric Sciences},
year={2018},
month={Dec},
day={01},
volume={35},
number={12},
pages={1522-1532},
issn={1861-9533},
}

@misc{WHO2024,
  author={{WHO (World Health Organization)}},
  title = {Air quality, energy and health: Health impacts.},
  note = {Accessed: 2025-01-27}
}

@misc{WHO2025,
  author={{WHO (World Health Organization)}},
  title = {Air Pollution},
  note = {Accessed: 2025-01-27}
}

@misc{OECD2016,
  author={{OECD (Organisation for Economic Co-operation and Development)}},
  title = {Air Pollution},

}

@Article{gmd-10-1703-2017,
AUTHOR = {Appel, K. and et al.},
TITLE = {Description and evaluation of the Community Multiscale Air Quality (CMAQ) modeling system version 5.1},
JOURNAL = {Geoscientific Model Development},
VOLUME = {10},
YEAR = {2017},
NUMBER = {4},
PAGES = {1703--1732},

}
@inproceedings{hochreiter1997long,
  author = {Hochreiter, Sepp and Schmidhuber, Jürgen},
  title = {Long Short-Term Memory},
  booktitle = {Neural Computation},
  year = {1997},
  volume = {9},
  pages = {1735--1780},

}

@inproceedings{cho2014learning,
  author = {Cho, Kyunghyun and et al.},
  title = {Learning Phrase Representations using RNN Encoder-Decoder for Statistical Machine Translation},
  booktitle = {Proc. of the 2014 Conference on Empirical Methods in Natural Language Processing (EMNLP)},
  year = {2014},
  pages = {1724--1734},
}

@article{li2021comparative,
  author = {Li, Xiaoqing and et al.},
  title = {Comparative study of deep learning models for PM2.5 prediction},
  journal = {Atmospheric Environment},
  volume = {244},
  pages = {117926},
  year = {2021},
}

@article{liang2022long,
title={Editorial: Modeling for environmental pollution and change},
  author={Wu, Qiong and et al.},
  journal={Frontiers in Environmental Science},
  volume={12},
  pages={1502134},
  year={2024},
  publisher={Frontiers},
}

@article{feng2020deep,
title={Deep-learning architecture for PM2.5 concentration prediction: A review},
  author={Zhou, S. and et al.},
  journal={Environmental Science and Ecotechnology},
  volume={22},
  pages={1000140},
  year={2024},
  publisher={Elsevier}
}

@article{zhang2021review,
  title={Advancements in machine learning for spatiotemporal urban on-road traffic-air quality study: A review},
  author={Du, Zhanxia and et al.},
  journal={Atmospheric Environment},
  volume={346},
  pages={121054},
  year={2025},
  publisher={Elsevier}
}

@inproceedings{vaswani2017attention,
  author = {Vaswani, Ashish and et al.},
  title = {Attention Is All You Need},
  booktitle = {Proc. of NeurIPS},
  year = {2017},
  pages = {5998--6008},
}

@article{zhao2022attention,
 title={Machine Learning and Deep Learning for Air Pollution Forecasting: A Review},
  author={Bashir, O. and et al.},
  journal={Sustainable Agriculture, Agriculture, and Ecosystem Modeling},
  year={2024},
  publisher={Google Books},
}

@article{yang2020hybrid,
  title={Apply a deep learning hybrid model optimized by an Improved Chimp Optimization Algorithm in PM2.5 prediction},
  author={Wei, Ming and et al.},
  journal={Machine Learning with Applications},
  volume={19},
  pages={100624},
  year={2025},
  publisher={Elsevier}
}

@article{chen2021spatiotemporal,
  title={Residual neural network with spatiotemporal attention integrated with temporal self-attention based on long short-term memory network for air pollutant concentration prediction},
  author={Li, Dong and et al.},
  journal={Atmospheric Environment},
  volume={329},
  pages={120531},
  year={2024},
  publisher={Elsevier}
}
@article{article1,
  author    = {Omer A.Alawi1},
  title     = {Temporal trends and predictive
modeling of air pollutants in Delhi:
a comparative study of artificial
intelligence models},
  journal   = {Scientific Reports},
  year      = {2024},

}

@article{article2,
  author    = {Suresh Kumar Natarajan},
  title     = {Optimized machine learning model
for air quality index prediction
in major cities in India},
  journal   = {Scientific Reports},
  year      = {2024},

}





@article{nie2022patchtst,
  author    = {Nie, Yuqi and et al.},
  title     = {A Time Series is Worth 64 Words: Long-term Forecasting with Transformers},
  journal   = {arXiv preprint arXiv:2211.14730},
  year      = {2022},
  archivePrefix = {arXiv},
  primaryClass = {cs.LG},

}



@article{chen2016xgboost,
 author = {Chen, Tianqi and et al.},
  title = {XGBoost: A Scalable Tree Boosting System},
  booktitle = {Proceedings of the 22nd ACM SIGKDD International Conference on Knowledge Discovery and Data Mining (KDD)},
  year = {2016},
  pages = {785--794},
  publisher = {ACM},
}

@inproceedings{li2018dcrnn,
  title={Diffusion convolutional recurrent neural network: Data-driven traffic forecasting},
  author={Li, Yaguang and et al.},
  journal={arXiv preprint arXiv:1707.01926},
  year={2017},
  archivePrefix={arXiv},
  primaryClass={cs.LG},
}

@article{yan2018spatial,
  author = {Yan, Shengnan and et al.},
  title = {Spatial Temporal Graph Convolutional Networks for Skeleton-Based Action Recognition},
  journal = {Proc. of AAAI},
  year = {2018},
}

@article{xu2020spatio,
  title={Spatial-Temporal Transformer Networks for Traffic Flow Forecasting},
  author={Xu, Ming and et al.},
  journal={arXiv preprint arXiv:2001.02908},
  year={2020},
  archivePrefix={arXiv},
  primaryClass={cs.LG},
}



@article{ma2020spatiotemporal,
  title={A Spatiotemporal Deep Learning Ensemble for Multi-Step PM2.5 Prediction: A Case Study of Bangkok Metropolitan Region in Thailand},
  author={Kaewbundit, Veerasit and et al.},
  journal={Atmospheric Pollution Research},
  volume={16},
  pages={102406},
  year={2025},
  publisher={Elsevier}
}

@article{jiang2021novel,
  title={Global Air Quality Index Prediction Using Integrated Spatial Observation Data and Geographics Machine Learning},
  author={Anggraini, T. S. and et al.},
  journal={Science of Remote Sensing},
  volume={5},
  pages={100197},
  year={2025},
  publisher={Elsevier}
}



@article{yao2020graph,
  title={Spatio-Temporal Feature Engineering for Deep Learning Models in Traffic Flow Forecasting},
  author={Mu, H. and et al.},
  journal={IEEE Access},
  volume={12},
  pages={31456--31472},
  year={2024},
  publisher={IEEE}
}

@article{qin2022air,
 title={Smart Air: A Spatiotemporal Attention Based Deep Learning Approach for Accurate PM2.5 and PM10 Forecasting},
  author={Rana, Ritesh and Kumar, Naveen},
  journal={Earth Systems and Environment},
  volume={8},
  pages={1--20},
  year={2024},
  publisher={Springer}
}

@article{song2022spatial,
  title={A new attention-based CNN_GRU model for spatial–temporal PM2.5 prediction},
  author={Haghbayan, Sara and et al.},
  journal={Environmental Science and Pollution Research},
  volume={31},
  pages={53140--53155},
  year={2024},
  publisher={Springer}
}

@article{xu2021long,
  title={Air Pollutant Concentration Forecasting Using Long Short‐Term Memory Based on Wavelet Transform and Information Gain: A Case Study of Beijing},
  author={Liu Bingchun and et al.},
  journal={Computational Intelligence and Neuroscience},
  volume={2020},
  pages={8834699},
  year={2020},
  publisher={Hindawi},
}



@article{chen2021spatiotemporal,
  title={Spatiotemporal air pollution prediction using hybrid deep learning models: A case study in Beijing},
  author={Chen, Xiaofeng and Liu, Jian and He, Qiang},
  journal={Atmospheric Environment},
  volume={247},
  pages={118172},
  year={2021},
  publisher={Elsevier}
}


@article{li2020deep,
 title={A State-of-the-Art Review on Machine Learning Based Municipal Waste to Energy System},
  author={Bristol, Dale Mark N. and et al.},
  journal={Cleaner Energy Systems},
  volume={9},
  pages={100143},
  year={2024},
  publisher={Elsevier}
}

@article{shi2015convolutional,
  title={Convolutional LSTM network: A machine learning approach for precipitation nowcasting},
  author={Shi, Xingjian and Chen, Zhourong and Wang, Hao and Yeung, Dit-Yan and Wong, Wai-Kin and Woo, Wang-chun},
  journal={Advances in Neural Information Processing Systems},
  volume={28},
  pages={802--810},
  year={2015}
}

@article{zhang2018deep,

  title={Deep Learning Approaches for Air Pollution Prediction: A Comprehensive Review},
  author={Hoque, A. and et al.},
  journal={Environmental Pollution Research},
  year={2025},
  publisher={Elsevier},
  }
}
}

@article{liu2019spatio,
title={Domain knowledge-enhanced multi-spatial multi-temporal PM2.5 forecasting with integrated monitoring and reanalysis data},
  author={Hu, Yuxiao and et al.},
  journal={Environment International},
  volume={192},
  pages={108997},
  year={2024},
  publisher={Elsevier}
}


@article{liang2022long,
title={Improving the Forecast Accuracy of PM2.5 Using SETAR-Tree Method: Case Study in Jakarta, Indonesia},
  author={Safira, Dinda Ayu and et al.},
  journal={Atmosphere},
  volume={16},
  number={23},
  pages={1--19},
  year={2025},
  publisher={MDPI},
}

@INPROCEEDINGS{sr_1,
  author={Liu, Zhi-Song and et al.},
  booktitle={2019 IEEE/CVF International Conference on Computer Vision Workshop (ICCVW)}, 
  title={Image Super-Resolution via Attention Based Back Projection Networks}, 
  year={2019},

  pages={3517-3525},
}

@ARTICLE{sr_2,
  author={Liu, Zhi-Song and et al.},
  journal={IEEE Transactions on Circuits and Systems for Video Technology}, 
  title={Photo-Realistic Image Super-Resolution via Variational Autoencoders}, 
  year={2021},
  volume={31},
  number={4},
  pages={1351-1365},
}

@InProceedings{sr_3,
    author    = {Liu, Zhi-Song and et al.},
    title     = {Variational AutoEncoder for Reference Based Image Super-Resolution},
    booktitle = {Proceedings of the IEEE/CVF Conference on Computer Vision and Pattern Recognition (CVPR) Workshops},
    month     = {June},
    year      = {2021},
    pages     = {516-525}
}

@InProceedings{sr_4,
author = {Liu, Zhi-Song and et al.},
title = {Unsupervised Real Image Super-Resolution via Generative Variational AutoEncoder},
booktitle = {Proceedings of the IEEE/CVF Conference on Computer Vision and Pattern Recognition (CVPR) Workshops},
month = {June},
year = {2020}
}

