@inproceedings{attentionisallyouneed,
    author = {Vaswani, Ashish and Shazeer, Noam and Parmar, Niki and Uszkoreit, Jakob and Jones, Llion and Gomez, Aidan N and Kaiser, \L{}ukasz and Polosukhin, Illia},
    booktitle = {Advances in Neural Information Processing Systems},
    title = {Attention is all you Need},
    url = {https://proceedings.neurips.cc/paper/2017/file/3f5ee243547dee91fbd053c1c4a845aa-Paper.pdf},
    year = {2017}
}

@inproceedings{
    song2022switchglat,
    title={switch-{GLAT}: Multilingual Parallel Machine Translation Via Code-Switch Decoder},
    author={Zhenqiao Song and Hao Zhou and Lihua Qian and Jingjing Xu and Shanbo Cheng and Mingxuan Wang and Lei Li},
    booktitle={International Conference on Learning Representations},
    year={2022},
    url={https://openreview.net/forum?id=5HvpvYd68b}
}

@inproceedings{gu2018nonautoregressive,
    title={Non-autoregressive neural machine translation},
    author={Jiatao Gu and James Bradbury and Caiming Xiong and Victor O.K. Li and Richard Socher},
    booktitle={International Conference on Learning Representations},
    year={2018},
    url={https://openreview.net/forum?id=B1l8BtlCb},
}


@inproceedings{kim-rush-2016-sequence,
    title = "Sequence-Level Knowledge Distillation",
    author = "Kim, Yoon  and
      Rush, Alexander M.",
    booktitle = "Proceedings of the 2016 Conference on Empirical Methods in Natural Language Processing",
    year = "2016",
    url = "https://aclanthology.org/D16-1139",
    pages = "1317--1327",
}

@inproceedings{dag,
    title={Directed Acyclic {T}ransformer for Non-Autoregressive Machine Translation},
    author={Huang, Fei and Zhou, Hao and Liu, Yang and Li, Hang and Huang, Minlie},
    booktitle = "International Conference on Machine Learning",
    year={2022},
    url={https://arxiv.org/abs/2205.07459}
}

@article{latentnat, 
    title={Latent-Variable Non-Autoregressive Neural Machine Translation with Deterministic Inference Using a Delta Posterior}, 
    url={https://ojs.aaai.org/index.php/AAAI/article/view/6413}, 
    author={Shu, Raphael and Lee, Jason and Nakayama, Hideki and Cho, Kyunghyun},
    journal={Proceedings of the AAAI Conference on Artificial Intelligence},
    year={2020},
    pages={8846-8853} 
}
    
@inproceedings{lfw,
    title = "Rejuvenating Low-Frequency Words: Making the Most of Parallel Data in Non-Autoregressive Translation",
    author = "Ding, Liang  and
      Wang, Longyue  and
      Liu, Xuebo  and
      Wong, Derek F.  and
      Tao, Dacheng  and
      Tu, Zhaopeng",
    booktitle = "Proceedings of the 59th Annual Meeting of the Association for Computational Linguistics and the 11th International Joint Conference on Natural Language Processing",
    url = "https://aclanthology.org/2021.acl-long.266",
    year = "2021",
    pages = "3431--3441",
}

@inproceedings{understandingKD,
  author    = {Chunting Zhou and
               Jiatao Gu and
               Graham Neubig},
  title     = {Understanding Knowledge Distillation in Non-autoregressive Machine Translation},
  booktitle = {International Conference on Learning Representations},
  year      = {2020},
  url       = {https://openreview.net/forum?id=BygFVAEKDH},
}

@inproceedings{bt,
    title = "Improving Neural Machine Translation Models with Monolingual Data",
    author = "Sennrich, Rico  and
      Haddow, Barry  and
      Birch, Alexandra",
    booktitle = "Proceedings of the 54th Annual Meeting of the Association for Computational Linguistics (Volume 1: Long Papers)",
    month = aug,
    year = "2016",
    url = "https://aclanthology.org/P16-1009",
    doi = "10.18653/v1/P16-1009",
    pages = "86--96",
}

@inproceedings{adapter,
    title = "Simple, Scalable Adaptation for Neural Machine Translation",
    author = "Bapna, Ankur  and
      Firat, Orhan",
    booktitle = "Proceedings of the 2019 Conference on Empirical Methods in Natural Language Processing and the 9th International Joint Conference on Natural Language Processing",
    year = "2019",
    url = "https://aclanthology.org/D19-1165",
    pages = "1538--1548"
}

@inproceedings{
    zhang2021share,
    title={Share or Not? {L}earning to Schedule Language-Specific Capacity for Multilingual Translation},
    author={Biao Zhang and Ankur Bapna and Rico Sennrich and Orhan Firat},
    booktitle={International Conference on Learning Representations},
    year={2021},
    url={https://openreview.net/forum?id=Wj4ODo0uyCF}
}

@inproceedings{zhang2020improving,
  title={Improving Massively Multilingual Neural Machine Translation and Zero-Shot Translation},
  author={Zhang, Biao and Williams, Philip and Titov, Ivan and Sennrich, Rico},
  booktitle={Proceedings of the 58th Annual Meeting of the Association for Computational Linguistics},
  pages={1628--1639},
  year={2020},
  url = "https://aclanthology.org/2020.acl-main.148"
}

@inproceedings{ghazvininejad-etal-2019-mask,
    title = "Mask-predict: Parallel decoding of conditional masked language models",
    author = "Ghazvininejad, Marjan  and
      Levy, Omer  and
      Liu, Yinhan  and
      Zettlemoyer, Luke",
    booktitle = "Proceedings of the 2019 Conference on Empirical Methods in Natural Language Processing and the 9th International Joint Conference on Natural Language Processing",
    year = "2019",
    url = "https://www.aclweb.org/anthology/D19-1633",
    pages = "6112--6121"
}



@InProceedings{imputer,
  title = 	 {Imputer: Sequence modelling via imputation and dynamic programming},
  author =       {Chan, William and Saharia, Chitwan and Hinton, Geoffrey and Norouzi, Mohammad and Jaitly, Navdeep},
  booktitle = 	 {Proceedings of the 37th International Conference on Machine Learning},
  pages = 	 {1403--1413},
  year = 	 {2020},
    pages = 	 {1403--1413},
  url = 	 {http://proceedings.mlr.press/v119/chan20b.html}
}

@inproceedings{fairseq,
    author = {Ott, Myle  and
    Edunov, Sergey  and
    Baevski, Alexei  and
    Fan, Angela  and
    Gross, Sam  and
    Ng, Nathan  and
    Grangier, David  and
    Auli, Michael},
    booktitle = {Proceedings of the 2019 Conference of the North {A}merican Chapter of the Association for Computational Linguistics (Demonstrations)},
    pages = {48--53},
    title = {{FairSeq}: A fast, extensible toolkit for sequence modeling},
    url = {https://www.aclweb.org/anthology/N19-4009},
    year = {2019}
}

@inproceedings{papineni-etal-2002-bleu,
    title = "{BLEU}: A method for automatic evaluation of machine translation",
    author = "Papineni, Kishore  and
      Roukos, Salim  and
      Ward, Todd  and
      Zhu, Wei-Jing",
    booktitle = "Proceedings of the 40th Annual Meeting of the Association for Computational Linguistics",
    year = "2002",
    url = "https://www.aclweb.org/anthology/P02-1040",
    pages = "311--318",
}

@inproceedings{
cmlmc,
title={Improving Non-Autoregressive Translation Models Without Distillation},
author={Xiao Shi Huang and Felipe Perez and Maksims Volkovs},
booktitle={International Conference on Learning Representations},
year={2022},
url={https://openreview.net/forum?id=I2Hw58KHp8O}
}

@inproceedings{saharia-etal-2020-non,
    title = "Non-autoregressive machine translation with latent alignments",
    author = "Saharia, Chitwan  and
      Chan, William  and
      Saxena, Saurabh  and
      Norouzi, Mohammad",
    booktitle = "Proceedings of the 2020 Conference on Empirical Methods in Natural Language Processing",
    year = "2020",
    url = "https://www.aclweb.org/anthology/2020.emnlp-main.83",
    pages = "1098--1108"
}


@inproceedings{lev-transformer,
 author = {Gu, Jiatao and Wang, Changhan and Zhao, Junbo},
 booktitle = {Advances in Neural Information Processing Systems},
 title = {Levenshtein Transformer},
 url = {https://proceedings.neurips.cc/paper/2019/file/675f9820626f5bc0afb47b57890b466e-Paper.pdf},
 year = {2019}
}

@inproceedings{firat-etal-2016-multi,
    title = "Multi-Way, Multilingual Neural Machine Translation with a Shared Attention Mechanism",
    author = "Firat, Orhan  and
      Cho, Kyunghyun  and
      Bengio, Yoshua",
    booktitle = "Proceedings of the 2016 Conference of the North {A}merican Chapter of the Association for Computational Linguistics: Human Language Technologies",
    year = "2016",
    url = "https://aclanthology.org/N16-1101",
    pages = "866--875",
}

@article{johnson-etal-2017-googles,
    title = "{G}oogle{'}s Multilingual Neural Machine Translation System: Enabling Zero-Shot Translation",
    author = "Johnson, Melvin  and
      Schuster, Mike  and
      Le, Quoc V.  and
      Krikun, Maxim  and
      Wu, Yonghui  and
      Chen, Zhifeng  and
      Thorat, Nikhil  and
      Vi{\'e}gas, Fernanda  and
      Wattenberg, Martin  and
      Corrado, Greg  and
      Hughes, Macduff  and
      Dean, Jeffrey",
    journal = "Transactions of the Association for Computational Linguistics",
    year = "2017",
    url = "https://aclanthology.org/Q17-1024",
    pages = "339--351"
}

@inproceedings{al-shedivat-parikh-2019-consistency,
    title = "Consistency by Agreement in Zero-Shot Neural Machine Translation",
    author = "Al-Shedivat, Maruan  and
      Parikh, Ankur",
    booktitle = "Proceedings of the 2019 Conference of the North {A}merican Chapter of the Association for Computational Linguistics: Human Language Technologies, Volume 1 (Long and Short Papers)",
    month = jun,
    year = "2019",
    url = "https://aclanthology.org/N19-1121",
    pages = "1184--1197",
}

@inproceedings{Kitaev2020Reformer,
    title={Reformer: The Efficient Transformer},
    author={Nikita Kitaev and Lukasz Kaiser and Anselm Levskaya},
    booktitle={International Conference on Learning Representations},
    year={2020},
    url={https://openreview.net/forum?id=rkgNKkHtvB}
}

@inproceedings{dslp,
  title={Non-autoregressive translation with layer-wise prediction and deep supervision},
  author={Huang, Chenyang and Zhou, Hao and Za{\"\i}ane, Osmar R and Mou, Lili and Li, Lei},
  booktitle={Proceedings of the AAAI Conference on Artificial Intelligence},
  pages={10776--10784},
  year={2022},
  url={https://aclanthology.org/P19-1121}
}

@inproceedings{pointer-network,
     author = {Vinyals, Oriol and Fortunato, Meire and Jaitly, Navdeep},
     booktitle = {Advances in Neural Information Processing Systems},
     title = {Pointer Networks},
     url = {https://proceedings.neurips.cc/paper/2015/file/29921001f2f04bd3baee84a12e98098f-Paper.pdf},
     year = {2015}
}


@inproceedings{wu-etal-2021-language,
    title = "Language Tags Matter for Zero-Shot Neural Machine Translation",
    author = "Wu, Liwei  and
      Cheng, Shanbo  and
      Wang, Mingxuan  and
      Li, Lei",
    booktitle = "Findings of the Association for Computational Linguistics: ACL-IJCNLP",
    year = "2021",
    url = "https://aclanthology.org/2021.findings-acl.264",
    pages = "3001--3007",
}

@inproceedings{pham-etal-2019-improving,
    title = "Improving Zero-shot Translation with Language-Independent Constraints",
    author = "Pham, Ngoc-Quan  and
      Niehues, Jan  and
      Ha, Thanh-Le  and
      Waibel, Alexander",
    booktitle = "Proceedings of the Fourth Conference on Machine Translation (Volume 1: Research Papers)",
    year = "2019",
    url = "https://aclanthology.org/W19-5202",
    pages = "13--23"
}


@inproceedings{disentangle-pos,
    title = "Improving Zero-Shot Translation by Disentangling Positional Information",
    author = "Liu, Danni  and
      Niehues, Jan  and
      Cross, James  and
      Guzm{\'a}n, Francisco  and
      Li, Xian",
    booktitle = "Proceedings of the 59th Annual Meeting of the Association for Computational Linguistics and the 11th International Joint Conference on Natural Language Processing (Volume 1: Long Papers)",
    year = "2021",
    pages = "1259--1273",
    url = "https://aclanthology.org/2021.acl-long.101",
}


@inproceedings{qian-etal-2021-glancing,
    title = "Glancing Transformer for Non-Autoregressive Neural Machine Translation",
    author = "Qian, Lihua  and
      Zhou, Hao  and
      Bao, Yu  and
      Wang, Mingxuan  and
      Qiu, Lin  and
      Zhang, Weinan  and
      Yu, Yong  and
      Li, Lei",
    booktitle = "Proceedings of the 59th Annual Meeting of the Association for Computational Linguistics and the 11th International Joint Conference on Natural Language Processing (Volume 1: Long Papers)",
    month = aug,
    year = "2021",
    url = "https://aclanthology.org/2021.acl-long.155",
    pages = "1993--2003"
}

@inproceedings{stern,
    title = 	 {Insertion Transformer: Flexible sequence generation via insertion operations},
    author =       {Stern, Mitchell and Chan, William and Kiros, Jamie and Uszkoreit, Jakob},
    booktitle = 	 {Proceedings of the International Conference on Machine Learning},
    pages = 	 {5976--5985},
    year = 	 {2019},
    url = 	 {http://proceedings.mlr.press/v97/stern19a.html},
}

@inproceedings{gu-kong-2021-fully,
    title = "Fully non-autoregressive neural machine translation: Tricks of the trade",
    author = "Gu, Jiatao  and
      Kong, Xiang",
    booktitle = "Findings of the Association for Computational Linguistics: ACL-IJCNLP",
    year = "2021",
    url = "https://aclanthology.org/2021.findings-acl.11",
    pages = "120--133",
}

@inproceedings{seq2seq,
  author    = {Ilya Sutskever and
               Oriol Vinyals and
               Quoc V. Le},
  editor    = {Zoubin Ghahramani and
               Max Welling and
               Corinna Cortes and
               Neil D. Lawrence and
               Kilian Q. Weinberger},
  title     = {Sequence to Sequence Learning with Neural Networks},
  booktitle = {Advances in Neural Information Processing Systems},
  pages     = {3104--3112},
  year      = {2014},
  url       = {https://proceedings.neurips.cc/paper/2014/hash/a14ac55a4f27472c5d894ec1c3c743d2-Abstract.html},
}



@inproceedings{li-etal-2019-understanding,
    title = "Understanding Data Augmentation in Neural Machine Translation: Two Perspectives towards Generalization",
    author = "Li, Guanlin  and
      Liu, Lemao  and
      Huang, Guoping  and
      Zhu, Conghui  and
      Zhao, Tiejun",
    booktitle = "Proceedings of the 2019 Conference on Empirical Methods in Natural Language Processing and the 9th International Joint Conference on Natural Language Processing",
    year = "2019",
    url = "https://aclanthology.org/D19-1570",
    pages = "5689--5695",
}

@inproceedings{edunov-etal-2018-understanding,
    title = "Understanding Back-Translation at Scale",
    author = "Edunov, Sergey  and
      Ott, Myle  and
      Auli, Michael  and
      Grangier, David",
    booktitle = "Proceedings of the 2018 Conference on Empirical Methods in Natural Language Processing",
    year = "2018",
    url = "https://aclanthology.org/D18-1045",
    pages = "489--500"
}


@inproceedings{pivot,
  author    = {Yong Cheng and
               Qian Yang and
               Yang Liu and
               Maosong Sun and
               Wei Xu},
  title     = {Joint Training for Pivot-based Neural Machine Translation},
  booktitle = {Proceedings of the Twenty-Sixth International Joint Conference on
               Artificial Intelligence},
  pages     = {3974--3980},
  year      = {2017},
  url       = {https://doi.org/10.24963/ijcai.2017/555},
}

@inproceedings{dyer-etal-2013-simple,
    title = "A Simple, Fast, and Effective Reparameterization of {IBM} {M}odel 2",
    author = "Dyer, Chris  and
      Chahuneau, Victor  and
      Smith, Noah A.",
    booktitle = "Proceedings of the 2013 Conference of the North {A}merican Chapter of the Association for Computational Linguistics: Human Language Technologies",
    year = "2013",
    url = "https://aclanthology.org/N13-1073",
    pages = "644--648",
}



@article{encreg,
  title={The missing ingredient in zero-shot neural machine translation},
  author={Arivazhagan, Naveen and Bapna, Ankur and Firat, Orhan and Aharoni, Roee and Johnson, Melvin and Macherey, Wolfgang},
  journal={arXiv preprint arXiv:1903.07091},
    url       = {http://arxiv.org/abs/1903.07091},

  year={2019}
}

@article{m100,
  author    = {Angela Fan and
               Shruti Bhosale and
               Holger Schwenk and
               Zhiyi Ma and
               Ahmed El{-}Kishky and
               Siddharth Goyal and
               Mandeep Baines and
               Onur Celebi and
               Guillaume Wenzek and
               Vishrav Chaudhary and
               Naman Goyal and
               Tom Birch and
               Vitaliy Liptchinsky and
               Sergey Edunov and
               Michael Auli and
               Armand Joulin},
  title     = {Beyond English-Centric Multilingual Machine Translation},
  journal   = {Journal of Machine Learning Research},
  volume    = {22},
  pages     = {107:1--107:48},
  year      = {2021},
  url       = {http://jmlr.org/papers/v22/20-1307.html},
}

@inproceedings{aharoni-etal-2019-massively,
    title = "Massively Multilingual Neural Machine Translation",
    author = "Aharoni, Roee  and
      Johnson, Melvin  and
      Firat, Orhan",
    booktitle = "Proceedings of the 2019 Conference of the North {A}merican Chapter of the Association for Computational Linguistics: Human Language Technologies, Volume 1 (Long and Short Papers)",
    year = "2019",
    url = "https://aclanthology.org/N19-1388",
    pages = "3874--3884"
}


@inproceedings{Kasai0PCS21,
  author    = {Jungo Kasai and
               Nikolaos Pappas and
               Hao Peng and
               James Cross and
               Noah A. Smith},
  title     = {Deep Encoder, Shallow Decoder: Reevaluating Non-autoregressive Machine
               Translation},
  booktitle = {International Conference on Learning Representations},
  year      = {2021},
  url       = {https://openreview.net/forum?id=KpfasTaLUpq},
}

@inproceedings{chen-etal-2017-teacher,
    title = "A Teacher-Student Framework for Zero-Resource Neural Machine Translation",
    author = "Chen, Yun  and
      Liu, Yang  and
      Cheng, Yong  and
      Li, Victor O.K.",
    booktitle = "Proceedings of the 55th Annual Meeting of the Association for Computational Linguistics (Volume 1: Long Papers)",
    url = "https://aclanthology.org/P17-1176",
    pages = "1925--1935",
    year = "2017"
}

@inproceedings{gu-etal-2019-improved,
    title = "Improved Zero-shot Neural Machine Translation via Ignoring Spurious Correlations",
    author = "Gu, Jiatao  and
      Wang, Yong  and
      Cho, Kyunghyun  and
      Li, Victor O.K.",
    booktitle = "Proceedings of the 57th Annual Meeting of the Association for Computational Linguistics",
    year = "2019",
    url = "https://aclanthology.org/P19-1121",
    pages = "1258--1268"
}

@incollection{NEURIPS2019_9015,
title = {PyTorch: An Imperative Style, High-Performance Deep Learning Library},
author = {Paszke, Adam and Gross, Sam and Massa, Francisco and Lerer, Adam and Bradbury, James and Chanan, Gregory and Killeen, Trevor and Lin, Zeming and Gimelshein, Natalia and Antiga, Luca and Desmaison, Alban and Kopf, Andreas and Yang, Edward and DeVito, Zachary and Raison, Martin and Tejani, Alykhan and Chilamkurthy, Sasank and Steiner, Benoit and Fang, Lu and Bai, Junjie and Chintala, Soumith},
booktitle = {Advances in Neural Information Processing Systems},
pages = {8024--8035},
year = {2019},
url = {http://papers.neurips.cc/paper/9015-pytorch-an-imperative-style-high-performance-deep-learning-library.pdf}
}



@inproceedings{post-2018-call,
  title = "A Call for Clarity in Reporting {BLEU} Scores",
  author = "Post, Matt",
  booktitle = "Proceedings of the Third Conference on Machine Translation: Research Papers",
  month = oct,
  year = "2018",
  url = "https://www.aclweb.org/anthology/W18-6319",
  pages = "186--191",
}

@inproceedings{BahdanauCB14,
  author       = {Dzmitry Bahdanau and
                  Kyunghyun Cho and
                  Yoshua Bengio},
  editor       = {Yoshua Bengio and
                  Yann LeCun},
  title        = {Neural Machine Translation by Jointly Learning to Align and Translate},
  booktitle    = {International Conference on Learning Representations},
  year         = {2015},
  url          = {http://arxiv.org/abs/1409.0473},
}

@article{liu2022character,
  title={A character-level length-control algorithm for non-autoregressive sentence summarization},
  author={Liu, Puyuan and Zhang, Xiang and Mou, Lili},
  journal={Advances in Neural Information Processing Systems},
  pages={29101--29112},
  year={2022},
  url={https://proceedings.neurips.cc/paper_files/paper/2022/hash/bb0f9af6a4881ccb6e14c11b8b4be710-Abstract-Conference.html}
}


@inproceedings{liu2022learning,
    title = "Learning Non-Autoregressive Models from Search for Unsupervised Sentence Summarization",
    author = "Liu, Puyuan  and
      Huang, Chenyang  and
      Mou, Lili",
    booktitle = "Proceedings of the 60th Annual Meeting of the Association for Computational Linguistics (Volume 1: Long Papers)",
    month = may,
    year = "2022",
    url = "https://aclanthology.org/2022.acl-long.545",
    pages = "7916--7929",
}

@inproceedings{su-etal-2021-non,
    title = "Non-Autoregressive Text Generation with Pre-trained Language Models",
    author = "Su, Yixuan  and
      Cai, Deng  and
      Wang, Yan  and
      Vandyke, David  and
      Baker, Simon  and
      Li, Piji  and
      Collier, Nigel",
    booktitle = "Proceedings of the 16th Conference of the European Chapter of the Association for Computational Linguistics: Main Volume",
    month = apr,
    year = "2021",
    url = "https://aclanthology.org/2021.eacl-main.18",
    pages = "234--243",
}

@inproceedings{qi2021bang,
  title={Bang: Bridging autoregressive and non-autoregressive generation with large scale pretraining},
  author={Qi, Weizhen and Gong, Yeyun and Jiao, Jian and Yan, Yu and Chen, Weizhu and Liu, Dayiheng and Tang, Kewen and Li, Houqiang and Chen, Jiusheng and Zhang, Ruofei and others},
  booktitle={International Conference on Machine Learning},
  pages={8630--8639},
  year={2021},
  url={http://proceedings.mlr.press/v139/qi21a.html}
}

@inproceedings{zou-etal-2021-thinking,
    title = "Thinking Clearly, Talking Fast: Concept-Guided Non-Autoregressive Generation for Open-Domain Dialogue Systems",
    author = "Zou, Yicheng  and
      Liu, Zhihua  and
      Hu, Xingwu  and
      Zhang, Qi",
    booktitle = "Proceedings of the 2021 Conference on Empirical Methods in Natural Language Processing",
    month = nov,
    year = "2021",
    url = "https://aclanthology.org/2021.emnlp-main.169",
    pages = "2215--2226",
}