@inproceedings{bt,
    title = "Improving Neural Machine Translation Models with Monolingual Data",
    author = "Sennrich, Rico  and
      Haddow, Barry  and
      Birch, Alexandra",
    booktitle = "Proceedings of the 54th Annual Meeting of the Association for Computational Linguistics (Volume 1: Long Papers)",
    month = aug,
    year = "2016",
    url = "https://aclanthology.org/P16-1009",
    doi = "10.18653/v1/P16-1009",
    pages = "86--96",
}

@inproceedings{dag,
    title={Directed Acyclic {T}ransformer for Non-Autoregressive Machine Translation},
    author={Huang, Fei and Zhou, Hao and Liu, Yang and Li, Hang and Huang, Minlie},
    booktitle = "International Conference on Machine Learning",
    year={2022},
    url={https://arxiv.org/abs/2205.07459}
}

@inproceedings{dslp,
  title={Non-autoregressive translation with layer-wise prediction and deep supervision},
  author={Huang, Chenyang and Zhou, Hao and Za{\"\i}ane, Osmar R and Mou, Lili and Li, Lei},
  booktitle={Proceedings of the AAAI Conference on Artificial Intelligence},
  pages={10776--10784},
  year={2022},
  url={https://aclanthology.org/P19-1121}
}

@inproceedings{ghazvininejad-etal-2019-mask,
    title = "Mask-predict: Parallel decoding of conditional masked language models",
    author = "Ghazvininejad, Marjan  and
      Levy, Omer  and
      Liu, Yinhan  and
      Zettlemoyer, Luke",
    booktitle = "Proceedings of the 2019 Conference on Empirical Methods in Natural Language Processing and the 9th International Joint Conference on Natural Language Processing",
    year = "2019",
    url = "https://www.aclweb.org/anthology/D19-1633",
    pages = "6112--6121"
}

@inproceedings{gu-kong-2021-fully,
    title = "Fully non-autoregressive neural machine translation: Tricks of the trade",
    author = "Gu, Jiatao  and
      Kong, Xiang",
    booktitle = "Findings of the Association for Computational Linguistics: ACL-IJCNLP",
    year = "2021",
    url = "https://aclanthology.org/2021.findings-acl.11",
    pages = "120--133",
}

@inproceedings{gu2018nonautoregressive,
    title={Non-autoregressive neural machine translation},
    author={Jiatao Gu and James Bradbury and Caiming Xiong and Victor O.K. Li and Richard Socher},
    booktitle={International Conference on Learning Representations},
    year={2018},
    url={https://openreview.net/forum?id=B1l8BtlCb},
}

@inproceedings{kim-rush-2016-sequence,
    title = "Sequence-Level Knowledge Distillation",
    author = "Kim, Yoon  and
      Rush, Alexander M.",
    booktitle = "Proceedings of the 2016 Conference on Empirical Methods in Natural Language Processing",
    year = "2016",
    url = "https://aclanthology.org/D16-1139",
    pages = "1317--1327",
}

@article{liu2022character,
  title={A character-level length-control algorithm for non-autoregressive sentence summarization},
  author={Liu, Puyuan and Zhang, Xiang and Mou, Lili},
  journal={Advances in Neural Information Processing Systems},
  pages={29101--29112},
  year={2022},
  url={https://proceedings.neurips.cc/paper_files/paper/2022/hash/bb0f9af6a4881ccb6e14c11b8b4be710-Abstract-Conference.html}
}

@inproceedings{liu2022learning,
    title = "Learning Non-Autoregressive Models from Search for Unsupervised Sentence Summarization",
    author = "Liu, Puyuan  and
      Huang, Chenyang  and
      Mou, Lili",
    booktitle = "Proceedings of the 60th Annual Meeting of the Association for Computational Linguistics (Volume 1: Long Papers)",
    month = may,
    year = "2022",
    url = "https://aclanthology.org/2022.acl-long.545",
    pages = "7916--7929",
}

@inproceedings{pivot,
  author    = {Yong Cheng and
               Qian Yang and
               Yang Liu and
               Maosong Sun and
               Wei Xu},
  title     = {Joint Training for Pivot-based Neural Machine Translation},
  booktitle = {Proceedings of the Twenty-Sixth International Joint Conference on
               Artificial Intelligence},
  pages     = {3974--3980},
  year      = {2017},
  url       = {https://doi.org/10.24963/ijcai.2017/555},
}

@inproceedings{qi2021bang,
  title={Bang: Bridging autoregressive and non-autoregressive generation with large scale pretraining},
  author={Qi, Weizhen and Gong, Yeyun and Jiao, Jian and Yan, Yu and Chen, Weizhu and Liu, Dayiheng and Tang, Kewen and Li, Houqiang and Chen, Jiusheng and Zhang, Ruofei and others},
  booktitle={International Conference on Machine Learning},
  pages={8630--8639},
  year={2021},
  url={http://proceedings.mlr.press/v139/qi21a.html}
}

@inproceedings{qian-etal-2021-glancing,
    title = "Glancing Transformer for Non-Autoregressive Neural Machine Translation",
    author = "Qian, Lihua  and
      Zhou, Hao  and
      Bao, Yu  and
      Wang, Mingxuan  and
      Qiu, Lin  and
      Zhang, Weinan  and
      Yu, Yong  and
      Li, Lei",
    booktitle = "Proceedings of the 59th Annual Meeting of the Association for Computational Linguistics and the 11th International Joint Conference on Natural Language Processing (Volume 1: Long Papers)",
    month = aug,
    year = "2021",
    url = "https://aclanthology.org/2021.acl-long.155",
    pages = "1993--2003"
}

@inproceedings{stern,
    title = 	 {Insertion Transformer: Flexible sequence generation via insertion operations},
    author =       {Stern, Mitchell and Chan, William and Kiros, Jamie and Uszkoreit, Jakob},
    booktitle = 	 {Proceedings of the International Conference on Machine Learning},
    pages = 	 {5976--5985},
    year = 	 {2019},
    url = 	 {http://proceedings.mlr.press/v97/stern19a.html},
}

@inproceedings{su-etal-2021-non,
    title = "Non-Autoregressive Text Generation with Pre-trained Language Models",
    author = "Su, Yixuan  and
      Cai, Deng  and
      Wang, Yan  and
      Vandyke, David  and
      Baker, Simon  and
      Li, Piji  and
      Collier, Nigel",
    booktitle = "Proceedings of the 16th Conference of the European Chapter of the Association for Computational Linguistics: Main Volume",
    month = apr,
    year = "2021",
    url = "https://aclanthology.org/2021.eacl-main.18",
    pages = "234--243",
}

@inproceedings{zhang2020improving,
  title={Improving Massively Multilingual Neural Machine Translation and Zero-Shot Translation},
  author={Zhang, Biao and Williams, Philip and Titov, Ivan and Sennrich, Rico},
  booktitle={Proceedings of the 58th Annual Meeting of the Association for Computational Linguistics},
  pages={1628--1639},
  year={2020},
  url = "https://aclanthology.org/2020.acl-main.148"
}

@inproceedings{zou-etal-2021-thinking,
    title = "Thinking Clearly, Talking Fast: Concept-Guided Non-Autoregressive Generation for Open-Domain Dialogue Systems",
    author = "Zou, Yicheng  and
      Liu, Zhihua  and
      Hu, Xingwu  and
      Zhang, Qi",
    booktitle = "Proceedings of the 2021 Conference on Empirical Methods in Natural Language Processing",
    month = nov,
    year = "2021",
    url = "https://aclanthology.org/2021.emnlp-main.169",
    pages = "2215--2226",
}

