 @article{llm_critics,
   title={LLM Critics Help Catch LLM Bugs},
   author={Nat McAleese and Rai Michael Pokorny and Juan Felipe Cer'on Uribe and Evgenia Nitishinskaya and Maja Trebacz and Jan Leike},
   journal={ArXiv},
   year={2024},
   volume={abs/2407.00215},
   url={https://api.semanticscholar.org/CorpusID:270844127}
}

@article{gcn_rl,
  title={GCN-RL Circuit Designer: Transferable Transistor Sizing with Graph Neural Networks and Reinforcement Learning},
  author={Hanrui Wang and Kuan Wang and Jiacheng Yang and Linxiao Shen and Nan Sun and Hae-Seung Lee and Song Han},
  journal={2020 57th ACM/IEEE Design Automation Conference (DAC)},
  year={2020},
  pages={1-6},
  url={https://api.semanticscholar.org/CorpusID:218470023}
}

@article{prl,
  title={Prioritized Reinforcement Learning for Analog Circuit Optimization With Design Knowledge},
  author={N. S. Karthik Somayaji and Hanbin Hu and Peng Li},
  journal={2021 58th ACM/IEEE Design Automation Conference (DAC)},
  year={2021},
  pages={1231-1236},
  url={https://api.semanticscholar.org/CorpusID:243915186}
}

@article{autockt,
  title={AutoCkt: Deep Reinforcement Learning of Analog Circuit Designs},
  author={Keertana Settaluri and Ameer Haj-Ali and Qijing Huang and Kourosh Hakhamaneshi and Borivoje Nikoli{\'c}},
  journal={2020 Design, Automation \& Test in Europe Conference \& Exhibition (DATE)},
  year={2020},
  pages={490-495},
  url={https://api.semanticscholar.org/CorpusID:210023627}
}

@ARTICLE{BO,
  author={Shahriari, Bobak and Swersky, Kevin and Wang, Ziyu and Adams, Ryan P. and de Freitas, Nando},
  journal={Proceedings of the IEEE}, 
  title={Taking the Human Out of the Loop: A Review of Bayesian Optimization}, 
  year={2016},
  volume={104},
  number={1},
  pages={148-175},
  doi={10.1109/JPROC.2015.2494218}}

@unknown{ado-llm,
author = {Yin, Yuxuan and Wang, Yu and Xu, Boxun and Li, Peng},
year = {2024},
month = {06},
pages = {},
title = {ADO-LLM: Analog Design Bayesian Optimization with In-Context Learning of Large Language Models},
doi = {10.48550/arXiv.2406.18770}
}

@InProceedings{batch_BO,
  title = 	 {Batch {B}ayesian Optimization via Multi-objective Acquisition Ensemble for Automated Analog Circuit Design},
  author =       {Lyu, Wenlong and Yang, Fan and Yan, Changhao and Zhou, Dian and Zeng, Xuan},
  pages = 	 {3306--3314},
  year = 	 {2018},
  editor = 	 {Jennifer Dy and Andreas Krause},
  volume = 	 {80},
  series = 	 {Proceedings of Machine Learning Research},
}

@article{parallel_BO,
  title={Parallelizable Bayesian Optimization for Analog and Mixed-Signal Rare Failure Detection with High Coverage},
  author={Hanbin Hu and Peng Li and Jianhua Z. Huang},
  journal={2018 IEEE/ACM International Conference on Computer-Aided Design (ICCAD)},
  year={2018},
  pages={1-8},
  url={https://api.semanticscholar.org/CorpusID:53223088}
}

@inproceedings{LADAC,
  title={LADAC: Large Language Model-driven Auto-Designer for Analog Circuits},
  author={Chengjie Liu and Yijiang Liu and Yuan Du and Li Du},
  url={https://api.semanticscholar.org/CorpusID:268259740}
}

@inproceedings{in_context_learning,
  title={A Survey on In-context Learning},
  author={Qingxiu Dong and Lei Li and Damai Dai and Ce Zheng and Zhiyong Wu and Baobao Chang and Xu Sun and Jingjing Xu and Zhifang Sui},
  year={2022},
  url={https://api.semanticscholar.org/CorpusID:255372865}
}

@article{chain_of_thought,
  title={Chain of Thought Prompting Elicits Reasoning in Large Language Models},
  author={Jason Wei and Xuezhi Wang and Dale Schuurmans and Maarten Bosma and Ed Huai-hsin Chi and F. Xia and Quoc Le and Denny Zhou},
  journal={ArXiv},
  year={2022},
  volume={abs/2201.11903},
  url={https://api.semanticscholar.org/CorpusID:246411621}
}

@article{ppo,
  title={Proximal Policy Optimization Algorithms},
  author={John Schulman and Filip Wolski and Prafulla Dhariwal and Alec Radford and Oleg Klimov},
  journal={ArXiv},
  year={2017},
  volume={abs/1707.06347},
  url={https://api.semanticscholar.org/CorpusID:28695052}
}

@article{analog_time_consuming,
  title={ML for Analog Design: Good Progress, but More to Do},
  author={Borivoje Nikoli{\'c}},
  journal={Proceedings of the 2022 ACM/IEEE Workshop on Machine Learning for CAD},
  year={2022},
  url={https://api.semanticscholar.org/CorpusID:252091252}
}

@book{BO_book,
  author    = {Garnett, Roman},
  title     = {{Bayesian Optimization}},
  year      = {2023},
  publisher = {Cambridge University Press}
}

@inproceedings{qEI,
  title={Fast Computation of the Multi-Points Expected Improvement with Applications in Batch Selection},
  author={Cl{\'e}ment Chevalier and David Ginsbourger},
  booktitle={Learning and Intelligent Optimization},
  year={2013},
  url={https://api.semanticscholar.org/CorpusID:3526405}
}