@ARTICLE{9406178,
  author={Hou, Bo-Jian and Zhang, Lijun and Zhou, Zhi-Hua},
  journal={IEEE Transactions on Neural Networks and Learning Systems}, 
  title={Prediction With Unpredictable Feature Evolution}, 
  year={2021},
  volume={},
  number={},
  pages={1-10},
  doi={10.1109/TNNLS.2021.3071311}
}

@article{belkin2001laplacian,
  title={Laplacian eigenmaps and spectral techniques for embedding and clustering},
  author={Belkin, Mikhail and Niyogi, Partha},
  journal={Proceedings of NeurIPS},
  volume={14},
  year={2001}
}

@inproceedings{beyazit2018learning,
  title={Learning simplified decision boundaries from trapezoidal data streams},
  author={Beyazit, Ege and Hosseini, Matin and Maida, Anthony and Wu, Xindong},
  booktitle={International Conference on Artificial Neural Networks},
  pages={508--517},
  year={2018},
  organization={Springer}
}

@inproceedings{beyazit2019online,
  title={Online learning from data streams with varying feature spaces},
  author={Beyazit, Ege and Alagurajah, Jeevithan and Wu, Xindong},
  booktitle={AAAI},
  volume={33},
  number={01},
  pages={3232--3239},
  year={2019}
}

@article{bullinaria2007extracting,
  title={Extracting semantic representations from word co-occurrence statistics: A computational study},
  author={Bullinaria, John A and Levy, Joseph P},
  journal={Behavior research methods},
  volume={39},
  pages={510--526},
  year={2007},
  publisher={Springer}
}

@article{burges2013graphical,
  title={Graphical models for inference with missing data},
  author={Mohan, Karthika and Pearl, Judea and Tian, Jin},
  journal={Advances in neural information processing systems},
  volume={26},
  year={2013}
}

@inproceedings{cao2016deep,
  title={Deep neural networks for learning graph representations},
  author={Cao, Shaosheng and Lu, Wei and Xu, Qiongkai},
  booktitle={Proceedings of AAAI},
  volume={30},
  number={1},
  year={2016}
}

@inproceedings{cui2017robust,
  title={Robust estimation of Gaussian copula causal structure from mixed data with missing values},
  author={Cui, Ruifei and Groot, Perry and Heskes, Tom},
  booktitle={ICDM},
  pages={835--840},
  year={2017},
  organization={IEEE}
}

@article{davis1967clustering,
  title={Clustering and structural balance in graphs},
  author={Davis, James A},
  journal={Human relations},
  volume={20},
  number={2},
  pages={181--187},
  year={1967},
  publisher={Sage Publications Sage CA: Thousand Oaks, CA}
}

@incollection{durante2010copula,
  title={Copula theory: an introduction},
  author={Durante, Fabrizio and Sempi, Carlo},
  booktitle={Copula theory and its applications},
  pages={3--31},
  year={2010},
  publisher={Springer}
}

@inproceedings{fan2020polynomial,
  title={Polynomial matrix completion for missing data imputation and transductive learning},
  author={Fan, Jicong and Zhang, Yuqian and Udell, Madeleine},
  booktitle={Proceedings of the AAAI Conference on Artificial Intelligence},
  volume={34},
  number={04},
  pages={3842--3849},
  year={2020}
}

@article{gama2014survey,
  title={A survey on concept drift adaptation},
  author={Gama, Jo{\~a}o and {\v{Z}}liobait{\.e}, Indr{\.e} and Bifet, Albert and Pechenizkiy, Mykola and Bouchachia, Abdelhamid},
  journal={ACM computing surveys (CSUR)},
  volume={46},
  number={4},
  pages={1--37},
  year={2014},
  publisher={ACM New York, NY, USA}
}

@inproceedings{gao2018deep,
  title={Deep attributed network embedding},
  author={Gao, Hongchang and Huang, Heng},
  booktitle={Proceedings of IJCAI},
  year={2018}
}

@inproceedings{gao2018self,
  title={Self-paced network embedding},
  author={Gao, Hongchang and Huang, Heng},
  booktitle={Proceedings of KDD},
  pages={1406--1415},
  year={2018}
}

@article{goldberg2014word2vec,
  title={word2vec Explained: deriving Mikolov et al.'s negative-sampling word-embedding method},
  author={Goldberg, Yoav and Levy, Omer},
  journal={arXiv preprint arXiv:1402.3722},
  year={2014}
}

@inproceedings{grover2016node2vec,
  title={node2vec: Scalable feature learning for networks},
  author={Grover, Aditya and Leskovec, Jure},
  booktitle={Proceedings of KDD},
  pages={855--864},
  year={2016}
}

@article{hamilton2017inductive,
  title={Inductive representation learning on large graphs},
  author={Hamilton, Will and Ying, Zhitao and Leskovec, Jure},
  journal={Proceedings of NeurIPS},
  volume={30},
  year={2017}
}

@article{haugh2016introduction,
  title={An introduction to copulas},
  author={Haugh, M},
  journal={IEOR E4602: quantitative risk management. Lecture notes. Columbia University},
  year={2016}
}

@inproceedings{he2019online,
  title={Online learning from capricious data streams: a generative approach},
  author={He, Yi and Wu, Baijun and Wu, Di and Beyazit, Ege and Chen, Sheng and Wu, Xindong},
  booktitle={IJCAI},
  pages={2491--2497},
  year={2019}
}

@article{he2020toward,
  title={Toward mining capricious data streams: A generative approach},
  author={He, Yi and Wu, Baijun and Wu, Di and Beyazit, Ege and Chen, Sheng and Wu, Xindong},
  journal={IEEE transactions on neural networks and learning systems},
  volume={32},
  number={3},
  pages={1228--1240},
  year={2021},
  publisher={IEEE}
}

@inproceedings{he2021online,
  title={Online Learning in Variable Feature Spaces under Incomplete Supervision},
  author={He, Yi and Yuan, Xu and Chen, Sheng and Wu, Xindong},
  booktitle={AAAI},
  volume={35},
  number={5},
  pages={4106--4114},
  year={2021}
}

@inproceedings{hou2017learning,
  title={Learning with feature evolvable streams},
  author={Hou, Bo-Jian and Zhang, Lijun and Zhou, Zhi-Hua},
  booktitle={NeurIPS},
  pages={1417--1427},
  year={2017}
}

@article{hou2017one,
  title={One-pass learning with incremental and decremental features},
  author={Hou, Chenping and Zhou, Zhi-Hua},
  journal={IEEE transactions on pattern analysis and machine intelligence},
  volume={40},
  number={11},
  pages={2776--2792},
  year={2017},
  publisher={IEEE}
}

@article{hou2018safe,
  title={Safe classification with augmented features},
  author={Hou, Chenping and Zeng, Ling-Li and Hu, Dewen},
  journal={IEEE transactions on pattern analysis and machine intelligence},
  volume={41},
  number={9},
  pages={2176--2192},
  year={2018},
  publisher={IEEE}
}

@inproceedings{hou2020storage,
  title={Storage Fit Learning with Feature Evolvable Streams},
  author={Hou, Bo-Jian and Yan, Yu-Hu and Zhao, Peng and Zhou, Zhi-Hua},
  booktitle={AAAI},
  year={2021}
}

@article{hu2019hierarchical,
  title={Hierarchical graph convolutional networks for semi-supervised node classification},
  author={Hu, Fenyu and Zhu, Yanqiao and Wu, Shu and Wang, Liang and Tan, Tieniu},
  journal={arXiv preprint arXiv:1902.06667},
  year={2019}
}

@article{ibrahim1999missing,
  title={Missing covariates in generalized linear models when the missing data mechanism is non-ignorable},
  author={Ibrahim, Joseph G and Lipsitz, Stuart R and Chen, M-H},
  journal={Journal of the Royal Statistical Society: Series B (Statistical Methodology)},
  volume={61},
  number={1},
  pages={173--190},
  year={1999},
  publisher={Wiley Online Library}
}

@inproceedings{jiang2019censnet,
  title={CensNet: Convolution with Edge-Node Switching in Graph Neural Networks.},
  author={Jiang, Xiaodong and Ji, Pengsheng and Li, Sheng},
  booktitle={Proceedings of IJCAI},
  pages={2656--2662},
  year={2019}
}

@inproceedings{jiang2019dynamic,
  title={Dynamic Hypergraph Neural Networks.},
  author={Jiang, Jianwen and Wei, Yuxuan and Feng, Yifan and Cao, Jingxuan and Gao, Yue},
  booktitle={Proceedings of IJCAI},
  pages={2635--2641},
  year={2019}
}

@article{kipf2016semi,
  title={Semi-supervised classification with graph convolutional networks},
  author={Kipf, Thomas N and Welling, Max},
  journal={arXiv preprint arXiv:1609.02907},
  year={2016}
}

@inproceedings{landgrebe2020online,
  title={Online Mixed Missing Value Imputation Using Gaussian Copula},
  author={Landgrebe, Eric and Udell, Madeleine and others},
  booktitle={ICML -- Workshop on the Art of Learning with Missing
Values (Artemiss)},
  year={2020}
}

@article{lecun2015deep,
  title={Deep learning},
  author={LeCun, Yann and Bengio, Yoshua and Hinton, Geoffrey},
  journal={nature},
  volume={521},
  number={7553},
  pages={436--444},
  year={2015},
  publisher={Nature Publishing Group UK London}
}

@article{li2021attributed,
  title={Attributed network embedding with micro-meso structure},
  author={Li, Juan-Hui and Huang, Ling and Wang, Chang-Dong and Huang, Dong and Lai, Jian-Huang and Chen, Pei},
  journal={ACM Transactions on Knowledge Discovery from Data},
  volume={15},
  number={4},
  pages={1--26},
  year={2021},
  publisher={ACM New York, NY, USA}
}

@inproceedings{lin2015learning,
  title={Learning entity and relation embeddings for knowledge graph completion},
  author={Lin, Yankai and Liu, Zhiyuan and Sun, Maosong and Liu, Yang and Zhu, Xuan},
  booktitle={Proceedings of AAAI},
  volume={29},
  number={1},
  year={2015}
}

@inproceedings{liu2018content,
  title={Content to node: Self-translation network embedding},
  author={Liu, Jie and He, Zhicheng and Wei, Lai and Huang, Yalou},
  booktitle={Proceedings of KDD},
  pages={1794--1802},
  year={2018}
}

@inproceedings{lopez2013gaussian,
  title={Gaussian process vine copulas for multivariate dependence},
  author={Lopez-Paz, David and Hern{\'a}ndez-Lobato, Jose Miguel and Zoubin, Ghahramani},
  booktitle={ICML},
  pages={10--18},
  year={2013},
  organization={PMLR}
}

@article{lu2018learning,
  title={Learning under concept drift: A review},
  author={Lu, Jie and Liu, Anjin and Dong, Fan and Gu, Feng and Gama, Joao and Zhang, Guangquan},
  journal={IEEE Transactions on Knowledge and Data Engineering},
  volume={31},
  number={12},
  pages={2346--2363},
  year={2018},
  publisher={IEEE}
}

@inproceedings{manzoor2018xstream,
  title={xstream: Outlier detection in feature-evolving data streams},
  author={Manzoor, Emaad and Lamba, Hemank and Akoglu, Leman},
  booktitle={Proceedings of the 24th ACM SIGKDD International Conference on Knowledge Discovery \& Data Mining},
  pages={1963--1972},
  year={2018}
}

@article{mikolov2013distributed,
  title={Distributed representations of words and phrases and their compositionality},
  author={Mikolov, Tomas and Sutskever, Ilya and Chen, Kai and Corrado, Greg S and Dean, Jeff},
  journal={Proceedings of NeurIPS},
  volume={26},
  year={2013}
}

@article{morikawa2017semiparametric,
  title={Semiparametric maximum likelihood estimation with data missing not at random},
  author={Morikawa, Kosuke and Kim, Jae Kwang and Kano, Yutaka},
  journal={Canadian Journal of Statistics},
  volume={45},
  number={4},
  pages={393--409},
  year={2017},
  publisher={Wiley Online Library}
}

@article{murray2013bayesian,
  title={Bayesian Gaussian copula factor models for mixed data},
  author={Murray, Jared S and Dunson, David B and Carin, Lawrence and Lucas, Joseph E},
  journal={Journal of the American Statistical Association},
  volume={108},
  number={502},
  pages={656--665},
  year={2013},
  publisher={Taylor \& Francis}
}

@article{pan2019learning,
  title={Learning graph embedding with adversarial training methods},
  author={Pan, Shirui and Hu, Ruiqi and Fung, Sai-fu and Long, Guodong and Jiang, Jing and Zhang, Chengqi},
  journal={IEEE transactions on cybernetics},
  volume={50},
  number={6},
  pages={2475--2487},
  year={2019},
  publisher={IEEE}
}

@inproceedings{perozzi2014deepwalk,
  title={Deepwalk: Online learning of social representations},
  author={Perozzi, Bryan and Al-Rfou, Rami and Skiena, Steven},
  booktitle={Proceedings of KDD},
  pages={701--710},
  year={2014}
}

@article{roweis2000nonlinear,
  title={Nonlinear dimensionality reduction by locally linear embedding},
  author={Roweis, Sam T and Saul, Lawrence K},
  journal={science},
  volume={290},
  number={5500},
  pages={2323--2326},
  year={2000},
  publisher={American Association for the Advancement of Science}
}

@inproceedings{salinas2019high,
  title={High-dimensional multivariate forecasting with low-rank Gaussian Copula Processes},
  author={Salinas, David and Bohlke-Schneider, Michael and Callot, Laurent and Medico, Roberto and Gasthaus, Jan},
  booktitle={NeurIPS},
  pages={6824},
  year={2019}
}

@inproceedings{salti2020random,
  title={Random Intersection Graphs and Missing Data},
  author={Salti, Dror and Berchenko, Yakir},
  booktitle={Proceedings of the AAAI Conference on Artificial Intelligence},
  volume={34},
  number={04},
  pages={5579--5585},
  year={2020}
}

@article{shen2018deep,
  title={Deep network embedding for graph representation learning in signed networks},
  author={Shen, Xiao and Chung, Fu-Lai},
  journal={IEEE transactions on cybernetics},
  volume={50},
  number={4},
  pages={1556--1568},
  year={2018},
  publisher={IEEE}
}

@article{sutskever2014sequence,
  title={Sequence to sequence learning with neural networks},
  author={Sutskever, Ilya and Vinyals, Oriol and Le, Quoc V},
  journal={Proceedings of NeurIPS},
  volume={27},
  year={2014}
}

@article{tenenbaum2000global,
  title={A global geometric framework for nonlinear dimensionality reduction},
  author={Tenenbaum, Joshua B and Silva, Vin de and Langford, John C},
  journal={science},
  volume={290},
  number={5500},
  pages={2319--2323},
  year={2000},
  publisher={American Association for the Advancement of Science}
}

@inproceedings{tu2017cane,
  title={Cane: Context-aware network embedding for relation modeling},
  author={Tu, Cunchao and Liu, Han and Liu, Zhiyuan and Sun, Maosong},
  booktitle={Proceedings of ACL},
  pages={1722--1731},
  year={2017}
}

@inproceedings{tu2017transnet,
  title={TransNet: Translation-Based Network Representation Learning for Social Relation Extraction.},
  author={Tu, Cunchao and Zhang, Zhengyan and Liu, Zhiyuan and Sun, Maosong},
  booktitle={Proceedings of IJCAI},
  pages={2864--2870},
  year={2017}
}

@article{udell2016generalized,
  title={Generalized Low Rank Models},
  author={Udell, Madeleine and Horn, Corinne and Zadeh, Reza and Boyd, Stephen},
  year={2016},
  publisher={Now Foundations and Trends}
}

@article{vaswani2017attention,
  title={Attention is all you need},
  author={Vaswani, Ashish and Shazeer, Noam and Parmar, Niki and Uszkoreit, Jakob and Jones, Llion and Gomez, Aidan N and Kaiser, {\L}ukasz and Polosukhin, Illia},
  journal={Proceedings of NeurIPS},
  volume={30},
  year={2017}
}

@article{velivckovic2017graph,
  title={Graph attention networks},
  author={Veli{\v{c}}kovi{\'c}, Petar and Cucurull, Guillem and Casanova, Arantxa and Romero, Adriana and Lio, Pietro and Bengio, Yoshua},
  journal={arXiv preprint arXiv:1710.10903},
  year={2017}
}

@article{vincent2010stacked,
  title={Stacked denoising autoencoders: Learning useful representations in a deep network with a local denoising criterion.},
  author={Vincent, Pascal and Larochelle, Hugo and Lajoie, Isabelle and Bengio, Yoshua and Manzagol, Pierre-Antoine and Bottou, L{\'e}on},
  journal={Journal of machine learning research},
  volume={11},
  number={12},
  year={2010}
}

@inproceedings{wang2014knowledge,
  title={Knowledge graph embedding by translating on hyperplanes},
  author={Wang, Zhen and Zhang, Jianwen and Feng, Jianlin and Chen, Zheng},
  booktitle={Proceedings of AAAI},
  volume={28},
  number={1},
  year={2014}
}

@inproceedings{wang2016structural,
  title={Structural deep network embedding},
  author={Wang, Daixin and Cui, Peng and Zhu, Wenwu},
  booktitle={Proceedings of KDD},
  pages={1225--1234},
  year={2016}
}

@inproceedings{wang2017community,
  title={Community preserving network embedding},
  author={Wang, Xiao and Cui, Peng and Wang, Jing and Pei, Jian and Zhu, Wenwu and Yang, Shiqiang},
  booktitle={Proceedings of AAAI},
  volume={31},
  number={1},
  year={2017}
}

@article{wang2020node,
  title={Node pair information preserving network embedding based on adversarial networks},
  author={Wang, Chang-Dong and Shi, Wei and Huang, Ling and Lin, Kun-Yu and Huang, Dong and Philip, S Yu},
  journal={IEEE Transactions on Cybernetics},
  volume={52},
  number={7},
  pages={5908--5922},
  year={2020},
  publisher={IEEE}
}

@article{wu2012online,
  title={Online feature selection with streaming features},
  author={Wu, Xindong and Yu, Kui and Ding, Wei and Wang, Hao and Zhu, Xingquan},
  journal={IEEE transactions on pattern analysis and machine intelligence},
  volume={35},
  number={5},
  pages={1178--1192},
  year={2012},
  publisher={IEEE}
}

@inproceedings{wu2019online,
  title={Online feature selection with capricious streaming features: A general framework},
  author={Wu, Di and He, Yi and Luo, Xin and Shang, Mingsheng and Wu, Xindong},
  booktitle={2019 IEEE International Conference on Big Data (Big Data)},
  pages={683--688},
  year={2019},
  organization={IEEE}
}

@article{wu2021latent,
  title={A Latent Factor Analysis-Based Approach to Online Sparse Streaming Feature Selection},
  author={Wu, Di and He, Yi and Luo, Xin and Zhou, MengChu},
  journal={IEEE Transactions on Systems, Man, and Cybernetics: Systems},
  year={2021},
  publisher={IEEE}
}

@inproceedings{xu2019relation,
  title={Relation-aware graph convolutional networks for agent-initiated social e-commerce recommendation},
  author={Xu, Fengli and Lian, Jianxun and Han, Zhenyu and Li, Yong and Xu, Yujian and Xie, Xing},
  booktitle={Proceedings of CIKM},
  pages={529--538},
  year={2019}
}

@inproceedings{ye2019vectorized,
  title={A vectorized relational graph convolutional network for multi-relational network alignment.},
  author={Ye, Rui and Li, Xin and Fang, Yujie and Zang, Hongyu and Wang, Mingzhong},
  booktitle={Proceedings of IJCAI},
  pages={4135--4141},
  year={2019}
}

@inproceedings{zhang2015towards,
  title={Towards mining trapezoidal data streams},
  author={Zhang, Qin and Zhang, Peng and Long, Guodong and Ding, Wei and Zhang, Chengqi and Wu, Xindong},
  booktitle={ICDM},
  pages={1111--1116},
  year={2015},
  organization={IEEE}
}

@article{zhang2016online,
  title={Online learning from trapezoidal data streams},
  author={Zhang, Qin and Zhang, Peng and Long, Guodong and Ding, Wei and Zhang, Chengqi and Wu, Xindong},
  journal={IEEE Transactions on Knowledge and Data Engineering},
  volume={28},
  number={10},
  pages={2709--2723},
  year={2016},
  publisher={IEEE}
}

@inproceedings{zhang2020learning,
  title={Learning with Feature and Distribution Evolvable Streams},
  author={Zhang, Zhen-Yu and Zhao, Peng and Jiang, Yuan and Zhou, Zhi-Hua},
  booktitle={ICML},
  pages={11317--11327},
  year={2020},
  organization={PMLR}
}

@inproceedings{zhang2020online,
  title={Online Learning in Changing Environments.},
  author={Zhang, Lijun},
  booktitle={IJCAI},
  pages={5178--5182},
  year={2020}
}

@inproceedings{zhao2020missing,
  title={Missing value imputation for mixed data via gaussian copula},
  author={Zhao, Yuxuan and Udell, Madeleine},
  booktitle={KDD},
  pages={636--646},
  year={2020}
}

@article{zhao2020online,
  title={Online Missing Value Imputation and Correlation Change Detection for Mixed-type Data via Gaussian Copula},
  author={Zhao, Yuxuan and Landgrebe, Eric and Shekhtman, Eliot and Udell, Madeleine},
  journal={arXiv e-prints},
  pages={arXiv--2009},
  year={2020}
}

