%FLOW: Crowdsourcing

@article{udell2016generalized,
  title={Generalized Low Rank Models},
  author={Udell, Madeleine and Horn, Corinne and Zadeh, Reza and Boyd, Stephen},
  year={2016},
  publisher={Now Foundations and Trends}
}

@inproceedings{fan2020polynomial,
  title={Polynomial matrix completion for missing data imputation and transductive learning},
  author={Fan, Jicong and Zhang, Yuqian and Udell, Madeleine},
  booktitle={Proceedings of the AAAI Conference on Artificial Intelligence},
  volume={34},
  number={04},
  pages={3842--3849},
  year={2020}
}

@article{hou2017one,
  title={One-pass learning with incremental and decremental features},
  author={Hou, Chenping and Zhou, Zhi-Hua},
  journal={IEEE transactions on pattern analysis and machine intelligence},
  volume={40},
  number={11},
  pages={2776--2792},
  year={2017},
  publisher={IEEE}
}

@article{hou2018safe,
  title={Safe classification with augmented features},
  author={Hou, Chenping and Zeng, Ling-Li and Hu, Dewen},
  journal={IEEE transactions on pattern analysis and machine intelligence},
  volume={41},
  number={9},
  pages={2176--2192},
  year={2018},
  publisher={IEEE}
}

@inproceedings{beyazit2018learning,
  title={Learning simplified decision boundaries from trapezoidal data streams},
  author={Beyazit, Ege and Hosseini, Matin and Maida, Anthony and Wu, Xindong},
  booktitle={International Conference on Artificial Neural Networks},
  pages={508--517},
  year={2018},
  organization={Springer}
}

@inproceedings{manzoor2018xstream,
  title={xstream: Outlier detection in feature-evolving data streams},
  author={Manzoor, Emaad and Lamba, Hemank and Akoglu, Leman},
  booktitle={Proceedings of the 24th ACM SIGKDD International Conference on Knowledge Discovery \& Data Mining},
  pages={1963--1972},
  year={2018}
}

@article{ibrahim1999missing,
  title={Missing covariates in generalized linear models when the missing data mechanism is non-ignorable},
  author={Ibrahim, Joseph G and Lipsitz, Stuart R and Chen, M-H},
  journal={Journal of the Royal Statistical Society: Series B (Statistical Methodology)},
  volume={61},
  number={1},
  pages={173--190},
  year={1999},
  publisher={Wiley Online Library}
}
 
@article{morikawa2017semiparametric,
  title={Semiparametric maximum likelihood estimation with data missing not at random},
  author={Morikawa, Kosuke and Kim, Jae Kwang and Kano, Yutaka},
  journal={Canadian Journal of Statistics},
  volume={45},
  number={4},
  pages={393--409},
  year={2017},
  publisher={Wiley Online Library}
}

@inproceedings{salti2020random,
  title={Random Intersection Graphs and Missing Data},
  author={Salti, Dror and Berchenko, Yakir},
  booktitle={Proceedings of the AAAI Conference on Artificial Intelligence},
  volume={34},
  number={04},
  pages={5579--5585},
  year={2020}
}

@inproceedings{he2019online,
  title={Online learning from capricious data streams: a generative approach},
  author={He, Yi and Wu, Baijun and Wu, Di and Beyazit, Ege and Chen, Sheng and Wu, Xindong},
  booktitle={IJCAI},
  pages={2491--2497},
  year={2019}
}



@inproceedings{he2021online,
  title={Online Learning in Variable Feature Spaces under Incomplete Supervision},
  author={He, Yi and Yuan, Xu and Chen, Sheng and Wu, Xindong},
  booktitle={AAAI},
  volume={35},
  number={5},
  pages={4106--4114},
  year={2021}
}

@inproceedings{zhang2020learning,
  title={Learning with Feature and Distribution Evolvable Streams},
  author={Zhang, Zhen-Yu and Zhao, Peng and Jiang, Yuan and Zhou, Zhi-Hua},
  booktitle={ICML},
  pages={11317--11327},
  year={2020},
  organization={PMLR}
}

@inproceedings{zhao2020missing,
  title={Missing value imputation for mixed data via gaussian copula},
  author={Zhao, Yuxuan and Udell, Madeleine},
  booktitle={KDD},
  pages={636--646},
  year={2020}
}

@inproceedings{beyazit2019online,
  title={Online learning from data streams with varying feature spaces},
  author={Beyazit, Ege and Alagurajah, Jeevithan and Wu, Xindong},
  booktitle={AAAI},
  volume={33},
  number={01},
  pages={3232--3239},
  year={2019}
}

@inproceedings{hou2017learning,
  title={Learning with feature evolvable streams},
  author={Hou, Bo-Jian and Zhang, Lijun and Zhou, Zhi-Hua},
  booktitle={NeurIPS},
  pages={1417--1427},
  year={2017}
}

@incollection{durante2010copula,
  title={Copula theory: an introduction},
  author={Durante, Fabrizio and Sempi, Carlo},
  booktitle={Copula theory and its applications},
  pages={3--31},
  year={2010},
  publisher={Springer}
}
@article{haugh2016introduction,
  title={An introduction to copulas},
  author={Haugh, M},
  journal={IEOR E4602: quantitative risk management. Lecture notes. Columbia University},
  year={2016}
}
@article{zhao2020online,
  title={Online Missing Value Imputation and Correlation Change Detection for Mixed-type Data via Gaussian Copula},
  author={Zhao, Yuxuan and Landgrebe, Eric and Shekhtman, Eliot and Udell, Madeleine},
  journal={arXiv e-prints},
  pages={arXiv--2009},
  year={2020}
}
@inproceedings{salinas2019high,
  title={High-dimensional multivariate forecasting with low-rank Gaussian Copula Processes},
  author={Salinas, David and Bohlke-Schneider, Michael and Callot, Laurent and Medico, Roberto and Gasthaus, Jan},
  booktitle={NeurIPS},
  pages={6824},
  year={2019}
}
@inproceedings{lopez2013gaussian,
  title={Gaussian process vine copulas for multivariate dependence},
  author={Lopez-Paz, David and Hern{\'a}ndez-Lobato, Jose Miguel and Zoubin, Ghahramani},
  booktitle={ICML},
  pages={10--18},
  year={2013},
  organization={PMLR}
}
@article{murray2013bayesian,
  title={Bayesian Gaussian copula factor models for mixed data},
  author={Murray, Jared S and Dunson, David B and Carin, Lawrence and Lucas, Joseph E},
  journal={Journal of the American Statistical Association},
  volume={108},
  number={502},
  pages={656--665},
  year={2013},
  publisher={Taylor \& Francis}
}

@inproceedings{cui2017robust,
  title={Robust estimation of Gaussian copula causal structure from mixed data with missing values},
  author={Cui, Ruifei and Groot, Perry and Heskes, Tom},
  booktitle={ICDM},
  pages={835--840},
  year={2017},
  organization={IEEE}
}
@book{little2019statistical,
  title={Statistical analysis with missing data},
  author={Little, Roderick JA and Rubin, Donald B},
  volume={793},
  year={2019},
  publisher={John Wiley \& Sons}
}

@article{burges2013graphical,
  title={Graphical models for inference with missing data},
  author={Mohan, Karthika and Pearl, Judea and Tian, Jin},
  journal={Advances in neural information processing systems},
  volume={26},
  year={2013}
}
@article{freund1997decision,
  title={A decision-theoretic generalization of on-line learning and an application to boosting},
  author={Freund, Yoav and Schapire, Robert E},
  journal={Journal of computer and system sciences},
  volume={55},
  number={1},
  pages={119--139},
  year={1997},
  publisher={Elsevier}
}
@article{dheeru2017uci,
  title={UCI machine learning repository. http:<< archive. ics. uci. edu< ml},
  author={Dheeru, Dua and Taniskidou, Efi Karra},
  year={2017}
}
@inproceedings{maas2011learning,
  title={Learning word vectors for sentiment analysis},
  author={Maas, Andrew and Daly, Raymond E and Pham, Peter T and Huang, Dan and Ng, Andrew Y and Potts, Christopher},
  booktitle={Proceedings of the 49th annual meeting of the association for computational linguistics: Human language technologies},
  pages={142--150},
  year={2011}
}

@article{dvoretzky1956asymptotic,
  title={Asymptotic minimax character of the sample distribution function and of the classical multinomial estimator},
  author={Dvoretzky, Aryeh and Kiefer, Jack and Wolfowitz, Jacob},
  journal={The Annals of Mathematical Statistics},
  pages={642--669},
  year={1956},
  publisher={JSTOR}
}

@inproceedings{zhang2015towards,
  title={Towards mining trapezoidal data streams},
  author={Zhang, Qin and Zhang, Peng and Long, Guodong and Ding, Wei and Zhang, Chengqi and Wu, Xindong},
  booktitle={ICDM},
  pages={1111--1116},
  year={2015},
  organization={IEEE}
}
@article{xu2011extended,
  title={An extended one-versus-rest support vector machine for multi-label classification},
  author={Xu, Jianhua},
  journal={Neurocomputing},
  volume={74},
  number={17},
  pages={3114--3124},
  year={2011},
  publisher={Elsevier}
}
@article{saez2014analyzing,
  title={Analyzing the presence of noise in multi-class problems: alleviating its influence with the one-vs-one decomposition},
  author={S{\'a}ez, Jos{\'e} A and Galar, Mikel and Luengo, Juli{\'a}n and Herrera, Francisco},
  journal={Knowledge and information systems},
  volume={38},
  number={1},
  pages={179--206},
  year={2014},
  publisher={Springer}
}




@incollection{van1996weak,
  title={Weak convergence},
  author={Van Der Vaart, Aad W and Wellner, Jon A},
  booktitle={Weak convergence and empirical processes},
  pages={16--28},
  year={1996},
  publisher={Springer}
}
@article{zhang2016online,
  title={Online learning from trapezoidal data streams},
  author={Zhang, Qin and Zhang, Peng and Long, Guodong and Ding, Wei and Zhang, Chengqi and Wu, Xindong},
  journal={IEEE Transactions on Knowledge and Data Engineering},
  volume={28},
  number={10},
  pages={2709--2723},
  year={2016},
  publisher={IEEE}
}

@inproceedings{tan2020mesoscale,
  title={Mesoscale Anisotropically-Connected Learning},
  author={Tan, Qi and Liu, Yang and Liu, Jiming},
  booktitle={International Symposium on Methodologies for Intelligent Systems},
  pages={171--180},
  year={2020},
  organization={Springer}
}

@inproceedings{li2019multistream,
  title={Multistream classification for cyber threat data with heterogeneous feature space},
  author={Li, Yi-Fan and Gao, Yang and Ayoade, Gbadebo and Tao, Hemeng and Khan, Latifur and Thuraisingham, Bhavani},
  booktitle={WWW},
  pages={2992--2998},
  year={2019}
}

@article{zhang2021feature,
  title={A Feature Adaptive Learning Method for High-Density sEMG-Based Gesture Recognition},
  author={Zhang, Yingwei and Chen, Yiqiang and Yu, Hanchao and Yang, Xiaodong and Sun, Ruizhe and Zeng, Bixiao},
  journal={Proceedings of the ACM on Interactive, Mobile, Wearable and Ubiquitous Technologies},
  volume={5},
  number={1},
  pages={1--26},
  year={2021},
  publisher={ACM New York, NY, USA}
}

@article{donyavi2020using,
  title={Using decomposition-based multi-objective evolutionary algorithm as synthetic example optimization for self-labeling},
  author={Donyavi, Zahra and Asadi, Shahrokh},
  journal={Swarm and Evolutionary Computation},
  volume={58},
  pages={100736},
  year={2020},
  publisher={Elsevier}
}

@article{rolka2007issues,
  title={Issues in applied statistics for public health bioterrorism surveillance using multiple data streams: research needs},
  author={Rolka, Henry and Burkom, Howard and Cooper, Gregory F and Kulldorff, Martin and Madigan, David and Wong, Weng-Keen},
  journal={Statistics in Medicine},
  volume={26},
  number={8},
  pages={1834--1856},
  year={2007},
  publisher={Wiley Online Library}
}

@inproceedings{hou2020storage,
  title={Storage Fit Learning with Feature Evolvable Streams},
  author={Hou, Bo-Jian and Yan, Yu-Hu and Zhao, Peng and Zhou, Zhi-Hua},
  booktitle={AAAI},
  year={2021}
}

@inproceedings{ross2013normalized,
  title={Normalized online learning},
  author={Ross, St{\'e}phane and Mineiro, Paul and Langford, John},
  booktitle={UAI},
  year={2013}
}

@article{zhang1998data,
  title={Data sphering: some properties and applications},
  author={Zhang, Jian},
  journal={Annals of the Institute of Statistical Mathematics},
  volume={50},
  number={2},
  pages={223--240},
  year={1998},
  publisher={Springer}
}

@article{ilmonen2012invariant,
  title={On invariant coordinate system (ICS) functionals},
  author={Ilmonen, Pauliina and Oja, Hannu and Serfling, Robert},
  journal={International Statistical Review},
  volume={80},
  number={1},
  pages={93--110},
  year={2012},
  publisher={Wiley Online Library}
}

@article{fan2017high,
  title={High dimensional semiparametric latent graphical model for mixed data},
  author={Fan, Jianqing and Liu, Han and Ning, Yang and Zou, Hui},
  journal={Journal of the Royal Statistical
            Society: Series B (Statistical Methodology)},
  volume={79},
  number={2},
  pages={405--421},
  year={2017}
}

@inproceedings{feng2019high,
  title={High-dimensional mixed graphical model with ordinal data: Parameter estimation and statistical inference},
  author={Feng, Huijie and Ning, Yang},
  booktitle={AISTATS},
  pages={654--663},
  year={2019},
  organization={PMLR}
}

@article{hoff2007extending,
  title={Extending the rank likelihood for semiparametric copula estimation},
  author={Hoff, Peter D and others},
  journal={The Annals of Applied Statistics},
  volume={1},
  number={1},
  pages={265--283},
  year={2007},
  publisher={Institute of Mathematical Statistics}
}


@article{liu2009nonparanormal,
  title={The nonparanormal: Semiparametric estimation of high dimensional undirected graphs.},
  author={Liu, Han and Lafferty, John and Wasserman, Larry},
  journal={Journal of Machine Learning Research},
  volume={10},
  number={10},
  year={2009}
}

@book{cesa2006prediction,
  title={Prediction, learning, and games},
  author={Cesa-Bianchi, Nicolo and Lugosi, G{\'a}bor},
  year={2006},
  publisher={Cambridge university press}
}

@article{he2020toward,
  title={Toward mining capricious data streams: A generative approach},
  author={He, Yi and Wu, Baijun and Wu, Di and Beyazit, Ege and Chen, Sheng and Wu, Xindong},
  journal={IEEE transactions on neural networks and learning systems},
  volume={32},
  number={3},
  pages={1228--1240},
  year={2021},
  publisher={IEEE}
}

@article{schmidt2017minimizing,
  title={Minimizing finite sums with the stochastic average gradient},
  author={Schmidt, Mark and Le Roux, Nicolas and Bach, Francis},
  journal={Mathematical Programming},
  volume={162},
  number={1-2},
  pages={83--112},
  year={2017},
  publisher={Springer}
}

@inproceedings{zinkevich2003online,
  title={Online Convex Programming and Generalized Infinitesimal Gradient Ascent},
  author={Zinkevich, Martin},
  booktitle={ICML},
  pages={928--936},
  year={2003}
}

@article{masarotto2012gaussian,
  title={Gaussian copula marginal regression},
  author={Masarotto, Guido and Varin, Cristiano and others},
  journal={Electronic Journal of Statistics},
  volume={6},
  pages={1517--1549},
  year={2012},
  publisher={The Institute of Mathematical Statistics and the Bernoulli Society}
}

@book{trivedi2007copula,
  title={Copula modeling: an introduction for practitioners},
  author={Trivedi, Pravin K and Zimmer, David M},
  year={2007},
  publisher={Now Publishers Inc}
}

@article{cappe2009line,
  title={On-line expectation--maximization algorithm for latent data models},
  author={Capp{\'e}, Olivier and Moulines, Eric},
  journal={Journal of the Royal Statistical Society: Series B (Statistical Methodology)},
  volume={71},
  number={3},
  pages={593--613},
  year={2009},
  publisher={Wiley Online Library}
}

@article{li2017feature,
  title={Feature Selection: A Data Perspective},
  author={Li, Jundong and Cheng, Kewei and Wang, Suhang and Morstatter, Fred and Trevino, Robert P and Tang, Jiliang and Liu, Huan},
  journal={ACM Computing Surveys},
  volume={50},
  number={6},
  pages={94},
  year={2017},
  publisher={ACM}
}

@article{wang2013online,
  title={Online feature selection and its applications},
  author={Wang, Jialei and Zhao, Peilin and Hoi, Steven CH and Jin, Rong},
  journal={IEEE Transactions on Knowledge and Data Engineering},
  volume={26},
  number={3},
  pages={698--710},
  year={2013},
  publisher={IEEE}
}

@misc{Dua2017,
author = "Dua, Dheeru and Karra Taniskidou, Efi",
year = "2017",
title = "{UCI} Machine Learning Repository",
url = "http://archive.ics.uci.edu/ml",
institution = "University of California, Irvine, School of Information and Computer Sciences" 
}


@book{mclachlan2007algorithm,
  title={The EM algorithm and extensions},
  author={McLachlan, Geoffrey J and Krishnan, Thriyambakam},
  volume={382},
  year={2007},
  publisher={John Wiley \& Sons}
}

@inproceedings{duchi2009efficient,
  title={Efficient Learning using Forward-Backward Splitting.},
  author={Duchi, John C and Singer, Yoram},
  booktitle={NeurIPS},
  volume={22},
  pages={495--503},
  year={2009}
}

@article{gama2014survey,
  title={A survey on concept drift adaptation},
  author={Gama, Jo{\~a}o and {\v{Z}}liobait{\.e}, Indr{\.e} and Bifet, Albert and Pechenizkiy, Mykola and Bouchachia, Abdelhamid},
  journal={ACM computing surveys (CSUR)},
  volume={46},
  number={4},
  pages={1--37},
  year={2014},
  publisher={ACM New York, NY, USA}
}

@article{lu2018learning,
  title={Learning under concept drift: A review},
  author={Lu, Jie and Liu, Anjin and Dong, Fan and Gu, Feng and Gama, Joao and Zhang, Guangquan},
  journal={IEEE Transactions on Knowledge and Data Engineering},
  volume={31},
  number={12},
  pages={2346--2363},
  year={2018},
  publisher={IEEE}
}

@inproceedings{zhang2020online,
  title={Online Learning in Changing Environments.},
  author={Zhang, Lijun},
  booktitle={IJCAI},
  pages={5178--5182},
  year={2020}
}

@inproceedings{landgrebe2020online,
  title={Online Mixed Missing Value Imputation Using Gaussian Copula},
  author={Landgrebe, Eric and Udell, Madeleine and others},
  booktitle={ICML -- Workshop on the Art of Learning with Missing
Values (Artemiss)},
  year={2020}
}

@ARTICLE{9406178,
  author={Hou, Bo-Jian and Zhang, Lijun and Zhou, Zhi-Hua},
  journal={IEEE Transactions on Neural Networks and Learning Systems}, 
  title={Prediction With Unpredictable Feature Evolution}, 
  year={2021},
  volume={},
  number={},
  pages={1-10},
  doi={10.1109/TNNLS.2021.3071311}
}

@article{wu2021latent,
  title={A Latent Factor Analysis-Based Approach to Online Sparse Streaming Feature Selection},
  author={Wu, Di and He, Yi and Luo, Xin and Zhou, MengChu},
  journal={IEEE Transactions on Systems, Man, and Cybernetics: Systems},
  year={2021},
  publisher={IEEE}
}

@inproceedings{wu2019online,
  title={Online feature selection with capricious streaming features: A general framework},
  author={Wu, Di and He, Yi and Luo, Xin and Shang, Mingsheng and Wu, Xindong},
  booktitle={2019 IEEE International Conference on Big Data (Big Data)},
  pages={683--688},
  year={2019},
  organization={IEEE}
}

@inproceedings{wu2010online,
  title={Online streaming feature selection},
  author={Wu, Xindong and Yu, Kui and Wang, Hao and Ding, Wei},
  booktitle={ICML},
  year={2010}
}

@article{wu2012online,
  title={Online feature selection with streaming features},
  author={Wu, Xindong and Yu, Kui and Ding, Wei and Wang, Hao and Zhu, Xingquan},
  journal={IEEE transactions on pattern analysis and machine intelligence},
  volume={35},
  number={5},
  pages={1178--1192},
  year={2012},
  publisher={IEEE}
}

@article{hu2018survey,
  title={A survey on online feature selection with streaming features},
  author={Hu, Xuegang and Zhou, Peng and Li, Peipei and Wang, Jing and Wu, Xindong},
  journal={Frontiers of Computer Science},
  volume={12},
  number={3},
  pages={479--493},
  year={2018},
  publisher={Springer}
}


@inproceedings{fu2020magnn,
  title={Magnn: Metapath aggregated graph neural network for heterogeneous graph embedding},
  author={Fu, Xinyu and Zhang, Jiani and Meng, Ziqiao and King, Irwin},
  booktitle={Proceedings of WWW},
  pages={2331--2341},
  year={2020}
}

@inproceedings{schlichtkrull2018modeling,
  title={Modeling relational data with graph convolutional networks},
  author={Schlichtkrull, Michael and Kipf, Thomas N and Bloem, Peter and Van Den Berg, Rianne and Titov, Ivan and Welling, Max},
  booktitle={Proceedings of ESWC},
  pages={593--607},
  year={2018},
  organization={Springer}
}



@inproceedings{wang2019heterogeneous,
  title={Heterogeneous graph attention network},
  author={Wang, Xiao and Ji, Houye and Shi, Chuan and Wang, Bai and Ye, Yanfang and Cui, Peng and Yu, Philip S},
  booktitle={The world wide web conference},
  pages={2022--2032},
  year={2019}
}

@article{yang2020heterogeneous,
  title={Heterogeneous network representation learning: A unified framework with survey and benchmark},
  author={Yang, Carl and Xiao, Yuxin and Zhang, Yu and Sun, Yizhou and Han, Jiawei},
  journal={IEEE Transactions on Knowledge and Data Engineering},
  volume={34},
  number={10},
  pages={4854--4873},
  year={2020},
  publisher={IEEE}
}

@inproceedings{bollacker2008freebase,
  title={Freebase: a collaboratively created graph database for structuring human knowledge},
  author={Bollacker, Kurt and Evans, Colin and Paritosh, Praveen and Sturge, Tim and Taylor, Jamie},
  booktitle={Proceedings of SIGMOD},
  pages={1247--1250},
  year={2008}
}

@article{zhou2020graph,
  title={Graph neural networks: A review of methods and applications},
  author={Zhou, Jie and Cui, Ganqu and Hu, Shengding and Zhang, Zhengyan and Yang, Cheng and Liu, Zhiyuan and Wang, Lifeng and Li, Changcheng and Sun, Maosong},
  journal={AI open},
  volume={1},
  pages={57--81},
  year={2020},
  publisher={Elsevier}
}

@article{velivckovic2017graph,
  title={Graph attention networks},
  author={Veli{\v{c}}kovi{\'c}, Petar and Cucurull, Guillem and Casanova, Arantxa and Romero, Adriana and Lio, Pietro and Bengio, Yoshua},
  journal={arXiv preprint arXiv:1710.10903},
  year={2017}
}

@inproceedings{lv2021we,
  title={Are we really making much progress? revisiting, benchmarking and refining heterogeneous graph neural networks},
  author={Lv, Qingsong and Ding, Ming and Liu, Qiang and Chen, Yuxiang and Feng, Wenzheng and He, Siming and Zhou, Chang and Jiang, Jianguo and Dong, Yuxiao and Tang, Jie},
  booktitle={Proceedings of KDD},
  pages={1150--1160},
  year={2021}
}

@article{cui2018survey,
  title={A survey on network embedding},
  author={Cui, Peng and Wang, Xiao and Pei, Jian and Zhu, Wenwu},
  journal={IEEE transactions on knowledge and data engineering},
  volume={31},
  number={5},
  pages={833--852},
  year={2018},
  publisher={IEEE}
}

@article{caos2015learninggraphrepresentations,
  title={Learning graph representations with global structural information},
  author={CAOS, LUW and XU, Q Grarep},
  journal={Proceedings of CIKM},
  year={2015}
}

@inproceedings{du2021tabularnet,
  title={TabularNet: A neural network architecture for understanding semantic structures of tabular data},
  author={Du, Lun and Gao, Fei and Chen, Xu and Jia, Ran and Wang, Junshan and Zhang, Jiang and Han, Shi and Zhang, Dongmei},
  booktitle={Proceedings of KDD},
  pages={322--331},
  year={2021}
}

@article{yu2020structured,
  title={Structured subspace embedding on attributed networks},
  author={Yu, Zhongjing and Zhang, Zhong and Chen, Haoran and Shao, Junming},
  journal={Information Sciences},
  volume={512},
  pages={726--740},
  year={2020},
  publisher={Elsevier}
}

@inproceedings{wang2016structural,
  title={Structural deep network embedding},
  author={Wang, Daixin and Cui, Peng and Zhu, Wenwu},
  booktitle={Proceedings of KDD},
  pages={1225--1234},
  year={2016}
}

@inproceedings{cao2016deep,
  title={Deep neural networks for learning graph representations},
  author={Cao, Shaosheng and Lu, Wei and Xu, Qiongkai},
  booktitle={Proceedings of AAAI},
  volume={30},
  number={1},
  year={2016}
}

@article{he2019content,
  title={Content to node: Self-translation network embedding},
  author={He, Zhicheng and Liu, Jie and Zeng, Yuyuan and Wei, Lai and Huang, Yalou},
  journal={IEEE Transactions on Knowledge and Data Engineering},
  volume={33},
  number={2},
  pages={431--443},
  year={2019},
  publisher={IEEE}
}


@article{lipton2015critical,
  title={A critical review of recurrent neural networks for sequence learning},
  author={Lipton, Zachary C and Berkowitz, John and Elkan, Charles},
  journal={arXiv preprint arXiv:1506.00019},
  year={2015}
}
@article{scarselli2008graph,
  title={The graph neural network model},
  author={Scarselli, Franco and Gori, Marco and Tsoi, Ah Chung and Hagenbuchner, Markus and Monfardini, Gabriele},
  journal={IEEE transactions on neural networks},
  volume={20},
  number={1},
  pages={61--80},
  year={2008},
  publisher={IEEE}
}
@inproceedings{gilmer2017neural,
  title={Neural message passing for quantum chemistry},
  author={Gilmer, Justin and Schoenholz, Samuel S and Riley, Patrick F and Vinyals, Oriol and Dahl, George E},
  booktitle={Proceedings of ICML},
  pages={1263--1272},
  year={2017},
  organization={PMLR}
}

@article{kipf2016semi,
  title={Semi-supervised classification with graph convolutional networks},
  author={Kipf, Thomas N and Welling, Max},
  journal={arXiv preprint arXiv:1609.02907},
  year={2016}
}


@article{goldberg2014word2vec,
  title={word2vec Explained: deriving Mikolov et al.'s negative-sampling word-embedding method},
  author={Goldberg, Yoav and Levy, Omer},
  journal={arXiv preprint arXiv:1402.3722},
  year={2014}
}


@article{roweis2000nonlinear,
  title={Nonlinear dimensionality reduction by locally linear embedding},
  author={Roweis, Sam T and Saul, Lawrence K},
  journal={science},
  volume={290},
  number={5500},
  pages={2323--2326},
  year={2000},
  publisher={American Association for the Advancement of Science}
}

@article{tenenbaum2000global,
  title={A global geometric framework for nonlinear dimensionality reduction},
  author={Tenenbaum, Joshua B and Silva, Vin de and Langford, John C},
  journal={science},
  volume={290},
  number={5500},
  pages={2319--2323},
  year={2000},
  publisher={American Association for the Advancement of Science}
}
@article{belkin2001laplacian,
  title={Laplacian eigenmaps and spectral techniques for embedding and clustering},
  author={Belkin, Mikhail and Niyogi, Partha},
  journal={Proceedings of NeurIPS},
  volume={14},
  year={2001}
}

@article{mikolov2013distributed,
  title={Distributed representations of words and phrases and their compositionality},
  author={Mikolov, Tomas and Sutskever, Ilya and Chen, Kai and Corrado, Greg S and Dean, Jeff},
  journal={Proceedings of NeurIPS},
  volume={26},
  year={2013}
}

@inproceedings{perozzi2014deepwalk,
  title={Deepwalk: Online learning of social representations},
  author={Perozzi, Bryan and Al-Rfou, Rami and Skiena, Steven},
  booktitle={Proceedings of KDD},
  pages={701--710},
  year={2014}
}

@inproceedings{grover2016node2vec,
  title={node2vec: Scalable feature learning for networks},
  author={Grover, Aditya and Leskovec, Jure},
  booktitle={Proceedings of KDD},
  pages={855--864},
  year={2016}
}

@inproceedings{wang2017community,
  title={Community preserving network embedding},
  author={Wang, Xiao and Cui, Peng and Wang, Jing and Pei, Jian and Zhu, Wenwu and Yang, Shiqiang},
  booktitle={Proceedings of AAAI},
  volume={31},
  number={1},
  year={2017}
}

@article{li2021attributed,
  title={Attributed network embedding with micro-meso structure},
  author={Li, Juan-Hui and Huang, Ling and Wang, Chang-Dong and Huang, Dong and Lai, Jian-Huang and Chen, Pei},
  journal={ACM Transactions on Knowledge Discovery from Data},
  volume={15},
  number={4},
  pages={1--26},
  year={2021},
  publisher={ACM New York, NY, USA}
}

@article{hu2019hierarchical,
  title={Hierarchical graph convolutional networks for semi-supervised node classification},
  author={Hu, Fenyu and Zhu, Yanqiao and Wu, Shu and Wang, Liang and Tan, Tieniu},
  journal={arXiv preprint arXiv:1902.06667},
  year={2019}
}


@inproceedings{xu2019relation,
  title={Relation-aware graph convolutional networks for agent-initiated social e-commerce recommendation},
  author={Xu, Fengli and Lian, Jianxun and Han, Zhenyu and Li, Yong and Xu, Yujian and Xie, Xing},
  booktitle={Proceedings of CIKM},
  pages={529--538},
  year={2019}
}

@inproceedings{jiang2019dynamic,
  title={Dynamic Hypergraph Neural Networks.},
  author={Jiang, Jianwen and Wei, Yuxuan and Feng, Yifan and Cao, Jingxuan and Gao, Yue},
  booktitle={Proceedings of IJCAI},
  pages={2635--2641},
  year={2019}
}

@article{hamilton2017inductive,
  title={Inductive representation learning on large graphs},
  author={Hamilton, Will and Ying, Zhitao and Leskovec, Jure},
  journal={Proceedings of NeurIPS},
  volume={30},
  year={2017}
}

@article{pan2019learning,
  title={Learning graph embedding with adversarial training methods},
  author={Pan, Shirui and Hu, Ruiqi and Fung, Sai-fu and Long, Guodong and Jiang, Jing and Zhang, Chengqi},
  journal={IEEE transactions on cybernetics},
  volume={50},
  number={6},
  pages={2475--2487},
  year={2019},
  publisher={IEEE}
}

@inproceedings{jiang2019censnet,
  title={CensNet: Convolution with Edge-Node Switching in Graph Neural Networks.},
  author={Jiang, Xiaodong and Ji, Pengsheng and Li, Sheng},
  booktitle={Proceedings of IJCAI},
  pages={2656--2662},
  year={2019}
}

@inproceedings{tu2017transnet,
  title={TransNet: Translation-Based Network Representation Learning for Social Relation Extraction.},
  author={Tu, Cunchao and Zhang, Zhengyan and Liu, Zhiyuan and Sun, Maosong},
  booktitle={Proceedings of IJCAI},
  pages={2864--2870},
  year={2017}
}

@inproceedings{lin2015learning,
  title={Learning entity and relation embeddings for knowledge graph completion},
  author={Lin, Yankai and Liu, Zhiyuan and Sun, Maosong and Liu, Yang and Zhu, Xuan},
  booktitle={Proceedings of AAAI},
  volume={29},
  number={1},
  year={2015}
}

@inproceedings{wang2014knowledge,
  title={Knowledge graph embedding by translating on hyperplanes},
  author={Wang, Zhen and Zhang, Jianwen and Feng, Jianlin and Chen, Zheng},
  booktitle={Proceedings of AAAI},
  volume={28},
  number={1},
  year={2014}
}

@article{he2020realformer,
  title={Realformer: Transformer likes residual attention},
  author={He, Ruining and Ravula, Anirudh and Kanagal, Bhargav and Ainslie, Joshua},
  journal={arXiv preprint arXiv:2012.11747},
  year={2020}
}


@article{shi2022heterogeneous,
  title={Heterogeneous graph neural networks},
  author={Shi, Chuan},
  journal={Graph Neural Networks: Foundations, Frontiers, and Applications},
  pages={351--369},
  year={2022},
  publisher={Springer}
}

@article{xu2022explicit,
  title={Explicit Message-Passing Heterogeneous Graph Neural Network},
  author={Xu, Lei and He, Zhen-Yu and Wang, Kai and Wang, Chang-Dong and Huang, Shu-Qiang},
  journal={IEEE Transactions on Knowledge and Data Engineering},
  year={2022},
  publisher={IEEE}
}

@inproceedings{ding2021diffmg,
  title={Diffmg: Differentiable meta graph search for heterogeneous graph neural networks},
  author={Ding, Yuhui and Yao, Quanming and Zhao, Huan and Zhang, Tong},
  booktitle={Proceedings of KDD},
  pages={279--288},
  year={2021}
}

@inproceedings{yu2022multiplex,
  title={Multiplex heterogeneous graph convolutional network},
  author={Yu, Pengyang and Fu, Chaofan and Yu, Yanwei and Huang, Chao and Zhao, Zhongying and Dong, Junyu},
  booktitle={Proceedings of KDD},
  pages={2377--2387},
  year={2022}
}


@inproceedings{cantador2011second,
  title={Second workshop on information heterogeneity and fusion in recommender systems (HetRec2011)},
  author={Cantador, Iv{\'a}n and Brusilovsky, Peter and Kuflik, Tsvi},
  booktitle={Proceedings of RecSys},
  pages={387--388},
  year={2011}
}

@inproceedings{yang2023simple,
  title={Simple and efficient heterogeneous graph neural network},
  author={Yang, Xiaocheng and Yan, Mingyu and Pan, Shirui and Ye, Xiaochun and Fan, Dongrui},
  booktitle={Proceedings of AAAI},
  volume={37},
  number={9},
  pages={10816--10824},
  year={2023}
}

@inproceedings{li2022multi,
  title={Multi-hierarchical spatial-temporal graph convolutional networks for traffic flow forecasting},
  author={Li, Zilong and Ren, Qianqian and Chen, Long and Sui, Xiaohong and Li, Jinbao},
  booktitle={Proceedings of ICPR},
  pages={4913--4919},
  year={2022},
  organization={IEEE}
}

@article{yun2019graph,
  title={Graph transformer networks},
  author={Yun, Seongjun and Jeong, Minbyul and Kim, Raehyun and Kang, Jaewoo and Kim, Hyunwoo J},
  journal={Proceedings of NeurIPS},
  volume={32},
  year={2019}
}

@inproceedings{hu2020heterogeneous,
  title={Heterogeneous graph transformer},
  author={Hu, Ziniu and Dong, Yuxiao and Wang, Kuansan and Sun, Yizhou},
  booktitle={Proceedings of WWW},
  pages={2704--2710},
  year={2020}
}


@article{liao2018attributed,
  title={Attributed social network embedding},
  author={Liao, Lizi and He, Xiangnan and Zhang, Hanwang and Chua, Tat-Seng},
  journal={IEEE Transactions on Knowledge and Data Engineering},
  volume={30},
  number={12},
  pages={2257--2270},
  year={2018},
  publisher={IEEE}
}


@article{bullinaria2007extracting,
  title={Extracting semantic representations from word co-occurrence statistics: A computational study},
  author={Bullinaria, John A and Levy, Joseph P},
  journal={Behavior research methods},
  volume={39},
  pages={510--526},
  year={2007},
  publisher={Springer}
}

@article{vincent2010stacked,
  title={Stacked denoising autoencoders: Learning useful representations in a deep network with a local denoising criterion.},
  author={Vincent, Pascal and Larochelle, Hugo and Lajoie, Isabelle and Bengio, Yoshua and Manzagol, Pierre-Antoine and Bottou, L{\'e}on},
  journal={Journal of machine learning research},
  volume={11},
  number={12},
  year={2010}
}

@inproceedings{tu2017cane,
  title={Cane: Context-aware network embedding for relation modeling},
  author={Tu, Cunchao and Liu, Han and Liu, Zhiyuan and Sun, Maosong},
  booktitle={Proceedings of ACL},
  pages={1722--1731},
  year={2017}
}



@article{vaswani2017attention,
  title={Attention is all you need},
  author={Vaswani, Ashish and Shazeer, Noam and Parmar, Niki and Uszkoreit, Jakob and Jones, Llion and Gomez, Aidan N and Kaiser, {\L}ukasz and Polosukhin, Illia},
  journal={Proceedings of NeurIPS},
  volume={30},
  year={2017}
}

@article{lecun2015deep,
  title={Deep learning},
  author={LeCun, Yann and Bengio, Yoshua and Hinton, Geoffrey},
  journal={nature},
  volume={521},
  number={7553},
  pages={436--444},
  year={2015},
  publisher={Nature Publishing Group UK London}
}

@inproceedings{liu2018content,
  title={Content to node: Self-translation network embedding},
  author={Liu, Jie and He, Zhicheng and Wei, Lai and Huang, Yalou},
  booktitle={Proceedings of KDD},
  pages={1794--1802},
  year={2018}
}


@article{sutskever2014sequence,
  title={Sequence to sequence learning with neural networks},
  author={Sutskever, Ilya and Vinyals, Oriol and Le, Quoc V},
  journal={Proceedings of NeurIPS},
  volume={27},
  year={2014}
}

@inproceedings{gao2018deep,
  title={Deep attributed network embedding},
  author={Gao, Hongchang and Huang, Heng},
  booktitle={Proceedings of IJCAI},
  year={2018}
}

@inproceedings{gao2018self,
  title={Self-paced network embedding},
  author={Gao, Hongchang and Huang, Heng},
  booktitle={Proceedings of KDD},
  pages={1406--1415},
  year={2018}
}

@article{shen2018deep,
  title={Deep network embedding for graph representation learning in signed networks},
  author={Shen, Xiao and Chung, Fu-Lai},
  journal={IEEE transactions on cybernetics},
  volume={50},
  number={4},
  pages={1556--1568},
  year={2018},
  publisher={IEEE}
}

@article{davis1967clustering,
  title={Clustering and structural balance in graphs},
  author={Davis, James A},
  journal={Human relations},
  volume={20},
  number={2},
  pages={181--187},
  year={1967},
  publisher={Sage Publications Sage CA: Thousand Oaks, CA}
}

@article{wang2020node,
  title={Node pair information preserving network embedding based on adversarial networks},
  author={Wang, Chang-Dong and Shi, Wei and Huang, Ling and Lin, Kun-Yu and Huang, Dong and Philip, S Yu},
  journal={IEEE Transactions on Cybernetics},
  volume={52},
  number={7},
  pages={5908--5922},
  year={2020},
  publisher={IEEE}
}


@inproceedings{ye2019vectorized,
  title={A vectorized relational graph convolutional network for multi-relational network alignment.},
  author={Ye, Rui and Li, Xin and Fang, Yujie and Zang, Hongyu and Wang, Mingzhong},
  booktitle={Proceedings of IJCAI},
  pages={4135--4141},
  year={2019}
}

@inproceedings{horn1990hadamard,
  title={The hadamard product},
  author={Horn, Roger A},
  booktitle={Proc. Symp. Appl. Math},
  volume={40},
  pages={87--169},
  year={1990}
}

