@inproceedings{Achiam2023GPT4TR,
  title={GPT-4 Technical Report},
  author={OpenAI Josh Achiam and Steven Adler and Sandhini Agarwal and Lama Ahmad and Ilge Akkaya and Florencia Leoni Aleman and others},
  year={2023},
  url={https://api.semanticscholar.org/CorpusID:257532815}
}

@article{Azerbayev2023LlemmaAO,
  title={Llemma: An Open Language Model For Mathematics},
  author={Zhangir Azerbayev and Hailey Schoelkopf and Keiran Paster and Marco Dos Santos and Stephen Marcus McAleer and Albert Q. Jiang and Jia Deng and Stella Biderman and Sean Welleck},
  journal={ArXiv},
  year={2023},
  volume={abs/2310.10631},
  url={https://api.semanticscholar.org/CorpusID:264172303}
}

@article{Chen2022ProgramOT,
  title={Program of Thoughts Prompting: Disentangling Computation from Reasoning for Numerical Reasoning Tasks},
  author={Wenhu Chen and Xueguang Ma and Xinyi Wang and William W. Cohen},
  journal={Trans. Mach. Learn. Res.},
  year={2022},
  volume={2023},
  url={https://api.semanticscholar.org/CorpusID:253801709}
}

@article{Chen2024AlphaMathAZ,
  title={AlphaMath Almost Zero: process Supervision without process},
  author={Guoxin Chen and Minpeng Liao and Chengxi Li and Kai Fan},
  journal={ArXiv},
  year={2024},
  volume={abs/2405.03553},
  url={https://api.semanticscholar.org/CorpusID:269605484}
}

@article{DeepSeekAI2024DeepSeekCoderV2BT,
  title={DeepSeek-Coder-V2: Breaking the Barrier of Closed-Source Models in Code Intelligence},
  author={DeepSeek-AI and Qihao Zhu and Daya Guo and Zhihong Shao and Dejian Yang and Peiyi Wang and Runxin Xu and Y. Wu and Yukun Li and Huazuo Gao and Shirong Ma and Wangding Zeng and Xiao Bi and Zihui Gu and Hanwei Xu and Damai Dai and Kai Dong and Liyue Zhang and Yishi Piao and Zhibin Gou and Zhenda Xie and Zhewen Hao and Bing-Li Wang and Jun-Mei Song and Deli Chen and Xin Xie and Kang Guan and Yu-mei You and Aixin Liu and Qiushi Du and Wenjun Gao and Xuan Lu and Qinyu Chen and Yaohui Wang and Chengqi Deng and Jiashi Li and Chenggang Zhao and Chong Ruan and Fuli Luo and Wenfeng Liang},
  journal={ArXiv},
  year={2024},
  volume={abs/2406.11931},
  url={https://api.semanticscholar.org/CorpusID:270562723}
}

@article{Gao2022PALPL,
  title={PAL: Program-aided Language Models},
  author={Luyu Gao and Aman Madaan and Shuyan Zhou and Uri Alon and Pengfei Liu and Yiming Yang and Jamie Callan and Graham Neubig},
  journal={ArXiv},
  year={2022},
  volume={abs/2211.10435},
  url={https://api.semanticscholar.org/CorpusID:253708270}
}

@article{Gou2023ToRAAT,
  title={ToRA: A Tool-Integrated Reasoning Agent for Mathematical Problem Solving},
  author={Zhibin Gou and Zhihong Shao and Yeyun Gong and Yelong Shen and Yujiu Yang and Minlie Huang and Nan Duan and Weizhu Chen},
  journal={ArXiv},
  year={2023},
  volume={abs/2309.17452},
  url={https://api.semanticscholar.org/CorpusID:263310365}
}

@article{Kojima2022LargeLM,
  title={Large Language Models are Zero-Shot Reasoners},
  author={Takeshi Kojima and Shixiang Shane Gu and Machel Reid and Yutaka Matsuo and Yusuke Iwasawa},
  journal={ArXiv},
  year={2022},
  volume={abs/2205.11916},
  url={https://api.semanticscholar.org/CorpusID:249017743}
}

@article{Lewkowycz2022SolvingQR,
  title={Solving Quantitative Reasoning Problems with Language Models},
  author={Aitor Lewkowycz and Anders Andreassen and David Dohan and Ethan Dyer and Henryk Michalewski and Vinay Venkatesh Ramasesh and Ambrose Slone and Cem Anil and Imanol Schlag and Theo Gutman-Solo and Yuhuai Wu and Behnam Neyshabur and Guy Gur-Ari and Vedant Misra},
  journal={ArXiv},
  year={2022},
  volume={abs/2206.14858},
  url={https://api.semanticscholar.org/CorpusID:250144408}
}

@article{Lightman2023LetsVS,
  title={Let's Verify Step by Step},
  author={Hunter Lightman and Vineet Kosaraju and Yura Burda and Harrison Edwards and Bowen Baker and Teddy Lee and Jan Leike and John Schulman and Ilya Sutskever and Karl Cobbe},
  journal={ArXiv},
  year={2023},
  volume={abs/2305.20050},
  url={https://api.semanticscholar.org/CorpusID:258987659}
}

@article{Mitra2024OrcaMathUT,
  title={Orca-Math: Unlocking the potential of SLMs in Grade School Math},
  author={Arindam Mitra and Hamed Khanpour and Corby Rosset and Ahmed Awadallah},
  journal={ArXiv},
  year={2024},
  volume={abs/2402.14830},
  url={https://api.semanticscholar.org/CorpusID:267897618}
}

@article{Paster2023OpenWebMathAO,
  title={OpenWebMath: An Open Dataset of High-Quality Mathematical Web Text},
  author={Keiran Paster and Marco Dos Santos and Zhangir Azerbayev and Jimmy Ba},
  journal={ArXiv},
  year={2023},
  volume={abs/2310.06786},
  url={https://api.semanticscholar.org/CorpusID:263829563}
}

@article{Shao2024DeepSeekMathPT,
  title={DeepSeekMath: Pushing the Limits of Mathematical Reasoning in Open Language Models},
  author={Zhihong Shao and Peiyi Wang and Qihao Zhu and Runxin Xu and Jun-Mei Song and Mingchuan Zhang and Y. K. Li and Yu Wu and Daya Guo},
  journal={ArXiv},
  year={2024},
  volume={abs/2402.03300},
  url={https://api.semanticscholar.org/CorpusID:267412607}
}

@article{Taylor2022GalacticaAL,
  title={Galactica: A Large Language Model for Science},
  author={Ross Taylor and Marcin Kardas and Guillem Cucurull and Thomas Scialom and Anthony S. Hartshorn and Elvis Saravia and Andrew Poulton and Viktor Kerkez and Robert Stojnic},
  journal={ArXiv},
  year={2022},
  volume={abs/2211.09085},
  url={https://api.semanticscholar.org/CorpusID:253553203}
}

@article{Tong2024DARTMathDR,
  title={DART-Math: Difficulty-Aware Rejection Tuning for Mathematical Problem-Solving},
  author={Yuxuan Tong and Xiwen Zhang and Rui Wang and Rui Min Wu and Junxian He},
  journal={ArXiv},
  year={2024},
  volume={abs/2407.13690},
  url={https://api.semanticscholar.org/CorpusID:271270574}
}

@article{Toshniwal2024OpenMathInstruct1A1,
  title={OpenMathInstruct-1: A 1.8 Million Math Instruction Tuning Dataset},
  author={Shubham Toshniwal and Ivan Moshkov and Sean Narenthiran and Daria Gitman and Fei Jia and Igor Gitman},
  journal={ArXiv},
  year={2024},
  volume={abs/2402.10176},
  url={https://api.semanticscholar.org/CorpusID:267681752}
}

@article{Wang2023MathCoderSC,
  title={MathCoder: Seamless Code Integration in LLMs for Enhanced Mathematical Reasoning},
  author={Ke Wang and Houxing Ren and Aojun Zhou and Zimu Lu and Sichun Luo and Weikang Shi and Renrui Zhang and Linqi Song and Mingjie Zhan and Hongsheng Li},
  journal={ArXiv},
  year={2023},
  volume={abs/2310.03731},
  url={https://api.semanticscholar.org/CorpusID:263671510}
}

@article{Wang2023MathShepherdVA,
  title={Math-Shepherd: Verify and Reinforce LLMs Step-by-step without Human Annotations},
  author={Peiyi Wang and Lei Li and Zhihong Shao and Runxin Xu and Damai Dai and Yifei Li and Deli Chen and Y.Wu and Zhifang Sui},
  journal={ArXiv},
  year={2023},
  volume={abs/2312.08935},
  url={https://api.semanticscholar.org/CorpusID:266209760}
}

@article{Wei2022ChainOT,
  title={Chain of Thought Prompting Elicits Reasoning in Large Language Models},
  author={Jason Wei and Xuezhi Wang and Dale Schuurmans and Maarten Bosma and Ed Huai-hsin Chi and F. Xia and Quoc Le and Denny Zhou},
  journal={ArXiv},
  year={2022},
  volume={abs/2201.11903},
  url={https://api.semanticscholar.org/CorpusID:246411621}
}

@article{Xi2024TrainingLL,
  title={Training Large Language Models for Reasoning through Reverse Curriculum Reinforcement Learning},
  author={Zhiheng Xi and Wenxiang Chen and Boyang Hong and Senjie Jin and Rui Zheng and Wei He and Yiwen Ding and Shichun Liu and Xin Guo and Junzhe Wang and Honglin Guo and Wei Shen and Xiaoran Fan and Yuhao Zhou and Shihan Dou and Xiao Wang and Xinbo Zhang and Peng Sun and Tao Gui and Qi Zhang and Xuanjing Huang},
  journal={ArXiv},
  year={2024},
  volume={abs/2402.05808},
  url={https://api.semanticscholar.org/CorpusID:267547500}
}

@article{Yin2024MuMathCodeCT,
  title={MuMath-Code: Combining Tool-Use Large Language Models with Multi-perspective Data Augmentation for Mathematical Reasoning},
  author={Shuo Yin and Weihao You and Zhilong Ji and Guoqiang Zhong and Jinfeng Bai},
  journal={ArXiv},
  year={2024},
  volume={abs/2405.07551},
  url={https://api.semanticscholar.org/CorpusID:269756851}
}

@article{Ying2024InternLMMathOM,
  title={InternLM-Math: Open Math Large Language Models Toward Verifiable Reasoning},
  author={Huaiyuan Ying and Shuo Zhang and Linyang Li and Zhejian Zhou and Yunfan Shao and Zhaoye Fei and Yichuan Ma and Jiawei Hong and Kuikun Liu and Ziyi Wang and Yudong Wang and Zijian Wu and Shuaibin Li and Fengzhe Zhou and Hongwei Liu and Songyang Zhang and Wenwei Zhang and Hang Yan and Xipeng Qiu and Jiayu Wang and Kai Chen and Dahua Lin},
  journal={ArXiv},
  year={2024},
  volume={abs/2402.06332},
  url={https://api.semanticscholar.org/CorpusID:267617098}
}

@article{Yu2023MetaMathBY,
  title={MetaMath: Bootstrap Your Own Mathematical Questions for Large Language Models},
  author={Long Long Yu and Weisen Jiang and Han Shi and Jincheng Yu and Zhengying Liu and Yu Zhang and James T. Kwok and Zheng Li and Adrian Weller and Weiyang Liu},
  journal={ArXiv},
  year={2023},
  volume={abs/2309.12284},
  url={https://api.semanticscholar.org/CorpusID:262084051}
}

@inproceedings{Yu2023OVMOV,
  title={OVM, Outcome-supervised Value Models for Planning in Mathematical Reasoning},
  author={Fei Yu and Anningzhe Gao and Benyou Wang},
  booktitle={NAACL-HLT},
  year={2023},
  url={https://api.semanticscholar.org/CorpusID:265221057}
}

@article{Yue2023MAmmoTHBM,
  title={MAmmoTH: Building Math Generalist Models through Hybrid Instruction Tuning},
  author={Xiang Yue and Xingwei Qu and Ge Zhang and Yao Fu and Wenhao Huang and Huan Sun and Yu Su and Wenhu Chen},
  journal={ArXiv},
  year={2023},
  volume={abs/2309.05653},
  url={https://api.semanticscholar.org/CorpusID:261696697}
}

@misc{lightman2023letsverifystepstep,
      title={Let's Verify Step by Step}, 
      author={Hunter Lightman and Vineet Kosaraju and Yura Burda and Harri Edwards and Bowen Baker and Teddy Lee and Jan Leike and John Schulman and Ilya Sutskever and Karl Cobbe},
      year={2023},
      eprint={2305.20050},
      archivePrefix={arXiv},
      primaryClass={cs.LG},
      url={https://arxiv.org/abs/2305.20050}, 
}

@misc{numina_math_7b,
  author = {Edward Beeching and Shengyi Costa Huang and Albert Jiang and Jia Li and Benjamin Lipkin and Zihan Qina and Kashif Rasul and Ziju Shen and Roman Soletskyi and Lewis Tunstall},
  title = {NuminaMath 7B TIR},
  year = {2024},
  publisher = {Numina & Hugging Face},
  journal = {Hugging Face repository},
  howpublished = {\url{https://huggingface.co/AI-MO/NuminaMath-7B-TIR}}
}

