@article{Brown2020LanguageMA,
  title={Language Models are Few-Shot Learners},
  author={Tom B. Brown and Benjamin Mann and Nick Ryder and Melanie Subbiah and Jared Kaplan and Prafulla Dhariwal and Arvind Neelakantan and Pranav Shyam and Girish Sastry and Amanda Askell and Sandhini Agarwal and Ariel Herbert-Voss and Gretchen Krueger and Tom Henighan and Rewon Child and Aditya Ramesh and Daniel M. Ziegler and Jeff Wu and Clemens Winter and Christopher Hesse and Mark Chen and Eric Sigler and Ma-teusz Litwin and Scott Gray and Benjamin Chess and Jack Clark and Christopher Berner and Sam McCandlish and Alec Radford and Ilya Sutskever and Dario Amodei},
  journal={ArXiv},
  year={2020},
  volume={abs/2005.14165},
  url={https://api.semanticscholar.org/CorpusID:218971783}
}
@article{Chowdhery2022PaLMSL,
  title={PaLM: Scaling Language Modeling with Pathways},
  author={Aakanksha Chowdhery and Sharan Narang and Jacob Devlin and Maarten Bosma and Gaurav Mishra and Adam Roberts and Paul Barham and Hyung Won Chung and Charles Sutton and Sebastian Gehrmann and Parker Schuh and Kensen Shi and Sasha Tsvyashchenko and Joshua Maynez and Abhishek Rao and Parker Barnes and Yi Tay and Noam M. Shazeer and Vinodkumar Prabhakaran and Emily Reif and Nan Du and Ben Hutchinson and Reiner Pope and James Bradbury and Jacob Austin and Michael Isard and Guy Gur-Ari and Pengcheng Yin and Toju Duke and Anselm Levskaya and Sanjay Ghemawat and Sunipa Dev and Henryk Michalewski and Xavier Garc{\'i}a and Vedant Misra and Kevin Robinson and Liam Fedus and Denny Zhou and Daphne Ippolito and David Luan and Hyeontaek Lim and Barret Zoph and Alexander Spiridonov and Ryan Sepassi and David Dohan and Shivani Agrawal and Mark Omernick and Andrew M. Dai and Thanumalayan Sankaranarayana Pillai and Marie Pellat and Aitor Lewkowycz and Erica Moreira and Rewon Child and Oleksandr Polozov and Katherine Lee and Zongwei Zhou and Xuezhi Wang and Brennan Saeta and Mark D{\'i}az and Orhan Firat and Michele Catasta and Jason Wei and Kathleen S. Meier-Hellstern and Douglas Eck and Jeff Dean and Slav Petrov and Noah Fiedel},
  journal={ArXiv},
  year={2022},
  volume={abs/2204.02311},
  url={https://api.semanticscholar.org/CorpusID:247951931}
}
@inproceedings{Achiam2023GPT4TR,
  title={GPT-4 Technical Report},
  author={OpenAI Josh Achiam and Steven Adler and Sandhini Agarwal and Lama Ahmad and Ilge Akkaya and Florencia Leoni Aleman and others},
  year={2023},
  url={https://api.semanticscholar.org/CorpusID:257532815}
}
@article{Reid2024Gemini1U,
  title={Gemini 1.5: Unlocking multimodal understanding across millions of tokens of context},
  author={Machel Reid and Nikolay Savinov and Denis Teplyashin and Dmitry Lepikhin and Timothy P. Lillicrap and Jean-Baptiste Alayrac and others},
  journal={ArXiv},
  year={2024},
  volume={abs/2403.05530},
  url={https://api.semanticscholar.org/CorpusID:268297180}
}

@article{Cobbe2021TrainingVT,
  title={Training Verifiers to Solve Math Word Problems},
  author={Karl Cobbe and Vineet Kosaraju and Mohammad Bavarian and Mark Chen and Heewoo Jun and Lukasz Kaiser and Matthias Plappert and Jerry Tworek and Jacob Hilton and Reiichiro Nakano and Christopher Hesse and John Schulman},
  journal={ArXiv},
  year={2021},
  volume={abs/2110.14168},
  url={https://api.semanticscholar.org/CorpusID:239998651}
}

@article{Hendrycks2021MeasuringMP,
  title={Measuring Mathematical Problem Solving With the MATH Dataset},
  author={Dan Hendrycks and Collin Burns and Saurav Kadavath and Akul Arora and Steven Basart and Eric Tang and Dawn Xiaodong Song and Jacob Steinhardt},
  journal={ArXiv},
  year={2021},
  volume={abs/2103.03874},
  url={https://api.semanticscholar.org/CorpusID:232134851}
}

@article{Fang2024MathOdysseyBM,
  title={MathOdyssey: Benchmarking Mathematical Problem-Solving Skills in Large Language Models Using Odyssey Math Data},
  author={Meng Fang and Xiangpeng Wan and Fei Lu and Fei Xing and Kai Zou},
  journal={ArXiv},
  year={2024},
  volume={abs/2406.18321},
  url={https://api.semanticscholar.org/CorpusID:270737739}
}

@article{He2024OlympiadBenchAC,
  title={OlympiadBench: A Challenging Benchmark for Promoting AGI with Olympiad-Level Bilingual Multimodal Scientific Problems},
  author={Chaoqun He and Renjie Luo and Yuzhuo Bai and Shengding Hu and Zhen Leng Thai and Junhao Shen and Jinyi Hu and Xu Han and Yujie Huang and Yuxiang Zhang and Jie Liu and Lei Qi and Zhiyuan Liu and Maosong Sun},
  journal={ArXiv},
  year={2024},
  volume={abs/2402.14008},
  url={https://api.semanticscholar.org/CorpusID:267770504}
}

@article{Arora2023HaveLA,
  title={Have LLMs Advanced Enough? A Challenging Problem Solving Benchmark For Large Language Models},
  author={Daman Arora and Himanshu Gaurav Singh and Mausam},
  journal={ArXiv},
  year={2023},
  volume={abs/2305.15074},
  url={https://api.semanticscholar.org/CorpusID:258866000}
}

@article{Wei2022ChainOT,
  title={Chain of Thought Prompting Elicits Reasoning in Large Language Models},
  author={Jason Wei and Xuezhi Wang and Dale Schuurmans and Maarten Bosma and Ed Huai-hsin Chi and F. Xia and Quoc Le and Denny Zhou},
  journal={ArXiv},
  year={2022},
  volume={abs/2201.11903},
  url={https://api.semanticscholar.org/CorpusID:246411621}
}

@article{Kojima2022LargeLM,
  title={Large Language Models are Zero-Shot Reasoners},
  author={Takeshi Kojima and Shixiang Shane Gu and Machel Reid and Yutaka Matsuo and Yusuke Iwasawa},
  journal={ArXiv},
  year={2022},
  volume={abs/2205.11916},
  url={https://api.semanticscholar.org/CorpusID:249017743}
}
@article{Wang2022SelfConsistencyIC,
  title={Self-Consistency Improves Chain of Thought Reasoning in Language Models},
  author={Xuezhi Wang and Jason Wei and Dale Schuurmans and Quoc Le and Ed Huai-hsin Chi and Denny Zhou},
  journal={ArXiv},
  year={2022},
  volume={abs/2203.11171},
  url={https://api.semanticscholar.org/CorpusID:247595263}
}

@article{Gao2022PALPL,
  title={PAL: Program-aided Language Models},
  author={Luyu Gao and Aman Madaan and Shuyan Zhou and Uri Alon and Pengfei Liu and Yiming Yang and Jamie Callan and Graham Neubig},
  journal={ArXiv},
  year={2022},
  volume={abs/2211.10435},
  url={https://api.semanticscholar.org/CorpusID:253708270}
}

@article{Chen2022ProgramOT,
  title={Program of Thoughts Prompting: Disentangling Computation from Reasoning for Numerical Reasoning Tasks},
  author={Wenhu Chen and Xueguang Ma and Xinyi Wang and William W. Cohen},
  journal={Trans. Mach. Learn. Res.},
  year={2022},
  volume={2023},
  url={https://api.semanticscholar.org/CorpusID:253801709}
}

@article{Ying2024InternLMMathOM,
  title={InternLM-Math: Open Math Large Language Models Toward Verifiable Reasoning},
  author={Huaiyuan Ying and Shuo Zhang and Linyang Li and Zhejian Zhou and Yunfan Shao and Zhaoye Fei and Yichuan Ma and Jiawei Hong and Kuikun Liu and Ziyi Wang and Yudong Wang and Zijian Wu and Shuaibin Li and Fengzhe Zhou and Hongwei Liu and Songyang Zhang and Wenwei Zhang and Hang Yan and Xipeng Qiu and Jiayu Wang and Kai Chen and Dahua Lin},
  journal={ArXiv},
  year={2024},
  volume={abs/2402.06332},
  url={https://api.semanticscholar.org/CorpusID:267617098}
}

@article{DeepSeekAI2024DeepSeekCoderV2BT,
  title={DeepSeek-Coder-V2: Breaking the Barrier of Closed-Source Models in Code Intelligence},
  author={DeepSeek-AI and Qihao Zhu and Daya Guo and Zhihong Shao and Dejian Yang and Peiyi Wang and Runxin Xu and Y. Wu and Yukun Li and Huazuo Gao and Shirong Ma and Wangding Zeng and Xiao Bi and Zihui Gu and Hanwei Xu and Damai Dai and Kai Dong and Liyue Zhang and Yishi Piao and Zhibin Gou and Zhenda Xie and Zhewen Hao and Bing-Li Wang and Jun-Mei Song and Deli Chen and Xin Xie and Kang Guan and Yu-mei You and Aixin Liu and Qiushi Du and Wenjun Gao and Xuan Lu and Qinyu Chen and Yaohui Wang and Chengqi Deng and Jiashi Li and Chenggang Zhao and Chong Ruan and Fuli Luo and Wenfeng Liang},
  journal={ArXiv},
  year={2024},
  volume={abs/2406.11931},
  url={https://api.semanticscholar.org/CorpusID:270562723}
}

@article{Azerbayev2023LlemmaAO,
  title={Llemma: An Open Language Model For Mathematics},
  author={Zhangir Azerbayev and Hailey Schoelkopf and Keiran Paster and Marco Dos Santos and Stephen Marcus McAleer and Albert Q. Jiang and Jia Deng and Stella Biderman and Sean Welleck},
  journal={ArXiv},
  year={2023},
  volume={abs/2310.10631},
  url={https://api.semanticscholar.org/CorpusID:264172303}
}

@article{Lewkowycz2022SolvingQR,
  title={Solving Quantitative Reasoning Problems with Language Models},
  author={Aitor Lewkowycz and Anders Andreassen and David Dohan and Ethan Dyer and Henryk Michalewski and Vinay Venkatesh Ramasesh and Ambrose Slone and Cem Anil and Imanol Schlag and Theo Gutman-Solo and Yuhuai Wu and Behnam Neyshabur and Guy Gur-Ari and Vedant Misra},
  journal={ArXiv},
  year={2022},
  volume={abs/2206.14858},
  url={https://api.semanticscholar.org/CorpusID:250144408}
}

@article{Paster2023OpenWebMathAO,
  title={OpenWebMath: An Open Dataset of High-Quality Mathematical Web Text},
  author={Keiran Paster and Marco Dos Santos and Zhangir Azerbayev and Jimmy Ba},
  journal={ArXiv},
  year={2023},
  volume={abs/2310.06786},
  url={https://api.semanticscholar.org/CorpusID:263829563}
}

@article{Taylor2022GalacticaAL,
  title={Galactica: A Large Language Model for Science},
  author={Ross Taylor and Marcin Kardas and Guillem Cucurull and Thomas Scialom and Anthony S. Hartshorn and Elvis Saravia and Andrew Poulton and Viktor Kerkez and Robert Stojnic},
  journal={ArXiv},
  year={2022},
  volume={abs/2211.09085},
  url={https://api.semanticscholar.org/CorpusID:253553203}
}

@article{Yu2023MetaMathBY,
  title={MetaMath: Bootstrap Your Own Mathematical Questions for Large Language Models},
  author={Long Long Yu and Weisen Jiang and Han Shi and Jincheng Yu and Zhengying Liu and Yu Zhang and James T. Kwok and Zheng Li and Adrian Weller and Weiyang Liu},
  journal={ArXiv},
  year={2023},
  volume={abs/2309.12284},
  url={https://api.semanticscholar.org/CorpusID:262084051}
}

@article{Yue2023MAmmoTHBM,
  title={MAmmoTH: Building Math Generalist Models through Hybrid Instruction Tuning},
  author={Xiang Yue and Xingwei Qu and Ge Zhang and Yao Fu and Wenhao Huang and Huan Sun and Yu Su and Wenhu Chen},
  journal={ArXiv},
  year={2023},
  volume={abs/2309.05653},
  url={https://api.semanticscholar.org/CorpusID:261696697}
}

@article{Gou2023ToRAAT,
  title={ToRA: A Tool-Integrated Reasoning Agent for Mathematical Problem Solving},
  author={Zhibin Gou and Zhihong Shao and Yeyun Gong and Yelong Shen and Yujiu Yang and Minlie Huang and Nan Duan and Weizhu Chen},
  journal={ArXiv},
  year={2023},
  volume={abs/2309.17452},
  url={https://api.semanticscholar.org/CorpusID:263310365}
}

@article{Wang2023MathCoderSC,
  title={MathCoder: Seamless Code Integration in LLMs for Enhanced Mathematical Reasoning},
  author={Ke Wang and Houxing Ren and Aojun Zhou and Zimu Lu and Sichun Luo and Weikang Shi and Renrui Zhang and Linqi Song and Mingjie Zhan and Hongsheng Li},
  journal={ArXiv},
  year={2023},
  volume={abs/2310.03731},
  url={https://api.semanticscholar.org/CorpusID:263671510}
}

@article{Shao2024DeepSeekMathPT,
  title={DeepSeekMath: Pushing the Limits of Mathematical Reasoning in Open Language Models},
  author={Zhihong Shao and Peiyi Wang and Qihao Zhu and Runxin Xu and Jun-Mei Song and Mingchuan Zhang and Y. K. Li and Yu Wu and Daya Guo},
  journal={ArXiv},
  year={2024},
  volume={abs/2402.03300},
  url={https://api.semanticscholar.org/CorpusID:267412607}
}

@article{Toshniwal2024OpenMathInstruct1A1,
  title={OpenMathInstruct-1: A 1.8 Million Math Instruction Tuning Dataset},
  author={Shubham Toshniwal and Ivan Moshkov and Sean Narenthiran and Daria Gitman and Fei Jia and Igor Gitman},
  journal={ArXiv},
  year={2024},
  volume={abs/2402.10176},
  url={https://api.semanticscholar.org/CorpusID:267681752}
}

@article{Mitra2024OrcaMathUT,
  title={Orca-Math: Unlocking the potential of SLMs in Grade School Math},
  author={Arindam Mitra and Hamed Khanpour and Corby Rosset and Ahmed Awadallah},
  journal={ArXiv},
  year={2024},
  volume={abs/2402.14830},
  url={https://api.semanticscholar.org/CorpusID:267897618}
}

@misc{numina_math_7b,
  author = {Edward Beeching and Shengyi Costa Huang and Albert Jiang and Jia Li and Benjamin Lipkin and Zihan Qina and Kashif Rasul and Ziju Shen and Roman Soletskyi and Lewis Tunstall},
  title = {NuminaMath 7B TIR},
  year = {2024},
  publisher = {Numina & Hugging Face},
  journal = {Hugging Face repository},
  howpublished = {\url{https://huggingface.co/AI-MO/NuminaMath-7B-TIR}}
}

@article{Yin2024MuMathCodeCT,
  title={MuMath-Code: Combining Tool-Use Large Language Models with Multi-perspective Data Augmentation for Mathematical Reasoning},
  author={Shuo Yin and Weihao You and Zhilong Ji and Guoqiang Zhong and Jinfeng Bai},
  journal={ArXiv},
  year={2024},
  volume={abs/2405.07551},
  url={https://api.semanticscholar.org/CorpusID:269756851}
}

@article{Tong2024DARTMathDR,
  title={DART-Math: Difficulty-Aware Rejection Tuning for Mathematical Problem-Solving},
  author={Yuxuan Tong and Xiwen Zhang and Rui Wang and Rui Min Wu and Junxian He},
  journal={ArXiv},
  year={2024},
  volume={abs/2407.13690},
  url={https://api.semanticscholar.org/CorpusID:271270574}
}

@article{Wang2023MathShepherdVA,
  title={Math-Shepherd: Verify and Reinforce LLMs Step-by-step without Human Annotations},
  author={Peiyi Wang and Lei Li and Zhihong Shao and Runxin Xu and Damai Dai and Yifei Li and Deli Chen and Y.Wu and Zhifang Sui},
  journal={ArXiv},
  year={2023},
  volume={abs/2312.08935},
  url={https://api.semanticscholar.org/CorpusID:266209760}
}

@inproceedings{Yu2023OVMOV,
  title={OVM, Outcome-supervised Value Models for Planning in Mathematical Reasoning},
  author={Fei Yu and Anningzhe Gao and Benyou Wang},
  booktitle={NAACL-HLT},
  year={2023},
  url={https://api.semanticscholar.org/CorpusID:265221057}
}

@article{Xi2024TrainingLL,
  title={Training Large Language Models for Reasoning through Reverse Curriculum Reinforcement Learning},
  author={Zhiheng Xi and Wenxiang Chen and Boyang Hong and Senjie Jin and Rui Zheng and Wei He and Yiwen Ding and Shichun Liu and Xin Guo and Junzhe Wang and Honglin Guo and Wei Shen and Xiaoran Fan and Yuhao Zhou and Shihan Dou and Xiao Wang and Xinbo Zhang and Peng Sun and Tao Gui and Qi Zhang and Xuanjing Huang},
  journal={ArXiv},
  year={2024},
  volume={abs/2402.05808},
  url={https://api.semanticscholar.org/CorpusID:267547500}
}

@article{Chen2024AlphaMathAZ,
  title={AlphaMath Almost Zero: process Supervision without process},
  author={Guoxin Chen and Minpeng Liao and Chengxi Li and Kai Fan},
  journal={ArXiv},
  year={2024},
  volume={abs/2405.03553},
  url={https://api.semanticscholar.org/CorpusID:269605484}
}

@article{jain2024livecodebench,
  author    = {Naman Jain and King Han and Alex Gu and Wen-Ding Li and Fanjia Yan and Tianjun Zhang and Sida Wang and Armando Solar-Lezama and Koushik Sen and Ion Stoica},
  title     = {LiveCodeBench: Holistic and Contamination Free Evaluation of Large Language Models for Code},
  year      = {2024},
  journal   = {arXiv preprint},
}

@article{Lightman2023LetsVS,
  title={Let's Verify Step by Step},
  author={Hunter Lightman and Vineet Kosaraju and Yura Burda and Harrison Edwards and Bowen Baker and Teddy Lee and Jan Leike and John Schulman and Ilya Sutskever and Karl Cobbe},
  journal={ArXiv},
  year={2023},
  volume={abs/2305.20050},
  url={https://api.semanticscholar.org/CorpusID:258987659}
}

@misc{claude,
  author = {Anthropic},
  title = {Introducing Claude 3.5},
  url = {https://www-cdn.anthropic.com/fed9cc193a14b84131812372d8d5857f8f304c52/Model_Card_Claude_3_Addendum.pdf},
  year = {2023}, 
}

@misc{gpt4o,
    author = {OpenAI},
    title = {"Hello GPT-4o."},
    url = {https://openai.com/index/hello-gpt-4o/},
    year = {June, 2024},
}

@misc{lightman2023letsverifystepstep,
      title={Let's Verify Step by Step}, 
      author={Hunter Lightman and Vineet Kosaraju and Yura Burda and Harri Edwards and Bowen Baker and Teddy Lee and Jan Leike and John Schulman and Ilya Sutskever and Karl Cobbe},
      year={2023},
      eprint={2305.20050},
      archivePrefix={arXiv},
      primaryClass={cs.LG},
      url={https://arxiv.org/abs/2305.20050}, 
}

@article{Zhou2022LeasttoMostPE,
  title={Least-to-Most Prompting Enables Complex Reasoning in Large Language Models},
  author={Denny Zhou and Nathanael Scharli and Le Hou and Jason Wei and Nathan Scales and Xuezhi Wang and Dale Schuurmans and Olivier Bousquet and Quoc Le and Ed Huai-hsin Chi},
  journal={ArXiv},
  year={2022},
  volume={abs/2205.10625},
  url={https://api.semanticscholar.org/CorpusID:248986239}
}

@misc{zheng2024stepbackevokingreasoning,
      title={Take a Step Back: Evoking Reasoning via Abstraction in Large Language Models}, 
      author={Huaixiu Steven Zheng and Swaroop Mishra and Xinyun Chen and Heng-Tze Cheng and Ed H. Chi and Quoc V Le and Denny Zhou},
      year={2024},
      eprint={2310.06117},
      archivePrefix={arXiv},
      primaryClass={cs.LG},
      url={https://arxiv.org/abs/2310.06117}, 
}

@misc{nye2021workscratchpadsintermediatecomputation,
      title={Show Your Work: Scratchpads for Intermediate Computation with Language Models}, 
      author={Maxwell Nye and Anders Johan Andreassen and Guy Gur-Ari and Henryk Michalewski and Jacob Austin and David Bieber and David Dohan and Aitor Lewkowycz and Maarten Bosma and David Luan and Charles Sutton and Augustus Odena},
      year={2021},
      eprint={2112.00114},
      archivePrefix={arXiv},
      primaryClass={cs.LG},
      url={https://arxiv.org/abs/2112.00114}, 
}

@misc{wang2024qimprovingmultistepreasoning,
      title={Q*: Improving Multi-step Reasoning for LLMs with Deliberative Planning}, 
      author={Chaojie Wang and Yanchen Deng and Zhiyi Lyu and Liang Zeng and Jujie He and Shuicheng Yan and Bo An},
      year={2024},
      eprint={2406.14283},
      archivePrefix={arXiv},
      primaryClass={cs.AI},
      url={https://arxiv.org/abs/2406.14283}, 
}

@misc{lai2024stepdpostepwisepreferenceoptimization,
      title={Step-DPO: Step-wise Preference Optimization for Long-chain Reasoning of LLMs}, 
      author={Xin Lai and Zhuotao Tian and Yukang Chen and Senqiao Yang and Xiangru Peng and Jiaya Jia},
      year={2024},
      eprint={2406.18629},
      archivePrefix={arXiv},
      primaryClass={cs.LG},
      url={https://arxiv.org/abs/2406.18629}, 
}

@misc{gao2024omnimathuniversalolympiadlevel,
      title={Omni-MATH: A Universal Olympiad Level Mathematic Benchmark For Large Language Models}, 
      author={Bofei Gao and Feifan Song and Zhe Yang and Zefan Cai and Yibo Miao and Qingxiu Dong and Lei Li and Chenghao Ma and Liang Chen and Runxin Xu and Zhengyang Tang and Benyou Wang and Daoguang Zan and Shanghaoran Quan and Ge Zhang and Lei Sha and Yichang Zhang and Xuancheng Ren and Tianyu Liu and Baobao Chang},
      year={2024},
      eprint={2410.07985},
      archivePrefix={arXiv},
      primaryClass={cs.CL},
      url={https://arxiv.org/abs/2410.07985}, 
}

@misc{deepseekv2.5,
      title={DeepSeek-V2.5: Combines DeepSeek-V2-Chat and DeepSeek-Coder-V2-Instruct. }, 
      author={DeepSeek-AI},
      year={2024},
      eprint={2405.04434},
      archivePrefix={arXiv},
      primaryClass={cs.CL}
}

@misc{huang2024o1replicationjourney,
      title={O1 Replication Journey -- Part 2: Surpassing O1-preview through Simple Distillation, Big Progress or Bitter Lesson?}, 
      author={Zhen Huang and Haoyang Zou and Xuefeng Li and Yixiu Liu and Yuxiang Zheng and Ethan Chern and Shijie Xia and Yiwei Qin and Weizhe Yuan and Pengfei Liu},
      year={2024},
      eprint={2411.16489},
      archivePrefix={arXiv},
      primaryClass={cs.CL},
      url={https://arxiv.org/abs/2411.16489}, 
}

@misc{qin2024o1replicationjourneystrategic,
      title={O1 Replication Journey: A Strategic Progress Report -- Part 1}, 
      author={Yiwei Qin and Xuefeng Li and Haoyang Zou and Yixiu Liu and Shijie Xia and Zhen Huang and Yixin Ye and Weizhe Yuan and Hector Liu and Yuanzhi Li and Pengfei Liu},
      year={2024},
      eprint={2410.18982},
      archivePrefix={arXiv},
      primaryClass={cs.AI},
      url={https://arxiv.org/abs/2410.18982}, 
}

@misc{o1,
    title ={o1} ,
    author={OpenAI},
    url={https://openai.com/o1/},
    year={2024}
}
