@inproceedings{arase-etal-2022-cefr,
    title = "{CEFR}-Based Sentence Difficulty Annotation and Assessment",
    author = "Arase, Yuki  and
      Uchida, Satoru  and
      Kajiwara, Tomoyuki",
    editor = "Goldberg, Yoav  and
      Kozareva, Zornitsa  and
      Zhang, Yue",
    booktitle = "Proceedings of the 2022 Conference on Empirical Methods in Natural Language Processing",
    month = dec,
    year = "2022",
    address = "Abu Dhabi, United Arab Emirates",
    publisher = "Association for Computational Linguistics",
    url = "https://aclanthology.org/2022.emnlp-main.416/",
    doi = "10.18653/v1/2022.emnlp-main.416",
    pages = "6206--6219"
}

@inproceedings{brunato2018sentence,
  title={Is this sentence difficult? Do you agree?},
  author={Brunato, Dominique and De Mattei, Lorenzo and Dell'Orletta, Felice and Iavarone, Benedetta and Venturi, Giulia and others},
  booktitle={Proceedings of the 2018 Conference on Empirical Methods in Natural Language Processing, EMNLP 2018},
  pages={2690--2699},
  year={2018},
  organization={Association for Computational Linguistics}
}

@book{chall1958,
  title={Readability: an appraisal of research and application.},
  author={Chall, Jeanne S.},
  year={1958},
  publisher={The Ohio State University, Columbus, OH, USA.}
}

@inproceedings{collins2004language,
  title={A language modeling approach to predicting reading difficulty},
  author={Collins-Thompson, Kevyn and Callan, James P},
  booktitle={Proceedings of the human language technology conference of the North American chapter of the association for computational linguistics: HLT-NAACL 2004},
  pages={193--200},
  year={2004}
}

@article{collins2014computational,
  title={Computational assessment of text readability: A survey of current and future research},
  author={Collins-Thompson, Kevyn},
  journal={ITL-International Journal of Applied Linguistics},
  volume={165},
  number={2},
  pages={97--135},
  year={2014},
  publisher={John Benjamins}
}

@article{crossley2011text,
  title={Text readability and intuitive simplification: A comparison of readability formulas.},
  author={Crossley, Scott A and Allen, David B and McNamara, Danielle S},
  journal={Reading in a foreign language},
  volume={23},
  number={1},
  pages={84--101},
  year={2011},
  publisher={ERIC}
}

@inproceedings{feng2010comparison,
  title={A comparison of features for automatic readability assessment},
  author={Feng, Lijun and Jansche, Martin and Huenerfauth, Matt and Elhadad, No{\'e}mie},
  booktitle={Coling 2010: Posters},
  pages={276--284},
  year={2010}
}

@inproceedings{filighera2019automatic,
  title={Automatic text difficulty estimation using embeddings and neural networks},
  author={Filighera, Anna and Steuer, Tim and Rensing, Christoph},
  booktitle={Transforming Learning with Meaningful Technologies: 14th European Conference on Technology Enhanced Learning, EC-TEL 2019, Delft, The Netherlands, September 16--19, 2019, Proceedings 14},
  pages={335--348},
  year={2019},
  organization={Springer}
}

@inproceedings{gonzalez2018learning,
  title={Learning to predict readability using eye-movement data from natives and learners},
  author={Gonzalez-Garduno, Ana and S{\o}gaard, Anders},
  booktitle={Proceedings of the AAAI Conference on Artificial Intelligence},
  volume={32},
  year={2018}
}

@inproceedings{gooding2021predicting,
  title={Predicting Text Readability from Scrolling Interactions},
  author={Gooding, Sian and Berzak, Yevgeni and Mak, Tony and Sharifi, Matt},
  booktitle={Proceedings of the 25th Conference on Computational Natural Language Learning},
  pages={380--390},
  year={2021}
}

@inproceedings{heilman2007combining,
  title={Combining lexical and grammatical features to improve readability measures for first and second language texts},
  author={Heilman, Michael and Collins-Thompson, Kevyn and Callan, Jamie and Eskenazi, Maxine},
  booktitle={Human language technologies 2007: the conference of the North American chapter of the association for computational linguistics; proceedings of the main conference},
  pages={460--467},
  year={2007}
}

@inproceedings{hollenstein-2022-patterns,
    title = "Patterns of Text Readability in Human and Predicted Eye Movements",
    author = {Hollenstein, Nora  and
      Gonzalez-Dios, Itziar  and
      Beinborn, Lisa  and
      J{\"a}ger, Lena},
    editor = "Zock, Michael  and
      Chersoni, Emmanuele  and
      Hsu, Yu-Yin  and
      Santus, Enrico",
    booktitle = "Proceedings of the Workshop on Cognitive Aspects of the Lexicon",
    month = nov,
    year = "2022",
    address = "Taipei, Taiwan",
    publisher = "Association for Computational Linguistics",
    url = "https://aclanthology.org/2022.cogalex-1.1",
    pages = "1--15",
}

@inproceedings{howcroft-demberg2017,
  title={Psycholinguistic models of sentence processing improve sentence readability ranking},
  author={Howcroft, David M and Demberg, Vera},
  booktitle={Proceedings of the 15th Conference of the European Chapter of the Association for Computational Linguistics: Volume 1, Long Papers},
  pages={958--968},
  year={2017}
}

@inproceedings{kate2010learning,
  title={Learning to predict readability using diverse linguistic features},
  author={Kate, Rohit and Luo, Xiaoqiang and Patwardhan, Siddharth and Franz, Martin and Florian, Radu and Mooney, Raymond and Roukos, Salim and Welty, Chris},
  booktitle={Proceedings of the 23rd International Conference on Computational Linguistics (Coling 2010)},
  pages={546--554},
  year={2010}
}

@article{kliegl2004,
  title={Length, frequency, and predictability effects of words on eye movements in reading},
  author={Kliegl, Reinhold and Grabner, Ellen and Rolfs, Martin and Engbert, Ralf},
  journal={European journal of cognitive psychology},
  volume={16},
  number={1-2},
  pages={262--284},
  year={2004},
  publisher={Taylor \& Francis}
}

@article{liu2025automatic,
  title={Automatic readability assessment for sentences: neural, hybrid and large language models},
  author={Liu, Fengkai and Jin, Tan and Lee, John SY},
  journal={Language Resources and Evaluation},
  pages={1--32},
  year={2025},
  publisher={Springer}
}

@article{martinc2021supervised,
  title={Supervised and unsupervised neural approaches to text readability},
  author={Martinc, Matej and Pollak, Senja and Robnik-{\v{S}}ikonja, Marko},
  journal={Computational Linguistics},
  volume={47},
  number={1},
  pages={141--179},
  year={2021},
  publisher={MIT Press One Rogers Street, Cambridge, MA 02142-1209, USA journals-info~…}
}

@article{nahatame2021text,
  title={Text readability and processing effort in second language reading: A computational and eye-tracking investigation},
  author={Nahatame, Shingo},
  journal={Language learning},
  volume={71},
  number={4},
  pages={1004--1043},
  year={2021},
  publisher={Wiley Online Library}
}

@inproceedings{pitler2008revisiting,
  title={Revisiting readability: A unified framework for predicting text quality},
  author={Pitler, Emily and Nenkova, Ani},
  booktitle={Proceedings of the 2008 conference on empirical methods in natural language processing},
  pages={186--195},
  year={2008}
}

@article{rayner1998,
  title={Eye movements in reading and information processing: 20 years of research.},
  author={Rayner, Keith},
  journal={Psychological bulletin},
  volume={124},
  number={3},
  pages={372},
  year={1998},
  publisher={American Psychological Association}
}

@article{rayner2004,
  title={The effects of frequency and predictability on eye fixations in reading: Implications for the EZ Reader model.},
  author={Rayner, Keith and Ashby, Jane and Pollatsek, Alexander and Reichle, Erik D},
  journal={Journal of Experimental Psychology: Human Perception and Performance},
  volume={30},
  number={4},
  pages={720},
  year={2004},
  publisher={American Psychological Association}
}

@article{rayner2011,
  title={Eye movements and word skipping during reading: Effects of word length and predictability.},
  author={Rayner, Keith and Slattery, Timothy J and Drieghe, Denis and Liversedge, Simon P},
  journal={Journal of Experimental Psychology: Human Perception and Performance},
  volume={37},
  number={2},
  pages={514},
  year={2011},
  publisher={American Psychological Association}
}

@inproceedings{schwarm2005reading,
  title={Reading level assessment using support vector machines and statistical language models},
  author={Schwarm, Sarah E and Ostendorf, Mari},
  booktitle={Proceedings of the 43rd annual meeting of the Association for Computational Linguistics (ACL’05)},
  pages={523--530},
  year={2005}
}

@inproceedings{si2001statistical,
  title={A statistical model for scientific readability},
  author={Si, Luo and Callan, Jamie},
  booktitle={Proceedings of the tenth international conference on Information and knowledge management},
  pages={574--576},
  year={2001}
}

@article{smith2013,
  title={The effect of word predictability on reading time is logarithmic},
  author={Smith, Nathaniel J and Levy, Roger},
  journal={Cognition},
  volume={128},
  number={3},
  pages={302--319},
  year={2013},
  publisher={Elsevier}
}

@inproceedings{vajjala-2018-onestopenglish,
    title = "{O}ne{S}top{E}nglish corpus: A new corpus for automatic readability assessment and text simplification",
    author = "Vajjala, Sowmya  and
      Lu{\v{c}}i{\'c}, Ivana",
    editor = "Tetreault, Joel  and
      Burstein, Jill  and
      Kochmar, Ekaterina  and
      Leacock, Claudia  and
      Yannakoudakis, Helen",
    booktitle = "Proceedings of the Thirteenth Workshop on Innovative Use of {NLP} for Building Educational Applications",
    month = jun,
    year = "2018",
    address = "New Orleans, Louisiana",
    publisher = "Association for Computational Linguistics",
    url = "https://aclanthology.org/W18-0535",
    doi = "10.18653/v1/W18-0535",
    pages = "297--304",
}

@inproceedings{vajjala2012improving,
  title={On improving the accuracy of readability classification using insights from second language acquisition},
  author={Vajjala, Sowmya and Meurers, Detmar},
  booktitle={Proceedings of the seventh workshop on building educational applications using NLP},
  pages={163--173},
  year={2012}
}

@inproceedings{vstajner2017automatic,
  title={Automatic assessment of absolute sentence complexity},
  author={{\v{S}}tajner, Sanja and Ponzetto, Simone Paolo and Stuckenschmidt, Heiner},
  booktitle={Proceedings of the 26th International Joint Conference on Artificial Intelligence, IJCAI},
  volume={17},
  pages={4096--4102},
  year={2017}
}

@article{xia2019text,
  title={Text readability assessment for second language learners},
  author={Xia, Menglin and Kochmar, Ekaterina and Briscoe, Ted},
  journal={arXiv preprint arXiv:1906.07580},
  year={2019}
}

