@inproceedings{alves2015social,
  title={Social robots for older adults: Framework of activities for aging in place with robots},
  author={Alves-Oliveira, Patr{\'\i}cia and Petisca, Sofia and Correia, Filipa and Maia, Nuno and Paiva, Ana},
  booktitle={Social Robotics: 7th International Conference, ICSR 2015, Paris, France, October 26-30, 2015, Proceedings 7},
  pages={11--20},
  year={2015},
  organization={Springer}
}

@inproceedings{alves2021children,
  title={Children as robot designers},
  author={Alves-Oliveira, Patr{\'\i}cia and Arriaga, Patr{\'\i}cia and Paiva, Ana and Hoffman, Guy},
  booktitle={Proceedings of the 2021 ACM/IEEE International Conference on Human-Robot Interaction},
  pages={399--408},
  year={2021}
}

@inproceedings{antony2023codesign,
  title={Co-designing with older adults, for older adults: robots to promote physical activity},
  author={Antony, Victor Nikhil and Cho, Sue Min and Huang, Chien-Ming},
  booktitle={Proceedings of the 2023 ACM/IEEE International Conference on Human-Robot Interaction},
  pages={506--515},
  year={2023}
}

@article{asbeck2014stronger,
  title={Stronger, smarter, softer: next-generation wearable robots},
  author={Asbeck, Alan T and De Rossi, Stefano MM and Galiana, Ignacio and Ding, Ye and Walsh, Conor J},
  journal={IEEE Robotics \& Automation Magazine},
  volume={21},
  number={4},
  pages={22--33},
  year={2014},
  publisher={IEEE}
}

@article{axelsson2021social,
  title={Social robot co-design canvases: A participatory design framework},
  author={Axelsson, Minja and Oliveira, Raquel and Racca, Mattia and Kyrki, Ville},
  journal={ACM Transactions on Human-Robot Interaction (THRI)},
  volume={11},
  number={1},
  pages={1--39},
  year={2021},
  publisher={ACM New York, NY}
}

@inproceedings{birkmeyer2011clash,
  title={CLASH: Climbing vertical loose cloth},
  author={Birkmeyer, Paul and Gillies, Andrew G and Fearing, Ronald S},
  booktitle={2011 IEEE/RSJ International Conference on Intelligent Robots and Systems},
  pages={5087--5093},
  year={2011},
  organization={IEEE}
}

@article{bjorling2019participatory,
  title={Participatory research principles in human-centered design: engaging teens in the co-design of a social robot},
  author={Bj{\"o}rling, Elin A and Rose, Emma},
  journal={Multimodal Technologies and Interaction},
  volume={3},
  number={1},
  pages={8},
  year={2019},
  publisher={MDPI}
}

@inproceedings{dementyev2016rovables,
  title={Rovables: Miniature on-body robots as mobile wearables},
  author={Dementyev, Artem and Kao, Hsin-Liu and Choi, Inrak and Ajilo, Deborah and Xu, Maggie and Paradiso, Joseph A and Schmandt, Chris and Follmer, Sean},
  booktitle={Proceedings of the 29th Annual Symposium on User Interface Software and Technology},
  pages={111--120},
  year={2016}
}

@inproceedings{dementyev2017skinbot,
  title={Skinbot: A wearable skin climbing robot},
  author={Dementyev, Artem and Hernandez, Javier and Follmer, Sean and Choi, Inrak and Paradiso, Joseph},
  booktitle={Adjunct Proceedings of the 30th Annual ACM Symposium on User Interface Software and Technology},
  pages={5--6},
  year={2017}
}

@inproceedings{gao2023portable,
  title={A Portable Powered Soft Exoskeleton for Shoulder Assistance During Functional Movements: Design and Evaluation},
  author={Gao, Weibo and Di Lallo, Antonio and Su, Hao},
  booktitle={International Symposium on Medical Robotics (ISMR)},
  year={2023}
}

@inproceedings{gough2021co,
  title={Co-designing a technology probe with experienced designers},
  author={Gough, Phillip and Kocaballi, A Baki and Naqshbandi, Khushnood Z and Cochrane, Karen and Mah, Kristina and Pillai, Ajit G and Yorulmaz, Yeliz and Deny, Ainnoun Kornita and Ahmadpour, Naseem},
  booktitle={Proceedings of the 33rd Australian Conference on Human-Computer Interaction},
  pages={1--13},
  year={2021}
}

@inproceedings{harrington2018designing,
  title={Designing health and fitness apps with older adults: Examining the value of experience-based co-design},
  author={Harrington, Christina N and Wilcox, Lauren and Connelly, Kay and Rogers, Wendy and Sanford, Jon},
  booktitle={Proceedings of the 12th EAI international conference on pervasive computing technologies for healthcare},
  pages={15--24},
  year={2018}
}

@article{huo2014exolower,
  title={Lower limb wearable robots for assistance and rehabilitation: A state of the art},
  author={Huo, Weiguang and Mohammed, Samer and Moreno, Juan C and Amirat, Yacine},
  journal={IEEE systems Journal},
  volume={10},
  number={3},
  pages={1068--1081},
  year={2014},
  publisher={IEEE}
}

@inproceedings{hutchinson2003technology,
  title={Technology probes: inspiring design for and with families},
  author={Hutchinson, Hilary and Mackay, Wendy and Westerlund, Bo and Bederson, Benjamin B and Druin, Allison and Plaisant, Catherine and Beaudouin-Lafon, Michel and Conversy, St{\'e}phane and Evans, Helen and Hansen, Heiko and others},
  booktitle={Proceedings of the SIGCHI conference on Human factors in computing systems},
  pages={17--24},
  year={2003}
}

@article{in2015exo,
  title={Exo-glove: A wearable robot for the hand with a soft tendon routing system},
  author={In, Hyunki and Kang, Brian Byunghyun and Sin, Minki and Cho, Kyu-Jin},
  journal={IEEE Robotics \& Automation Magazine},
  volume={22},
  number={1},
  pages={97--105},
  year={2015},
  publisher={IEEE}
}

@inproceedings{jiang2019survey,
  title={A Survey of Users' Expectations Towards On-body Companion Robots},
  author={Jiang, Hao and Lin, Siyuan and Prabakaran, Veerajagadheswar and Elara, Mohan Rajesh and Sun, Lingyun},
  booktitle={Proceedings of the 2019 on Designing Interactive Systems Conference},
  pages={621--632},
  year={2019}
}

@article{jung2019older,
  title={What do older adults and clinicians think about traditional mobility aids and exoskeleton technology?},
  author={Jung, Merel M and Ludden, Geke DS},
  journal={ACM Transactions on Human-Robot Interaction (THRI)},
  volume={8},
  number={2},
  pages={1--17},
  year={2019},
  publisher={ACM New York, NY, USA}
}

@inproceedings{lee2017steps,
  title={Steps toward participatory design of social robots: mutual learning with older adults with depression},
  author={Lee, Hee Rin and {\v{S}}abanovi{\'c}, Selma and Chang, Wan-Ling and Nagata, Shinichi and Piatt, Jennifer and Bennett, Casey and Hakken, David},
  booktitle={Proceedings of the 2017 ACM/IEEE international conference on human-robot interaction},
  pages={244--253},
  year={2017}
}

@article{lee2018reframing,
  title={Reframing assistive robots to promote successful aging},
  author={Lee, Hee Rin and Riek, Laurel D},
  journal={ACM Transactions on Human-Robot Interaction (THRI)},
  volume={7},
  number={1},
  pages={1--23},
  year={2018},
  publisher={ACM New York, NY, USA}
}

@inproceedings{moharana2019robots,
  title={Robots for joy, robots for sorrow: community based robot design for dementia caregivers},
  author={Moharana, Sanika and Panduro, Alejandro E and Lee, Hee Rin and Riek, Laurel D},
  booktitle={2019 14th ACM/IEEE International Conference on Human-Robot Interaction (HRI)},
  pages={458--467},
  year={2019},
  organization={IEEE}
}

@inproceedings{muehlhaus2023need,
  title={I need a third arm! eliciting body-based interactions with a wearable robotic arm},
  author={Muehlhaus, Marie and Koelle, Marion and Saberpour, Artin and Steimle, J{\"u}rgen},
  booktitle={Proceedings of the 2023 CHI Conference on Human Factors in Computing Systems},
  pages={1--15},
  year={2023}
}

@inproceedings{nanavati2023design,
  title={Design principles for robot-assisted feeding in social contexts},
  author={Nanavati, Amal and Alves-Oliveira, Patricia and Schrenk, Tyler and Gordon, Ethan K and Cakmak, Maya and Srinivasa, Siddhartha S},
  booktitle={Proceedings of the 2023 ACM/IEEE International Conference on Human-Robot Interaction},
  pages={24--33},
  year={2023}
}

@inproceedings{nevay2015role,
  title={The role of co-design in wearables adoption},
  author={Nevay, Sara and Lim, Christopher SC},
  booktitle={Contemporary Ergonomics and Human Factors 2015: Proceedings of the International Conference on Ergonomics \& Human Factors},
  year={2015}
}

@inproceedings{oneill2017exoshoulder,
  title={A soft wearable robot for the shoulder: Design, characterization, and preliminary testing},
  author={O'Neill, Ciar{\'a}n T and Phipps, Nathan S and Cappello, Leonardo and Paganoni, Sabrina and Walsh, Conor J},
  booktitle={2017 International Conference on Rehabilitation Robotics (ICORR)},
  pages={1672--1678},
  year={2017},
  organization={IEEE}
}

@inproceedings{ostrowski2021long,
  title={Long-term co-design guidelines: empowering older adults as co-designers of social robots},
  author={Ostrowski, Anastasia K and Breazeal, Cynthia and Park, Hae Won},
  booktitle={2021 30th IEEE International Conference on Robot \& Human Interactive Communication (RO-MAN)},
  pages={1165--1172},
  year={2021},
  organization={IEEE}
}

@article{ostrowski2021personal,
  title={Personal narratives in technology design: the value of sharing older adultsâ€™ stories in the design of social robots},
  author={Ostrowski, Anastasia K and Harrington, Christina N and Breazeal, Cynthia and Park, Hae Won},
  journal={Frontiers in Robotics and AI},
  volume={8},
  pages={716581},
  year={2021},
  publisher={Frontiers Media SA}
}

@article{rogers2022maximizing,
  title={Maximizing the benefits of participatory design for human--robot interaction research with older adults},
  author={Rogers, Wendy A and Kadylak, Travis and Bayles, Megan A},
  journal={Human factors},
  volume={64},
  number={3},
  pages={441--450},
  year={2022},
  publisher={SAGE Publications Sage CA: Los Angeles, CA}
}

@article{sathya2022calico,
author = {Sathya, Anup and Li, Jiasheng and Rahman, Tauhidur and Gao, Ge and Peng, Huaishu},
title = {Calico: Relocatable On-cloth Wearables with Fast, Reliable, and Precise Locomotion},
year = {2022},
issue_date = {September 2022},
publisher = {Association for Computing Machinery},
address = {New York, NY, USA},
volume = {6},
number = {3},
url = {https://doi.org/10.1145/3550323},
doi = {10.1145/3550323},
journal = {Proc. ACM Interact. Mob. Wearable Ubiquitous Technol.},
month = sep,
articleno = {136},
numpages = {32},
keywords = {interactive computing, kinetic wearables, mobile computing, ubiquitous computing, wearables}
}

@article{shafti2021playing,
  title={Playing the piano with a robotic third thumb: assessing constraints of human augmentation},
  author={Shafti, Ali and Haar, Shlomi and Mio, Renato and Guilleminot, Pierre and Faisal, A Aldo},
  journal={Scientific reports},
  volume={11},
  number={1},
  pages={21375},
  year={2021},
  publisher={Nature Publishing Group UK London}
}

@inproceedings{tsumaki201220,
  title={The 20-DOF miniature humanoid MH-2: A wearable communication system},
  author={Tsumaki, Yuichi and Ono, Fumiaki and Tsukuda, Taisuke},
  booktitle={2012 IEEE International Conference on Robotics and Automation},
  pages={3930--3935},
  year={2012},
  organization={IEEE}
}

@inproceedings{vatsal2017wearing,
  title={Wearing your arm on your sleeve: Studying usage contexts for a wearable robotic forearm},
  author={Vatsal, Vighnesh and Hoffman, Guy},
  booktitle={2017 26th IEEE International Symposium on Robot and Human Interactive Communication (RO-MAN)},
  pages={974--980},
  year={2017},
  organization={IEEE}
}

@article{zhou2019novel,
  title={A novel monolithic soft robotic thumb for an anthropomorphic prosthetic hand},
  author={Zhou, Hao and Mohammadi, Alireza and Oetomo, Denny and Alici, Gursel},
  journal={IEEE Robotics and Automation Letters},
  volume={4},
  number={2},
  pages={602--609},
  year={2019},
  publisher={IEEE}
}

