@article{lee2018reframing,
  title={Reframing assistive robots to promote successful aging},
  author={Lee, Hee Rin and Riek, Laurel D},
  journal={ACM Transactions on Human-Robot Interaction (THRI)},
  volume={7},
  number={1},
  pages={1--23},
  year={2018},
  publisher={ACM New York, NY, USA}
}

@article{
kim2011epidermalelectronics,
author = {Dae-Hyeong Kim  and Nanshu Lu  and Rui Ma  and Yun-Soung Kim  and Rak-Hwan Kim  and Shuodao Wang  and Jian Wu  and Sang Min Won  and Hu Tao  and Ahmad Islam  and Ki Jun Yu  and Tae-il Kim  and Raeed Chowdhury  and Ming Ying  and Lizhi Xu  and Ming Li  and Hyun-Joong Chung  and Hohyun Keum  and Martin McCormick  and Ping Liu  and Yong-Wei Zhang  and Fiorenzo G. Omenetto  and Yonggang Huang  and Todd Coleman  and John A. Rogers },
title = {Epidermal Electronics},
journal = {Science},
volume = {333},
number = {6044},
pages = {838-843},
year = {2011},
doi = {10.1126/science.1206157},
URL = {https://www.science.org/doi/abs/10.1126/science.1206157},
eprint = {https://www.science.org/doi/pdf/10.1126/science.1206157},
}


@article{vega2014beauty,
  title={Beauty technology: body surface computing},
  author={Vega, Katia and Fuks, Hugo},
  journal={Computer},
  volume={47},
  number={4},
  pages={71--75},
  year={2014},
  publisher={IEEE}
}

@inproceedings{kao2015nailo,
  title={NailO: fingernails as an input surface},
  author={Kao, Hsin-Liu and Dementyev, Artem and Paradiso, Joseph A and Schmandt, Chris},
  booktitle={Proceedings of the 33rd Annual ACM Conference on Human Factors in Computing Systems},
  pages={3015--3018},
  year={2015}
}

@inproceedings{holz2012implanted,
  title={Implanted user interfaces},
  author={Holz, Christian and Grossman, Tovi and Fitzmaurice, George and Agur, Anne},
  booktitle={Proceedings of the SIGCHI conference on human factors in computing systems},
  pages={503--512},
  year={2012}
}

@inproceedings{poupyrev2016project,
  title={Project Jacquard: interactive digital textiles at scale},
  author={Poupyrev, Ivan and Gong, Nan-Wei and Fukuhara, Shiho and Karagozler, Mustafa Emre and Schwesig, Carsten and Robinson, Karen E},
  booktitle={Proceedings of the 2016 CHI Conference on Human Factors in Computing Systems},
  pages={4216--4227},
  year={2016}
}

@article{jayaraman2022modular,
  title={Modular hip exoskeleton improves walking function and reduces sedentary time in community-dwelling older adults},
  author={Jayaraman, Chandrasekaran and Embry, Kyle R and Mummidisetty, Chaithanya K and Moon, Yaejin and Giffhorn, Matt and Prokup, Sara and Lim, Bokman and Lee, Jusuk and Lee, Younbaek and Lee, Minhyung and others},
  journal={Journal of neuroengineering and rehabilitation},
  volume={19},
  number={1},
  pages={144},
  year={2022},
  publisher={Springer}
}

@article{kong2006design,
  title={Design and control of an exoskeleton for the elderly and patients},
  author={Kong, Kyoungchul and Jeon, Doyoung},
  journal={IEEE/ASME Transactions on mechatronics},
  volume={11},
  number={4},
  pages={428--432},
  year={2006},
  publisher={IEEE}
}

@article{jung2019older,
  title={What do older adults and clinicians think about traditional mobility aids and exoskeleton technology?},
  author={Jung, Merel M and Ludden, Geke DS},
  journal={ACM Transactions on Human-Robot Interaction (THRI)},
  volume={8},
  number={2},
  pages={1--17},
  year={2019},
  publisher={ACM New York, NY, USA}
}

@article{sathya2022calico,
author = {Sathya, Anup and Li, Jiasheng and Rahman, Tauhidur and Gao, Ge and Peng, Huaishu},
title = {Calico: Relocatable On-cloth Wearables with Fast, Reliable, and Precise Locomotion},
year = {2022},
issue_date = {September 2022},
publisher = {Association for Computing Machinery},
address = {New York, NY, USA},
volume = {6},
number = {3},
url = {https://doi.org/10.1145/3550323},
doi = {10.1145/3550323},
journal = {Proc. ACM Interact. Mob. Wearable Ubiquitous Technol.},
month = sep,
articleno = {136},
numpages = {32},
keywords = {interactive computing, kinetic wearables, mobile computing, ubiquitous computing, wearables}
}

@inproceedings{dementyev2017skinbot,
  title={Skinbot: A wearable skin climbing robot},
  author={Dementyev, Artem and Hernandez, Javier and Follmer, Sean and Choi, Inrak and Paradiso, Joseph},
  booktitle={Adjunct Proceedings of the 30th Annual ACM Symposium on User Interface Software and Technology},
  pages={5--6},
  year={2017}
}

@inproceedings{weigel2015iskin,
  title={Iskin: flexible, stretchable and visually customizable on-body touch sensors for mobile computing},
  author={Weigel, Martin and Lu, Tong and Bailly, Gilles and Oulasvirta, Antti and Majidi, Carmel and Steimle, J{\"u}rgen},
  booktitle={Proceedings of the 33rd Annual ACM Conference on Human Factors in Computing Systems},
  pages={2991--3000},
  year={2015}
}

@inproceedings{dementyev2016rovables,
  title={Rovables: Miniature on-body robots as mobile wearables},
  author={Dementyev, Artem and Kao, Hsin-Liu and Choi, Inrak and Ajilo, Deborah and Xu, Maggie and Paradiso, Joseph A and Schmandt, Chris and Follmer, Sean},
  booktitle={Proceedings of the 29th Annual Symposium on User Interface Software and Technology},
  pages={111--120},
  year={2016}
}

@book{hall1990hidden,
  title={The Hidden Dimension},
  author={Hall, E.T.},
  isbn={9780385084765},
  lccn={66011173},
  url={https://books.google.com/books?id=zGYPwLj2dCoC},
  year={1990},
  publisher={Knopf Doubleday Publishing Group}
}


@inproceedings{antony2023codesign,
  title={Co-designing with older adults, for older adults: robots to promote physical activity},
  author={Antony, Victor Nikhil and Cho, Sue Min and Huang, Chien-Ming},
  booktitle={Proceedings of the 2023 ACM/IEEE International Conference on Human-Robot Interaction},
  pages={506--515},
  year={2023}
}

@article{muller1993participatory,
  title={Participatory design},
  author={Muller, Michael J and Kuhn, Sarah},
  journal={Communications of the ACM},
  volume={36},
  number={6},
  pages={24--28},
  year={1993},
  publisher={ACM New York, NY, USA}
}

@article{rogers2022maximizing,
  title={Maximizing the benefits of participatory design for human--robot interaction research with older adults},
  author={Rogers, Wendy A and Kadylak, Travis and Bayles, Megan A},
  journal={Human factors},
  volume={64},
  number={3},
  pages={441--450},
  year={2022},
  publisher={SAGE Publications Sage CA: Los Angeles, CA}
}

@inproceedings{harrington2018designing,
  title={Designing health and fitness apps with older adults: Examining the value of experience-based co-design},
  author={Harrington, Christina N and Wilcox, Lauren and Connelly, Kay and Rogers, Wendy and Sanford, Jon},
  booktitle={Proceedings of the 12th EAI international conference on pervasive computing technologies for healthcare},
  pages={15--24},
  year={2018}
}

@inproceedings{nevay2015role,
  title={The role of co-design in wearables adoption},
  author={Nevay, Sara and Lim, Christopher SC},
  booktitle={Contemporary Ergonomics and Human Factors 2015: Proceedings of the International Conference on Ergonomics \& Human Factors},
  year={2015}
}

@inproceedings{alves2015social,
  title={Social robots for older adults: Framework of activities for aging in place with robots},
  author={Alves-Oliveira, Patr{\'\i}cia and Petisca, Sofia and Correia, Filipa and Maia, Nuno and Paiva, Ana},
  booktitle={Social Robotics: 7th International Conference, ICSR 2015, Paris, France, October 26-30, 2015, Proceedings 7},
  pages={11--20},
  year={2015},
  organization={Springer}
}

@inproceedings{moharana2019robots,
  title={Robots for joy, robots for sorrow: community based robot design for dementia caregivers},
  author={Moharana, Sanika and Panduro, Alejandro E and Lee, Hee Rin and Riek, Laurel D},
  booktitle={2019 14th ACM/IEEE International Conference on Human-Robot Interaction (HRI)},
  pages={458--467},
  year={2019},
  organization={IEEE}
}

@inproceedings{lee2017steps,
  title={Steps toward participatory design of social robots: mutual learning with older adults with depression},
  author={Lee, Hee Rin and {\v{S}}abanovi{\'c}, Selma and Chang, Wan-Ling and Nagata, Shinichi and Piatt, Jennifer and Bennett, Casey and Hakken, David},
  booktitle={Proceedings of the 2017 ACM/IEEE international conference on human-robot interaction},
  pages={244--253},
  year={2017}
}

@article{bjorling2019participatory,
  title={Participatory research principles in human-centered design: engaging teens in the co-design of a social robot},
  author={Bj{\"o}rling, Elin A and Rose, Emma},
  journal={Multimodal Technologies and Interaction},
  volume={3},
  number={1},
  pages={8},
  year={2019},
  publisher={MDPI}
}

@inproceedings{ostrowski2021long,
  title={Long-term co-design guidelines: empowering older adults as co-designers of social robots},
  author={Ostrowski, Anastasia K and Breazeal, Cynthia and Park, Hae Won},
  booktitle={2021 30th IEEE International Conference on Robot \& Human Interactive Communication (RO-MAN)},
  pages={1165--1172},
  year={2021},
  organization={IEEE}
}

@inproceedings{oneill2017exoshoulder,
  title={A soft wearable robot for the shoulder: Design, characterization, and preliminary testing},
  author={O'Neill, Ciar{\'a}n T and Phipps, Nathan S and Cappello, Leonardo and Paganoni, Sabrina and Walsh, Conor J},
  booktitle={2017 International Conference on Rehabilitation Robotics (ICORR)},
  pages={1672--1678},
  year={2017},
  organization={IEEE}
}

@article{huo2014exolower,
  title={Lower limb wearable robots for assistance and rehabilitation: A state of the art},
  author={Huo, Weiguang and Mohammed, Samer and Moreno, Juan C and Amirat, Yacine},
  journal={IEEE systems Journal},
  volume={10},
  number={3},
  pages={1068--1081},
  year={2014},
  publisher={IEEE}
}

@article{asbeck2014stronger,
  title={Stronger, smarter, softer: next-generation wearable robots},
  author={Asbeck, Alan T and De Rossi, Stefano MM and Galiana, Ignacio and Ding, Ye and Walsh, Conor J},
  journal={IEEE Robotics \& Automation Magazine},
  volume={21},
  number={4},
  pages={22--33},
  year={2014},
  publisher={IEEE}
}

@article{in2015exo,
  title={Exo-glove: A wearable robot for the hand with a soft tendon routing system},
  author={In, Hyunki and Kang, Brian Byunghyun and Sin, Minki and Cho, Kyu-Jin},
  journal={IEEE Robotics \& Automation Magazine},
  volume={22},
  number={1},
  pages={97--105},
  year={2015},
  publisher={IEEE}
}

@article{chen2018wearable,
  title={Wearable affective robot},
  author={Chen, Min and Zhou, Jun and Tao, Guangming and Yang, Jun and Hu, Long},
  journal={IEEE Access},
  volume={6},
  pages={64766--64776},
  year={2018},
  publisher={IEEE}
}

@article{zhou2019novel,
  title={A novel monolithic soft robotic thumb for an anthropomorphic prosthetic hand},
  author={Zhou, Hao and Mohammadi, Alireza and Oetomo, Denny and Alici, Gursel},
  journal={IEEE Robotics and Automation Letters},
  volume={4},
  number={2},
  pages={602--609},
  year={2019},
  publisher={IEEE}
}

@inproceedings{muehlhaus2023need,
  title={I need a third arm! eliciting body-based interactions with a wearable robotic arm},
  author={Muehlhaus, Marie and Koelle, Marion and Saberpour, Artin and Steimle, J{\"u}rgen},
  booktitle={Proceedings of the 2023 CHI Conference on Human Factors in Computing Systems},
  pages={1--15},
  year={2023}
}

@inproceedings{vatsal2017wearing,
  title={Wearing your arm on your sleeve: Studying usage contexts for a wearable robotic forearm},
  author={Vatsal, Vighnesh and Hoffman, Guy},
  booktitle={2017 26th IEEE International Symposium on Robot and Human Interactive Communication (RO-MAN)},
  pages={974--980},
  year={2017},
  organization={IEEE}
}

@article{shafti2021playing,
  title={Playing the piano with a robotic third thumb: assessing constraints of human augmentation},
  author={Shafti, Ali and Haar, Shlomi and Mio, Renato and Guilleminot, Pierre and Faisal, A Aldo},
  journal={Scientific reports},
  volume={11},
  number={1},
  pages={21375},
  year={2021},
  publisher={Nature Publishing Group UK London}
}

@inproceedings{tsumaki201220,
  title={The 20-DOF miniature humanoid MH-2: A wearable communication system},
  author={Tsumaki, Yuichi and Ono, Fumiaki and Tsukuda, Taisuke},
  booktitle={2012 IEEE International Conference on Robotics and Automation},
  pages={3930--3935},
  year={2012},
  organization={IEEE}
}

@inproceedings{chen2013rubbot,
  title={Rubbot: Rubbing on flexible loose surfaces},
  author={Chen, Guangchen and Liu, Yuanyuan and Fu, Ruiqing and Sun, Jianwei and Wu, Xinyu and Xu, Yangsheng},
  booktitle={2013 IEEE/RSJ International Conference on Intelligent Robots and Systems},
  pages={2303--2308},
  year={2013},
  organization={IEEE}
}

@inproceedings{birkmeyer2011clash,
  title={CLASH: Climbing vertical loose cloth},
  author={Birkmeyer, Paul and Gillies, Andrew G and Fearing, Ronald S},
  booktitle={2011 IEEE/RSJ International Conference on Intelligent Robots and Systems},
  pages={5087--5093},
  year={2011},
  organization={IEEE}
}

@inproceedings{gao2023portable,
  title={A Portable Powered Soft Exoskeleton for Shoulder Assistance During Functional Movements: Design and Evaluation},
  author={Gao, Weibo and Di Lallo, Antonio and Su, Hao},
  booktitle={International Symposium on Medical Robotics (ISMR)},
  year={2023}
}

@article{chien2012prevalence,
  title={Prevalence of hearing aid use among older adults in the United States},
  author={Chien, Wade and Lin, Frank R},
  journal={Archives of internal medicine},
  volume={172},
  number={3},
  pages={292--293},
  year={2012},
  publisher={American Medical Association}
}

@article{litchman2017real,
  title={Real-time continuous glucose monitoring facilitates feelings of safety in older adults with type 1 diabetes: a qualitative study},
  author={Litchman, Michelle L and Allen, Nancy A},
  journal={Journal of diabetes science and technology},
  volume={11},
  number={5},
  pages={988--995},
  year={2017},
  publisher={SAGE Publications Sage CA: Los Angeles, CA}
}

@article{chung2023community,
  title={Community-dwelling older adults' acceptance of smartwatches for health and location tracking},
  author={Chung, Jane and Brakey, Heidi Rishel and Reeder, Blaine and Myers, Orrin and Demiris, George},
  journal={International journal of older people nursing},
  volume={18},
  number={1},
  pages={e12490},
  year={2023},
  publisher={Wiley Online Library}
}

@inproceedings{alves2021children,
  title={Children as robot designers},
  author={Alves-Oliveira, Patr{\'\i}cia and Arriaga, Patr{\'\i}cia and Paiva, Ana and Hoffman, Guy},
  booktitle={Proceedings of the 2021 ACM/IEEE International Conference on Human-Robot Interaction},
  pages={399--408},
  year={2021}
}
@inproceedings{nanavati2023design,
  title={Design principles for robot-assisted feeding in social contexts},
  author={Nanavati, Amal and Alves-Oliveira, Patricia and Schrenk, Tyler and Gordon, Ethan K and Cakmak, Maya and Srinivasa, Siddhartha S},
  booktitle={Proceedings of the 2023 ACM/IEEE International Conference on Human-Robot Interaction},
  pages={24--33},
  year={2023}
}

@article{mulrow1990quality,
  title={Quality-of-life changes and hearing impairment: a randomized trial},
  author={Mulrow, Cynthia D and Aguilar, Christine and Endicott, James E and Tuley, Michael R and Velez, Ramon and Charlip, Walter S and Rhodes, Mary C and Hill, Judith A and DeNino, Louis A},
  journal={Annals of internal medicine},
  volume={113},
  number={3},
  pages={188--194},
  year={1990},
  publisher={American College of Physicians}
}

@article{orlov2012technology,
  title={Technology for aging in place},
  author={Orlov, Laurie M},
  journal={Aging in Place Technology Watch},
  year={2012}
}
@inproceedings{fournier2020designing,
  title={Designing digital technologies and safeguards for improving activities and well-being for aging in place},
  author={Fournier, Helene and Kondratova, Irina and Molyneaux, Heather},
  booktitle={HCI International 2020--Late Breaking Papers: Universal Access and Inclusive Design: 22nd HCI International Conference, HCII 2020, Copenhagen, Denmark, July 19--24, 2020, Proceedings 22},
  pages={524--537},
  year={2020},
  organization={Springer}
}

@inproceedings{lee2017collaborative,
  title={Collaborative map making: A reflexive method for understanding matters of concern in design research},
  author={Lee, Hee Rin and {\v{S}}abanovi{\'c}, Selma and Kwak, Sonya S},
  booktitle={Proceedings of the 2017 CHI Conference on Human Factors in Computing Systems},
  pages={5678--5689},
  year={2017}
}

@incollection{wang2016mobile,
  title={Mobile and wearable technology needs for aging in place: perspectives from older adults and their caregivers and providers},
  author={Wang, Jing and Carroll, Deidra and Peck, Michelle and Myneni, Sahiti and Gong, Yang},
  booktitle={Nursing Informatics 2016},
  pages={486--490},
  year={2016},
  publisher={IOS Press}
}

@inproceedings{pang2021technology,
  title={Technology adoption and learning preferences for older adults: evolving perceptions, ongoing challenges, and emerging design opportunities},
  author={Pang, Carolyn and Collin Wang, Zhiqin and McGrenere, Joanna and Leung, Rock and Dai, Jiamin and Moffatt, Karyn},
  booktitle={Proceedings of the 2021 CHI conference on human factors in computing systems},
  pages={1--13},
  year={2021}
}

@article{duffy2003anthropomorphism,
  title={Anthropomorphism and the social robot},
  author={Duffy, Brian R},
  journal={Robotics and autonomous systems},
  volume={42},
  number={3-4},
  pages={177--190},
  year={2003},
  publisher={Elsevier}
}

@article{guo2024robot,
  title={How do Robot Touch Characteristics Impact Users’ Emotional Responses: Evidence from ECG and fNIRS},
  author={Guo, Fu and Fang, Chen and Li, Mingming and Ren, Zenggen and Zhang, Zeyu},
  journal={International Journal of Social Robotics},
  volume={16},
  number={3},
  pages={619--634},
  year={2024},
  publisher={Springer}
}

@article{teyssier2020conveying,
  title={Conveying emotions through device-initiated touch},
  author={Teyssier, Marc and Bailly, Gilles and Pelachaud, Catherine and Lecolinet, Eric},
  journal={IEEE Transactions on Affective Computing},
  volume={13},
  number={3},
  pages={1477--1488},
  year={2020},
  publisher={IEEE}
}

@article{chudyk2015destinations,
  title={Destinations matter: The association between where older adults live and their travel behavior},
  author={Chudyk, Anna M and Winters, Meghan and Moniruzzaman, MD and Ashe, Maureen C and Gould, Joanie Sims and McKay, Heather},
  journal={Journal of Transport \& Health},
  volume={2},
  number={1},
  pages={50--57},
  year={2015},
  publisher={Elsevier}
}

@article{AMEEThematicAnalysis,
author = {Kiger, Michelle and Varpio, Lara},
year = {2020},
month = {05},
pages = {1-9},
title = {Thematic analysis of qualitative data: AMEE Guide No. 131},
volume = {42},
journal = {Medical Teacher},
doi = {10.1080/0142159X.2020.1755030}
}


@article{ostrowski2021personal,
  title={Personal narratives in technology design: the value of sharing older adults’ stories in the design of social robots},
  author={Ostrowski, Anastasia K and Harrington, Christina N and Breazeal, Cynthia and Park, Hae Won},
  journal={Frontiers in Robotics and AI},
  volume={8},
  pages={716581},
  year={2021},
  publisher={Frontiers Media SA}
}

@inproceedings{hutchinson2003technology,
  title={Technology probes: inspiring design for and with families},
  author={Hutchinson, Hilary and Mackay, Wendy and Westerlund, Bo and Bederson, Benjamin B and Druin, Allison and Plaisant, Catherine and Beaudouin-Lafon, Michel and Conversy, St{\'e}phane and Evans, Helen and Hansen, Heiko and others},
  booktitle={Proceedings of the SIGCHI conference on Human factors in computing systems},
  pages={17--24},
  year={2003}
}

@inproceedings{gough2021co,
  title={Co-designing a technology probe with experienced designers},
  author={Gough, Phillip and Kocaballi, A Baki and Naqshbandi, Khushnood Z and Cochrane, Karen and Mah, Kristina and Pillai, Ajit G and Yorulmaz, Yeliz and Deny, Ainnoun Kornita and Ahmadpour, Naseem},
  booktitle={Proceedings of the 33rd Australian Conference on Human-Computer Interaction},
  pages={1--13},
  year={2021}
}

@inproceedings{jiang2019survey,
  title={A Survey of Users' Expectations Towards On-body Companion Robots},
  author={Jiang, Hao and Lin, Siyuan and Prabakaran, Veerajagadheswar and Elara, Mohan Rajesh and Sun, Lingyun},
  booktitle={Proceedings of the 2019 on Designing Interactive Systems Conference},
  pages={621--632},
  year={2019}
}

@article{segura2016bodystorming,
  title={Bodystorming for movement-based interaction design},
  author={Segura, Elena and Vidal, Laia and Rostami, Asreen},
  journal={Human Technology},
  volume={12},
  number={2},
  pages={193--251},
  year={2016}
}

@article{mahmood2024our,
  title={From Our Lab to Their Homes: Learnings from Longitudinal Field Research with Older Adults},
  author={Mahmood, Amama and Huang, Chien-Ming},
  journal={arXiv preprint arXiv:2409.15495},
  year={2024}
}
@article{vines2015age,
  title={An age-old problem: Examining the discourses of ageing in HCI and strategies for future research},
  author={Vines, John and Pritchard, Gary and Wright, Peter and Olivier, Patrick and Brittain, Katie},
  journal={ACM Transactions on Computer-Human Interaction (TOCHI)},
  volume={22},
  number={1},
  pages={1--27},
  year={2015},
  publisher={ACM New York, NY, USA}
}

@article{axelsson2021social,
  title={Social robot co-design canvases: A participatory design framework},
  author={Axelsson, Minja and Oliveira, Raquel and Racca, Mattia and Kyrki, Ville},
  journal={ACM Transactions on Human-Robot Interaction (THRI)},
  volume={11},
  number={1},
  pages={1--39},
  year={2021},
  publisher={ACM New York, NY}
}

@inproceedings{cauchard2016emotion,
  title={Emotion encoding in human-drone interaction},
  author={Cauchard, Jessica R and Zhai, Kevin Y and Spadafora, Marco and Landay, James A},
  booktitle={2016 11th ACM/IEEE International Conference on Human-Robot Interaction (HRI)},
  pages={263--270},
  year={2016},
  organization={IEEE}
}

@article{oulasvirta2003understanding,
  title={Understanding contexts by being there: case studies in bodystorming},
  author={Oulasvirta, Antti and Kurvinen, Esko and Kankainen, Tomi},
  journal={Personal and ubiquitous computing},
  volume={7},
  pages={125--134},
  year={2003},
  publisher={Springer}
}

@article{schleicher2010bodystorming,
  title={Bodystorming as embodied designing},
  author={Schleicher, Dennis and Jones, Peter and Kachur, Oksana},
  journal={interactions},
  volume={17},
  number={6},
  pages={47--51},
  year={2010},
  publisher={ACM New York, NY, USA}
}

@inproceedings{stegner2023situated,
  title={Situated participatory design: A method for in situ design of robotic interaction with older adults},
  author={Stegner, Laura and Senft, Emmanuel and Mutlu, Bilge},
  booktitle={Proceedings of the 2023 CHI Conference on Human Factors in Computing Systems},
  pages={1--15},
  year={2023}
}