@String(PAMI = {IEEE Trans. Pattern Anal. Mach. Intell.})
@String(IJCV = {Int. J. Comput. Vis.})
@String(CVPR= {IEEE Conf. Comput. Vis. Pattern Recog.})
@String(ICCV= {Int. Conf. Comput. Vis.})
@String(ECCV= {Eur. Conf. Comput. Vis.})
@String(NIPS= {Adv. Neural Inform. Process. Syst.})
@String(ICPR = {Int. Conf. Pattern Recog.})
@String(BMVC= {Brit. Mach. Vis. Conf.})
@String(TOG= {ACM Trans. Graph.})
@String(TIP  = {IEEE Trans. Image Process.})
@String(TVCG  = {IEEE Trans. Vis. Comput. Graph.})
@String(TMM  = {IEEE Trans. Multimedia})
@String(ACMMM= {ACM Int. Conf. Multimedia})
@String(ICME = {Int. Conf. Multimedia and Expo})
@String(ICASSP=	{ICASSP})
@String(ICIP = {IEEE Int. Conf. Image Process.})
@String(ACCV  = {ACCV})
@String(ICLR = {Int. Conf. Learn. Represent.})
@String(IJCAI = {IJCAI})
@String(PR   = {Pattern Recognition})
@String(AAAI = {AAAI})
@String(CVPRW= {IEEE Conf. Comput. Vis. Pattern Recog. Worksh.})
@String(CSVT = {IEEE Trans. Circuit Syst. Video Technol.})

@String(SPL	= {IEEE Sign. Process. Letters})
@String(VR   = {Vis. Res.})
@String(JOV	 = {J. Vis.})
@String(TVC  = {The Vis. Comput.})
@String(JCST  = {J. Comput. Sci. Tech.})
@String(CGF  = {Comput. Graph. Forum})
@String(CVM = {Computational Visual Media})


@String(PAMI  = {IEEE TPAMI})
@String(IJCV  = {IJCV})
@String(CVPR  = {CVPR})
@String(ICCV  = {ICCV})
@String(ECCV  = {ECCV})
@String(NIPS  = {NeurIPS})
@String(ICPR  = {ICPR})
@String(BMVC  =	{BMVC})
@String(TOG   = {ACM TOG})
@String(TIP   = {IEEE TIP})
@String(TVCG  = {IEEE TVCG})
@String(TCSVT = {IEEE TCSVT})
@String(TMM   =	{IEEE TMM})
@String(ACMMM = {ACM MM})
@String(ICME  =	{ICME})
@String(ICASSP=	{ICASSP})
@String(ICIP  = {ICIP})
@String(ACCV  = {ACCV})
@String(ICLR  = {ICLR})
@String(IJCAI = {IJCAI})
@String(PR = {PR})
@String(AAAI = {AAAI})
@String(CVPRW= {CVPRW})
@String(CSVT = {IEEE TCSVT})
@String(InterSpeech = {INTERSPEECH})
@String(INTERSPEECH = {INTERSPEECH})
@String(SIGGRAPH = {SIGGRAPH})
@String(ICML = {ICML})
@String(ICRA = {ICRA})

@article{liang2023av,
  title={Av-nerf: Learning neural fields for real-world audio-visual scene synthesis},
  author={Liang, Susan and Huang, Chao and Tian, Yapeng and Kumar, Anurag and Xu, Chenliang},
  journal={Advances in Neural Information Processing Systems},
  volume={36},
  pages={37472--37490},
  year={2023}
}

@inproceedings{liang2024language,
  title={Language-Guided Joint Audio-Visual Editing via One-Shot Adaptation},
  author={Liang, Susan and Huang, Chao and Tian, Yapeng and Kumar, Anurag and Xu, Chenliang},
  booktitle={Proceedings of the Asian Conference on Computer Vision},
  pages={1011--1027},
  year={2024}
}

@article{huang2023davis,
  title={DAVIS: High-quality audio-visual separation with generative diffusion models},
  author={Huang, Chao and Liang, Susan and Tian, Yapeng and Kumar, Anurag and Xu, Chenliang},
  year={2023}
}
@article{huang2024scaling,
  title={Scaling Concept With Text-Guided Diffusion Models},
  author={Huang, Chao and Liang, Susan and Tang, Yunlong and Tian, Yapeng and Kumar, Anurag and Xu, Chenliang},
  journal={arXiv preprint arXiv:2410.24151},
  year={2024}
}
@article{liang2023neural,
  title={Neural acoustic context field: Rendering realistic room impulse response with neural fields},
  author={Liang, Susan and Huang, Chao and Tian, Yapeng and Kumar, Anurag and Xu, Chenliang},
  journal={arXiv preprint arXiv:2309.15977},
  year={2023}
}
@inproceedings{huang2023egocentric,
  title={Egocentric audio-visual object localization},
  author={Huang, Chao and Tian, Yapeng and Kumar, Anurag and Xu, Chenliang},
  booktitle={Proceedings of the IEEE/CVF Conference on Computer Vision and Pattern Recognition},
  pages={22910--22921},
  year={2023}
}
@article{DBLP:journals/inffus/BrousmicheRD22,
  author       = {Mathilde Brousmiche and
                  Jean Rouat and
                  St{\'{e}}phane Dupont},
  title        = {Multimodal Attentive Fusion Network for audio-visual event recognition},
  journal      = {Inf. Fusion},
  volume       = {85},
  pages        = {52--59},
  year         = {2022}
}

@inproceedings{DBLP:conf/cvpr/XiaZ22,
  author       = {Yan Xia and
                  Zhou Zhao},
  title        = {Cross-modal Background Suppression for Audio-Visual Event Localization},
  booktitle    = CVPR,
  pages        = {19957--19966},
  year         = {2022}
}


@inproceedings{song2023emotional,
  title={Emotional listener portrait: Realistic listener motion simulation in conversation},
  author={Song, Luchuan and Yin, Guojun and Jin, Zhenchao and Dong, Xiaoyi and Xu, Chenliang},
  booktitle={2023 IEEE/CVF International Conference on Computer Vision (ICCV)},
  pages={20782--20792},
  year={2023},
  organization={IEEE}
}
@article{zhang2024bag,
  title={Bag of tricks to boost adversarial transferability},
  author={Zhang, Zeliang and Yao, Wei and Wang, Xiaosen},
  journal={arXiv preprint arXiv:2401.08734},
  year={2024}
}
@article{yao2024understanding,
  title={Understanding model ensemble in transferable adversarial attack},
  author={Yao, Wei and Zhang, Zeliang and Tang, Huayi and Liu, Yong},
  journal={arXiv preprint arXiv:2410.06851},
  year={2024}
}


@inproceedings{zhang2024random,
  title={Random smooth-based certified defense against text adversarial attack},
  author={Zhang, Zeliang and Yao, Wei and Liang, Susan and Xu, Chenliang},
  booktitle={Findings of the Association for Computational Linguistics: EACL 2024},
  pages={1251--1265},
  year={2024}
}

@inproceedings{zhang2024discover,
  title={Discover and mitigate multiple biased subgroups in image classifiers},
  author={Zhang, Zeliang and Feng, Mingqian and Li, Zhiheng and Xu, Chenliang},
  booktitle={Proceedings of the IEEE/CVF Conference on Computer Vision and Pattern Recognition},
  pages={10906--10915},
  year={2024}
}
@inproceedings{song2024texttoon,
  title={Texttoon: Real-time text toonify head avatar from single video},
  author={Song, Luchuan and Chen, Lele and Liu, Celong and Liu, Pinxin and Xu, Chenliang},
  booktitle={SIGGRAPH Asia 2024 Conference Papers},
  pages={1--11},
  year={2024}
}

@inproceedings{song2024tri,
  title={Tri 2-plane: Thinking Head Avatar via Feature Pyramid},
  author={Song, Luchuan and Liu, Pinxin and Chen, Lele and Yin, Guojun and Xu, Chenliang},
  booktitle={European Conference on Computer Vision},
  pages={1--20},
  year={2024},
  organization={Springer}
}

@inproceedings{DBLP:conf/wacv/0001R22,
  author       = {Lingyu Zhu and
                  Esa Rahtu},
  title        = {Visually Guided Sound Source Separation and Localization using Self-Supervised
                  Motion Representations},
  booktitle    = WACV,
  pages        = {2171--2181},
  year         = {2022}
}
@inproceedings{DBLP:conf/interspeech/AfourasCZ18,
  author       = {Triantafyllos Afouras and
                  Joon Son Chung and
                  Andrew Zisserman},
  title        = {The Conversation: Deep Audio-Visual Speech Enhancement},
  booktitle    = INTERSPEECH,
  pages        = {3244--3248},
  year         = {2018}
}
@inproceedings{DBLP:conf/cvpr/RahimiAZ22,
  author       = {Akam Rahimi and
                  Triantafyllos Afouras and
                  Andrew Zisserman},
  title        = {Reading to Listen at the Cocktail Party: Multi-Modal Speech Separation},
  booktitle    = CVPR,
  pages        = {10483--10492},
  year         = {2022}
}
@inproceedings{DBLP:conf/eccv/ZhaoGRVMT18,
  author       = {Hang Zhao and
                  Chuang Gan and
                  Andrew Rouditchenko and
                  Carl Vondrick and
                  Josh H. McDermott and
                  Antonio Torralba},
  title        = {The Sound of Pixels},
  booktitle    = ECCV,
  volume       = {11205},
  pages        = {587--604},
  year         = {2018}
}
@article{DBLP:journals/corr/abs-2104-02691,
  author       = {Honglie Chen and
                  Weidi Xie and
                  Triantafyllos Afouras and
                  Arsha Nagrani and
                  Andrea Vedaldi and
                  Andrew Zisserman},
  title        = {Localizing Visual Sounds the Hard Way},
  journal      = CVPR,
  year         = {2021},
}
@inproceedings{sun2023learning,
  title={Learning Audio-Visual Source Localization via False Negative Aware Contrastive Learning},
  author={Sun, Weixuan and Zhang, Jiayi and Wang, Jianyuan and Liu, Zheyuan and Zhong, Yiran and Feng, Tianpeng and Guo, Yandong and Zhang, Yanhao and Barnes, Nick},
  booktitle=CVPR,
  pages={6420--6429},
  year={2023}
}
@inproceedings{tan2023language,
  title={Language-Guided Audio-Visual Source Separation via Trimodal Consistency},
  author={Tan, Reuben and Ray, Arijit and Burns, Andrea and Plummer, Bryan A and Salamon, Justin and Nieto, Oriol and Russell, Bryan and Saenko, Kate},
  booktitle=CVPR,
  pages={10575--10584},
  year={2023}
}
@inproceedings{DBLP:conf/eccv/MoM22,
  author       = {Shentong Mo and
                  Pedro Morgado},

  title        = {Localizing Visual Sounds the Easy Way},
  booktitle    = ECCV,
  volume       = {13697},
  pages        = {218--234},
  year = {2022}
}
@inproceedings{DBLP:conf/nips/00070C22,
  author       = {Sudipta Paul and
                  Amit Roy{-}Chowdhury and
                  Anoop Cherian},
  title        = {{AVLEN:} Audio-Visual-Language Embodied Navigation in 3D Environments},
  booktitle    = {NeurIPS},
  year         = {2022}
}
@inproceedings{DBLP:conf/eccv/MajumderG22,
  author       = {Sagnik Majumder and
                  Kristen Grauman},
  editor       = {Shai Avidan and
                  Gabriel J. Brostow and
                  Moustapha Ciss{\'{e}} and
                  Giovanni Maria Farinella and
                  Tal Hassner},
  title        = {Active Audio-Visual Separation of Dynamic Sound Sources},
  booktitle    = ECCV,
  volume       = {13699},
  pages        = {551--569},
  year = {2022}
}
@inproceedings{DBLP:conf/eccv/ChenJSGAIRG20,
  author       = {Changan Chen and
                  Unnat Jain and
                  Carl Schissler and
                  Sebastia Vicenc Amengual Gari and
                  Ziad Al{-}Halah and
                  Vamsi Krishna Ithapu and
                  Philip W. Robinson and
                  Kristen Grauman},
  editor       = {Andrea Vedaldi and
                  Horst Bischof and
                  Thomas Brox and
                  Jan{-}Michael Frahm},
  title        = {SoundSpaces: Audio-Visual Navigation in 3D Environments},
  booktitle    = ECCV,
  volume       = {12351},
  pages        = {17--36},
  year = {2020}
}
@inproceedings{DBLP:conf/icra/GanZ0GT20,
  author       = {Chuang Gan and
                  Yiwei Zhang and
                  Jiajun Wu and
                  Boqing Gong and
                  Joshua B. Tenenbaum},
  title        = {Look, Listen, and Act: Towards Audio-Visual Embodied Navigation},
  booktitle    = ICRA,
  pages        = {9701--9707},
  year         = {2020}
}
@inproceedings{DBLP:conf/eccv/ZhouWZSZBGKWZ22,
  author       = {Jinxing Zhou and
                  Jianyuan Wang and
                  Jiayi Zhang and
                  Weixuan Sun and
                  Jing Zhang and
                  Stan Birchfield and
                  Dan Guo and
                  Lingpeng Kong and
                  Meng Wang and
                  Yiran Zhong},
  editor       = {Shai Avidan and
                  Gabriel J. Brostow and
                  Moustapha Ciss{\'{e}} and
                  Giovanni Maria Farinella and
                  Tal Hassner},
  title        = {Audio-Visual Segmentation},
  booktitle    = ECCV,
  volume       = {13697},
  pages        = {386--403},
  year         = {2022},
}
@article{DBLP:journals/corr/abs-2306-08933,
  author       = {David S. Johnson and
                  Olya Hakobyan and
                  Hanna Drimalla},
  title        = {Towards Interpretability in Audio and Visual Affective Machine Learning:
                  {A} Review},
  journal      = {CoRR},
  volume       = {abs/2306.08933},
  year         = {2023}
}
@inproceedings{sung2023sound,
  title={Sound to Visual Scene Generation by Audio-to-Visual Latent Alignment},
  author={Sung-Bin, Kim and Senocak, Arda and Ha, Hyunwoo and Owens, Andrew and Oh, Tae-Hyun},
  booktitle=CVPR,
  pages={6430--6440},
  year={2023}
}
@article{luo2022learning,
  title={Learning neural acoustic fields},
  author={Luo, Andrew and Du, Yilun and Tarr, Michael and Tenenbaum, Josh and Torralba, Antonio and Gan, Chuang},
  journal=NIPS,
  volume={35},
  pages={3165--3177},
  year={2022}
}
@inproceedings{DBLP:conf/cvpr/TianX21,
  author       = {Yapeng Tian and
                  Chenliang Xu},
  title        = {Can Audio-Visual Integration Strengthen Robustness Under Multimodal
                  Attacks?},
  booktitle    = CVPR,
  pages        = {5601--5611},
  year         = {2021}
}
@inproceedings{DBLP:conf/icassp/LiQLHM22,
  author       = {Juncheng B. Li and
                  Shuhui Qu and
                  Xinjian Li and
                  Bernie Po{-}Yao Huang and
                  Florian Metze},
  title        = {On Adversarial Robustness Of Large-Scale Audio Visual Learning},
  booktitle    = ICASSP,
  pages        = {231--235},
  year         = {2022}
}


@inproceedings{zhang2022towards,
  title={Towards adversarial attack on vision-language pre-training models},
  author={Zhang, Jiaming and Yi, Qi and Sang, Jitao},
  booktitle={Proceedings of the 30th ACM International Conference on Multimedia},
  pages={5005--5013},
  year={2022}
}

@inproceedings{lu2023set,
  title={Set-level guidance attack: Boosting adversarial transferability of vision-language pre-training models},
  author={Lu, Dong and Wang, Zhiqiang and Wang, Teng and Guan, Weili and Gao, Hongchang and Zheng, Feng},
  booktitle={Proceedings of the IEEE/CVF International Conference on Computer Vision},
  pages={102--111},
  year={2023}
}

@article{cheng2024videollama,
  title={VideoLLaMA 2: Advancing Spatial-Temporal Modeling and Audio Understanding in Video-LLMs},
  author={Cheng, Zesen and Leng, Sicong and Zhang, Hang and Xin, Yifei and Li, Xin and Chen, Guanzheng and Zhu, Yongxin and Zhang, Wenqi and Luo, Ziyang and Zhao, Deli and others},
  journal={arXiv preprint arXiv:2406.07476},
  year={2024}
}


@inproceedings{DBLP:conf/cvpr/YangLBCK21,
  author       = {Karren Yang and
                  Wan{-}Yi Lin and
                  Manash Barman and
                  Filipe Condessa and
                  J. Zico Kolter},
  title        = {Defending Multimodal Fusion Models Against Single-Source Adversaries},
  booktitle    = CVPR,
  pages        = {3340--3349},
  year         = {2021}
}
@inproceedings{DBLP:journals/corr/SzegedyZSBEGF13,
  author       = {Christian Szegedy and
                  Wojciech Zaremba and
                  Ilya Sutskever and
                  Joan Bruna and
                  Dumitru Erhan and
                  Ian J. Goodfellow and
                  Rob Fergus},
  editor       = {Yoshua Bengio and
                  Yann LeCun},
  title        = {Intriguing properties of neural networks},
  booktitle    = ICLR,
  year         = {2014}
}
@article{DBLP:journals/iet-ipr/GaoYWYZ22,
  author       = {Song Gao and
                  Shui Yu and
                  Liwen Wu and
                  Shaowen Yao and
                  Xiaowei Zhou},
  title        = {Detecting adversarial examples by additional evidence from noise domain},
  journal      = {{IET} Image Process.},
  volume       = {16},
  number       = {2},
  pages        = {378--392},
  year         = {2022}
}
@article{DBLP:journals/ijon/ChangGYX23,
  author       = {Guoqin Chang and
                  Haichang Gao and
                  Zhou Yao and
                  Haoquan Xiong},
  title        = {TextGuise: Adaptive adversarial example attacks on text classification
                  model},
  journal      = {Neurocomputing},
  volume       = {529},
  pages        = {190--203},
  year         = {2023}
}
@inproceedings{DBLP:conf/ccnc/NabilaVAL23,
  author       = {Abdul Rahman Ba Nabila and
                  Eduardo K. Viegas and
                  Abdelrahman AlMahmoud and
                  Willian T. Lunardi},
  title        = {A Generative Adversarial Network-based Attack for Audio-based Condition
                  Monitoring Systems},
  booktitle    = {{IEEE} Consumer Communications {\&} Networking Conference,
                  {CCNC}},
  pages        = {275--280},
  year         = {2023}
}
@article{DBLP:journals/amai/GiordanoMMG23,
  author       = {Maurizio Giordano and
                  Lucia Maddalena and
                  Mario Manzo and
                  Mario Rosario Guarracino},
  title        = {Adversarial attacks on graph-level embedding methods: a case study},
  journal      = {Ann. Math. Artif. Intell.},
  volume       = {91},
  number       = {2},
  pages        = {259--285},
  year         = {2023}
}
@inproceedings{DBLP:journals/corr/GoodfellowSS14,
  author       = {Ian J. Goodfellow and
                  Jonathon Shlens and
                  Christian Szegedy},
  title        = {Explaining and Harnessing Adversarial Examples},
  booktitle    = ICLR,
  year         = {2015}
}
@inproceedings{DBLP:conf/iclr/KurakinGB17a,
  author       = {Alexey Kurakin and
                  Ian J. Goodfellow and
                  Samy Bengio},
  title        = {Adversarial examples in the physical world},
  booktitle    = ICLR,
  year         = {2017}
}
@inproceedings{DBLP:conf/cvpr/DongLPS0HL18,
  author       = {Yinpeng Dong and
                  Fangzhou Liao and
                  Tianyu Pang and
                  Hang Su and
                  Jun Zhu and
                  Xiaolin Hu and
                  Jianguo Li},
  title        = {Boosting Adversarial Attacks With Momentum},
  booktitle    = CVPR,
  pages        = {9185--9193},
  year         = {2018}
}
@inproceedings{DBLP:conf/iccv/WangH0021,
  author       = {Xiaosen Wang and
                  Xuanran He and
                  Jingdong Wang and
                  Kun He},
  title        = {Admix: Enhancing the Transferability of Adversarial Attacks},
  booktitle    = ICCV,
  pages        = {16138--16147},
  year         = {2021}
}
@inproceedings{DBLP:conf/ijcai/Zhang0CLZL22,
  author       = {Yaoyuan Zhang and
                  Yu{-}an Tan and
                  Tian Chen and
                  Xinrui Liu and
                  Quanxin Zhang and
                  Yuanzhang Li},
  title        = {Enhancing the Transferability of Adversarial Examples with Random
                  Patch},
  booktitle    = IJCAI,
  pages        = {1672--1678},
  year         = {2022}
}
@inproceedings{DBLP:conf/iccv/WangGZLQ021,
  author       = {Zhibo Wang and
                  Hengchang Guo and
                  Zhifei Zhang and
                  Wenxin Liu and
                  Zhan Qin and
                  Kui Ren},
  title        = {Feature Importance-aware Transferable Adversarial Attacks},
  booktitle    = ICCV,
  pages        = {7619--7628},
  year         = {2021},
}
@inproceedings{DBLP:conf/icml/NieGHXVA22,
  author       = {Weili Nie and
                  Brandon Guo and
                  Yujia Huang and
                  Chaowei Xiao and
                  Arash Vahdat and
                  Animashree Anandkumar},
  title        = {Diffusion Models for Adversarial Purification},
  booktitle    = ICML,
  volume       = {162},
  pages        = {16805--16827},
year = {2022}
}
@inproceedings{DBLP:conf/ipccc/QinY21,
  author       = {Yi Qin and
                  Chuan Yue},
  title        = {Key-Based Input Transformation Defense Against Adversarial Examples},
  booktitle    = {{IEEE} International Performance, Computing, and Communications Conference,
                  {IPCCC}},
  pages        = {1--10},
  year         = {2021},
}
@inproceedings{DBLP:conf/icml/00020F22,
  author       = {Wenxiao Wang and
                  Alexander Levine and
                  Soheil Feizi},
  title        = {Improved Certified Defenses against Data Poisoning with (Deterministic)
                  Finite Aggregation},
  booktitle    = ICML,
  volume       = {162},
  pages        = {22769--22783},
  year         = {2022},
}
@article{DBLP:journals/ipm/XuZYYBLZ23,
  author       = {Changkai Xu and
                  Chunjie Zhang and
                  Yanwu Yang and
                  Huaizhi Yang and
                  Yijun Bo and
                  Danyong Li and
                  Riquan Zhang},
  title        = {Accelerate adversarial training with loss guided propagation for robust
                  image classification},
  journal      = {Inf. Process. Manag.},
  volume       = {60},
  number       = {1},
  pages        = {103143},
  year         = {2023},
}

@inproceedings{DBLP:conf/iclr/WongRK20,
  author       = {Eric Wong and
                  Leslie Rice and
                  J. Zico Kolter},
  title        = {Fast is better than free: Revisiting adversarial training},
  booktitle    = ICLR,
  year         = {2020}
}
@article{DBLP:journals/ijautcomp/ZhuLWZH21,
  author       = {Hao Zhu and
                  Mandi Luo and
                  Rui Wang and
                  Aihua Zheng and
                  Ran He},
  title        = {Deep Audio-visual Learning: {A} Survey},
  journal      = {Int. J. Autom. Comput.},
  volume       = {18},
  number       = {3},
  pages        = {351--376},
  year         = {2021},
}
@article{DBLP:journals/tmm/Dimoulas16,
  author       = {Charalampos A. Dimoulas},
  title        = {Audiovisual Spatial-Audio Analysis by Means of Sound Localization
                  and Imaging: {A} Multimedia Healthcare Framework in Abdominal Sound
                  Mapping},
  journal      = TMM,
  volume       = {18},
  number       = {10},
  pages        = {1969--1976},
  year         = {2016},
}

@article{zhen2023human,
  title={Human-computer interaction system: A survey of talking-head generation},
  author={Zhen, Rui and Song, Wenchao and He, Qiang and Cao, Juan and Shi, Lei and Luo, Jia},
  journal={Electronics},
  volume={12},
  number={1},
  pages={218},
  year={2023}
}

@article{guo2023audio,
  title={Audio--visual language instruction understanding for robotic sorting},
  author={Guo, Di and Liu, Huaping and Sun, Fuchun},
  journal={Robotics and Autonomous Systems},
  volume={159},
  pages={104271},
  year={2023}
}
@inproceedings{wang2022triangle,
  title={Triangle attack: A query-efficient decision-based adversarial attack},
  author={Wang, Xiaosen and Zhang, Zeliang and Tong, Kangheng and Gong, Dihong and He, Kun and Li, Zhifeng and Liu, Wei},
  booktitle=ECCV,
  pages={156--174},
  year={2022}
}

@article{han2023interpreting,
  title={Interpreting Adversarial Examples in Deep Learning: A Review},
  author={Han, Sicong and Lin, Chenhao and Shen, Chao and Wang, Qian and Guan, Xiaohong},
  journal={ACM Computing Surveys},
  year={2023}
}

@article{kloukiniotis2022countering,
  title={Countering adversarial attacks on autonomous vehicles using denoising techniques: A review},
  author={Kloukiniotis, A and Papandreou, A and Lalos, A and Kapsalas, P and Nguyen, D-V and Moustakas, K},
  journal={IEEE Open Journal of Intelligent Transportation Systems},
  volume={3},
  pages={61--80},
  year={2022}
}
@inproceedings{yu2021sound,
  title={Sound Adversarial Audio-Visual Navigation},
  author={Yu, Yinfeng and Huang, Wenbing and Sun, Fuchun and Chen, Changan and Wang, Yikai and Liu, Xiaohong},
  booktitle=ICLR,
  year={2021}
}
@inproceedings{zhang2021attack,
  title={Attack on practical speaker verification system using universal adversarial perturbations},
  author={Zhang, Weiyi and Zhao, Shuning and Liu, Le and Li, Jianmin and Cheng, Xingliang and Zheng, Thomas Fang and Hu, Xiaolin},
  booktitle=ICASSP,
  pages={2575--2579},
  year={2021}
}

@inproceedings{DBLP:journals/corr/abs-2212-03814,
  title={iQuery: Instruments as Queries for Audio-Visual Sound Separation},
  author={Chen, Jiaben and Zhang, Renrui and Lian, Dongze and Yang, Jiaqi and Zeng, Ziyao and Shi, Jianbo},
  booktitle=CVPR,
  pages={14675--14686},
  year={2023}
}
@inproceedings{xuan2020cross,
  title={Cross-modal attention network for temporal inconsistent audio-visual event localization},
  author={Xuan, Hanyu and Zhang, Zhenyu and Chen, Shuo and Yang, Jian and Yan, Yan},
  booktitle=AAAI,
  pages = {279--286},
  year={2020}
}
@article{zeng2020deep,
  title={Deep triplet neural networks with cluster-cca for audio-visual cross-modal retrieval},
  author={Zeng, Donghuo and Yu, Yi and Oyama, Keizo},
  journal={ACM Transactions on Multimedia Computing, Communications, and Applications (TOMM)},
  volume={16},
  number={3},
  pages={1--23},
  year={2020}
}
@article{sun2022human,
  title={Human action recognition from various data modalities: A review},
  author={Sun, Zehua and Ke, Qiuhong and Rahmani, Hossein and Bennamoun, Mohammed and Wang, Gang and Liu, Jun},
  journal=PAMI,
  year={2022},
}
@article{yang2023target,
  title={Target and source modality co-reinforcement for emotion understanding from asynchronous multimodal sequences},
  author={Yang, Dingkang and Liu, Yang and Huang, Can and Li, Mingcheng and Zhao, Xiao and Wang, Yuzheng and Yang, Kun and Wang, Yan and Zhai, Peng and Zhang, Lihua},
  journal={Knowledge-Based Systems},
  volume={265},
  pages={110370},
  year={2023},
}
@article{wei2022learning,
  title={Learning in audio-visual context: A review, analysis, and new perspective},
  author={Wei, Yake and Hu, Di and Tian, Yapeng and Li, Xuelong},
  journal={arXiv preprint arXiv:2208.09579},
  year={2022}
}
@inproceedings{li2022learning,
  title={Learning to answer questions in dynamic audio-visual scenarios},
  author={Li, Guangyao and Wei, Yake and Tian, Yapeng and Xu, Chenliang and Wen, Ji-Rong and Hu, Di},
  booktitle=CVPR,
  pages={19108--19118},
  year={2022}
}

@inproceedings{DBLP:conf/iclr/GuoRCM18,
  author       = {Chuan Guo and
                  Mayank Rana and
                  Moustapha Ciss{\'{e}} and
                  Laurens van der Maaten},
  title        = {Countering Adversarial Images using Input Transformations},
  booktitle    = ICLR,
  year         = {2018},
}
@article{DBLP:journals/corr/abs-2305-01361,
  author       = {Juanjuan Weng and
                  Zhiming Luo and
                  Dazhen Lin and
                  Shaozi Li and
                  Zhun Zhong},
  title        = {Boosting Adversarial Transferability via Fusing Logits of Top-1 Decomposed
                  Feature},
  journal      = {CoRR},
  volume       = {abs/2305.01361},
  year         = {2023}
}

@inproceedings{arandjelovic2017look,
  title={Look, listen and learn},
  author={Arandjelovic, Relja and Zisserman, Andrew},
  booktitle=ICCV,
  pages={609--617},
  year={2017}
}

@inproceedings{DBLP:conf/iclr/MadryMSTV18,
  author       = {Aleksander Madry and
                  Aleksandar Makelov and
                  Ludwig Schmidt and
                  Dimitris Tsipras and
                  Adrian Vladu},
  title        = {Towards Deep Learning Models Resistant to Adversarial Attacks},
  booktitle    = ICLR,
  year         = {2018}
}

@inproceedings{kurakin2017adversarial,
	author = {Alexey Kurakin and Ian J. Goodfellow and Samy Bengio},
	booktitle = {ICLR},
	title = {{Adversarial Examples in the Physical World}},
	year = {2017}
}
@inproceedings{lin2019nesterov,
  title={Nesterov Accelerated Gradient and Scale Invariance for Adversarial Attacks},
  author={Lin, Jiadong and Song, Chuanbiao and He, Kun and Wang, Liwei and Hopcroft, John E},
  booktitle={ICLR},
  year={2019}
}
@article{rebuffi2021data,
  title={Data augmentation can improve robustness},
  author={Rebuffi, Sylvestre-Alvise and Gowal, Sven and Calian, Dan Andrei and Stimberg, Florian and Wiles, Olivia and Mann, Timothy A},
  journal={NeurIPS},
  volume={34},
  pages={29935--29948},
  year={2021}
}

@inproceedings{he2023investigating,
  title={Investigating Catastrophic Overfitting in Fast Adversarial Training: A Self-fitting Perspective},
  author={He, Zhengbao and Li, Tao and Chen, Sizhe and Huang, Xiaolin},
  booktitle=CVPR,
  pages={2313--2320},
  year={2023}
}
@inproceedings{madry2018towards,
  title={Towards Deep Learning Models Resistant to Adversarial Attacks},
  author={Madry, Aleksander and Makelov, Aleksandar and Schmidt, Ludwig and Tsipras, Dimitris and Vladu, Adrian},
  booktitle={International Conference on Learning Representations},
  year={2018}
}
@inproceedings{brousmiche2019audio,
  title={Audio-visual fusion and conditioning with neural networks for event recognition},
  author={Brousmiche, Mathilde and Rouat, Jean and Dupont, St{\'e}phane},
  booktitle={2019 IEEE 29th International Workshop on Machine Learning for Signal Processing (MLSP)},
  pages={1--6},
  year={2019},
  organization={IEEE}
}
@article{brousmiche2022multimodal,
  title={Multimodal attentive fusion network for audio-visual event recognition},
  author={Brousmiche, Mathilde and Rouat, Jean and Dupont, St{\'e}phane},
  journal={Information Fusion},
  volume={85},
  pages={52--59},
  year={2022},
  publisher={Elsevier}
}
@inproceedings{xia2022cross,
  title={Cross-modal background suppression for audio-visual event localization},
  author={Xia, Yan and Zhao, Zhou},
  booktitle={Proceedings of the IEEE/CVF conference on computer vision and pattern recognition},
  pages={19989--19998},
  year={2022}
}
@inproceedings{majumder2022active,
  title={Active audio-visual separation of dynamic sound sources},
  author={Majumder, Sagnik and Grauman, Kristen},
  booktitle={European Conference on Computer Vision},
  pages={551--569},
  year={2022},
  organization={Springer}
}
@inproceedings{wu2019time,
  title={Time domain audio visual speech separation},
  author={Wu, Jian and Xu, Yong and Zhang, Shi-Xiong and Chen, Lian-Wu and Yu, Meng and Xie, Lei and Yu, Dong},
  booktitle={2019 IEEE automatic speech recognition and understanding workshop (ASRU)},
  pages={667--673},
  year={2019},
  organization={IEEE}
}

@inproceedings{majumder2021move2hear,
  title={Move2hear: Active audio-visual source separation},
  author={Majumder, Sagnik and Al-Halah, Ziad and Grauman, Kristen},
  booktitle={Proceedings of the IEEE/CVF International Conference on Computer Vision},
  pages={275--285},
  year={2021}
}
@inproceedings{wu2021binaural,
  title={Binaural audio-visual localization},
  author={Wu, Xinyi and Wu, Zhenyao and Ju, Lili and Wang, Song},
  booktitle={Proceedings of the AAAI Conference on Artificial Intelligence},
  volume={35},
  number={4},
  pages={2961--2968},
  year={2021}
}
@inproceedings{wu2019dual,
  title={Dual attention matching for audio-visual event localization},
  author={Wu, Yu and Zhu, Linchao and Yan, Yan and Yang, Yi},
  booktitle={Proceedings of the IEEE/CVF international conference on computer vision},
  pages={6292--6300},
  year={2019}
}
@article{mo2022closer,
  title={A closer look at weakly-supervised audio-visual source localization},
  author={Mo, Shentong and Morgado, Pedro},
  journal={Advances in Neural Information Processing Systems},
  volume={35},
  pages={37524--37536},
  year={2022}
}
@article{min2020multimodal,
  title={A multimodal saliency model for videos with high audio-visual correspondence},
  author={Min, Xiongkuo and Zhai, Guangtao and Zhou, Jiantao and Zhang, Xiao-Ping and Yang, Xiaokang and Guan, Xinping},
  journal={IEEE Transactions on Image Processing},
  volume={29},
  pages={3805--3819},
  year={2020},
  publisher={IEEE}
}
@inproceedings{zhu2021learning,
  title={Learning audio-visual correlations from variational cross-modal generation},
  author={Zhu, Ye and Wu, Yu and Latapie, Hugo and Yang, Yi and Yan, Yan},
  booktitle={ICASSP 2021-2021 IEEE International Conference on Acoustics, Speech and Signal Processing (ICASSP)},
  pages={4300--4304},
  year={2021},
  organization={IEEE}
}
@inproceedings{morgado2021robust,
  title={Robust audio-visual instance discrimination},
  author={Morgado, Pedro and Misra, Ishan and Vasconcelos, Nuno},
  booktitle={Proceedings of the IEEE/CVF Conference on Computer Vision and Pattern Recognition},
  pages={12934--12945},
  year={2021}
}
@inproceedings{chen2017deep,
  title={Deep cross-modal audio-visual generation},
  author={Chen, Lele and Srivastava, Sudhanshu and Duan, Zhiyao and Xu, Chenliang},
  booktitle={Proceedings of the on Thematic Workshops of ACM Multimedia 2017},
  pages={349--357},
  year={2017}
}

@inproceedings{hao2018cmcgan,
  title={Cmcgan: A uniform framework for cross-modal visual-audio mutual generation},
  author={Hao, Wangli and Zhang, Zhaoxiang and Guan, He},
  booktitle={Proceedings of the AAAI conference on artificial intelligence},
  volume={32},
  number={1},
  year={2018}
}
@inproceedings{zhou2019talking,
  title={Talking face generation by adversarially disentangled audio-visual representation},
  author={Zhou, Hang and Liu, Yu and Liu, Ziwei and Luo, Ping and Wang, Xiaogang},
  booktitle={Proceedings of the AAAI conference on artificial intelligence},
  volume={33},
  number={01},
  pages={9299--9306},
  year={2019}
}
@inproceedings{cheng2020look,
  title={Look, listen, and attend: Co-attention network for self-supervised audio-visual representation learning},
  author={Cheng, Ying and Wang, Ruize and Pan, Zhihao and Feng, Rui and Zhang, Yuejie},
  booktitle={Proceedings of the 28th ACM International Conference on Multimedia},
  pages={3884--3892},
  year={2020}
}
@article{rahman2021tribert,
  title={TriBERT: Human-centric audio-visual representation learning},
  author={Rahman, Tanzila and Yang, Mengyu and Sigal, Leonid},
  journal={Advances in Neural Information Processing Systems},
  volume={34},
  pages={9774--9787},
  year={2021}
}
@article{gao2024audio,
  title={Audio-visual representation learning for anomaly events detection in crowds},
  author={Gao, Junyu and Yang, Hao and Gong, Maoguo and Li, Xuelong},
  journal={Neurocomputing},
  pages={127489},
  year={2024},
  publisher={Elsevier}
}

 @InProceedings{zhao2018sound,
        author = {Zhao, Hang and Gan, Chuang and Rouditchenko, Andrew and Vondrick, Carl and McDermott, Josh and Torralba, Antonio},
        title = {The Sound of Pixels},
        booktitle = {The European Conference on Computer Vision (ECCV)},
        month = {September},
        year = {2018}
    }
@inproceedings{yang2023quantifying,
  title={Quantifying and Enhancing Multi-modal Robustness with Modality Preference},
  author={Yang, Zequn and Wei, Yake and Liang, Ce and Hu, Di},
  booktitle={The Twelfth International Conference on Learning Representations},
  year={2023}
}

@inproceedings{kim2023breaking,
  title={Breaking Temporal Consistency: Generating Video Universal Adversarial Perturbations Using Image Models},
  author={Kim, Hee-Seon and Son, Minji and Kim, Minbeom and Kwon, Myung-Joon and Kim, Changick},
  booktitle={Proceedings of the IEEE/CVF International Conference on Computer Vision},
  pages={4325--4334},
  year={2023}
}

@inproceedings{yu2022understanding,
  title={Understanding robust overfitting of adversarial training and beyond},
  author={Yu, Chaojian and Han, Bo and Shen, Li and Yu, Jun and Gong, Chen and Gong, Mingming and Liu, Tongliang},
  booktitle={International Conference on Machine Learning},
  pages={25595--25610},
  year={2022},
  organization={PMLR}
}
@inproceedings{ma2023transferable,
  title={Transferable adversarial attack for both vision transformers and convolutional networks via momentum integrated gradients},
  author={Ma, Wenshuo and Li, Yidong and Jia, Xiaofeng and Xu, Wei},
  booktitle={Proceedings of the IEEE/CVF International Conference on Computer Vision},
  pages={4630--4639},
  year={2023}
}
@inproceedings{zhang2023improving,
  title={Improving the transferability of adversarial samples by path-augmented method},
  author={Zhang, Jianping and Huang, Jen-tse and Wang, Wenxuan and Li, Yichen and Wu, Weibin and Wang, Xiaosen and Su, Yuxin and Lyu, Michael R},
  booktitle={Proceedings of the IEEE/CVF Conference on Computer Vision and Pattern Recognition},
  pages={8173--8182},
  year={2023}
}
@inproceedings{kim2021understanding,
  title={Understanding catastrophic overfitting in single-step adversarial training},
  author={Kim, Hoki and Lee, Woojin and Lee, Jaewook},
  booktitle={Proceedings of the AAAI Conference on Artificial Intelligence},
  volume={35},
  number={9},
  pages={8119--8127},
  year={2021}
}
@inproceedings{rice2020overfitting,
  title={Overfitting in adversarially robust deep learning},
  author={Rice, Leslie and Wong, Eric and Kolter, Zico},
  booktitle={International conference on machine learning},
  pages={8093--8104},
  year={2020},
  organization={PMLR}
}
@inproceedings{byun2023introducing,
  title={Introducing competition to boost the transferability of targeted adversarial examples through clean feature mixup},
  author={Byun, Junyoung and Kwon, Myung-Joon and Cho, Seungju and Kim, Yoonji and Kim, Changick},
  booktitle={Proceedings of the IEEE/CVF Conference on Computer Vision and Pattern Recognition},
  pages={24648--24657},
  year={2023}
}