@inproceedings{fridovich2022plenoxels,
  title={Plenoxels: Radiance fields without neural networks},
  author={Fridovich-Keil, Sara and Yu, Alex and Tancik, Matthew and Chen, Qinhong and Recht, Benjamin and Kanazawa, Angjoo},
  booktitle={Proceedings of the IEEE/CVF Conference on Computer Vision and Pattern Recognition},
  pages={5501--5510},
  year={2022}
}

@inproceedings{hexplane,
  title={Hexplane: A fast representation for dynamic scenes},
  author={Cao, Ang and Johnson, Justin},
  booktitle={Proceedings of the IEEE/CVF Conference on Computer Vision and Pattern Recognition},
  pages={130--141},
  year={2023}
}

@article{huang2023scgs,
  title={SC-GS: Sparse-Controlled Gaussian Splatting for Editable Dynamic Scenes},
  author={Huang, Yi-Hua and Sun, Yang-Tian and Yang, Ziyi and Lyu, Xiaoyang and Cao, Yan-Pei and Qi, Xiaojuan},
  journal={arXiv preprint arXiv:2312.14937},
  year={2023}
}

@article{kerbl20233d,
  title={3d gaussian splatting for real-time radiance field rendering},
  author={Kerbl, Bernhard and Kopanas, Georgios and Leimk{\"u}hler, Thomas and Drettakis, George},
  journal={ACM Transactions on Graphics},
  volume={42},
  number={4},
  pages={1--14},
  year={2023},
  publisher={ACM}
}

@inproceedings{kplanes,
  title={K-planes: Explicit radiance fields in space, time, and appearance},
  author={Fridovich-Keil, Sara and Meanti, Giacomo and Warburg, Frederik Rahb{\ae}k and Recht, Benjamin and Kanazawa, Angjoo},
  booktitle={Proceedings of the IEEE/CVF Conference on Computer Vision and Pattern Recognition},
  pages={12479--12488},
  year={2023}
}

@article{lu2023scaffold,
  title={Scaffold-gs: Structured 3d gaussians for view-adaptive rendering},
  author={Lu, Tao and Yu, Mulin and Xu, Linning and Xiangli, Yuanbo and Wang, Limin and Lin, Dahua and Dai, Bo},
  journal={arXiv preprint arXiv:2312.00109},
  year={2023}
}

@inproceedings{wang2024gflow,
  title={GFlow: Recovering 4D World from Monocular Video},
  author={Wang, Shizun and Yang, Xingyi and Shen, Qiuhong and Jiang, Zhenxiang and Wang, Xinchao},
  booktitle={Proceedings of the AAAI Conference on Artificial Intelligence},
  year={2025}
}

@article{wu20234dgs,
  title={4d gaussian splatting for real-time dynamic scene rendering},
  author={Wu, Guanjun and Yi, Taoran and Fang, Jiemin and Xie, Lingxi and Zhang, Xiaopeng and Wei, Wei and Liu, Wenyu and Tian, Qi and Wang, Xinggang},
  journal={arXiv preprint arXiv:2310.08528},
  year={2023}
}

@article{yang2023deformable,
  title={Deformable 3d gaussians for high-fidelity monocular dynamic scene reconstruction},
  author={Yang, Ziyi and Gao, Xinyu and Zhou, Wen and Jiao, Shaohui and Zhang, Yuqing and Jin, Xiaogang},
  journal={arXiv preprint arXiv:2309.13101},
  year={2023}
}

