@inproceedings{chen2018encoder,
  title={Encoder-decoder with atrous separable convolution for semantic image segmentation},
  author={Chen, Liang-Chieh and Zhu, Yukun and Papandreou, George and Schroff, Florian and Adam, Hartwig},
  booktitle={Proceedings of the European conference on computer vision (ECCV)},
  pages={801--818},
  year={2018}
}

@article{gupta2024topology,
  title={Topology-aware uncertainty for image segmentation},
  author={Gupta, Saumya and Zhang, Yikai and Hu, Xiaoling and Prasanna, Prateek and Chen, Chao},
  journal={Advances in Neural Information Processing Systems},
  volume={36},
  year={2024}
}

@inproceedings{he2020sat2graph,
  title={Sat2graph: Road graph extraction through graph-tensor encoding},
  author={He, Songtao and Bastani, Favyen and Jagwani, Satvat and Alizadeh, Mohammad and Balakrishnan, Hari and Chawla, Sanjay and Elshrif, Mohamed M and Madden, Samuel and Sadeghi, Mohammad Amin},
  booktitle={Computer Vision--ECCV 2020: 16th European Conference, Glasgow, UK, August 23--28, 2020, Proceedings, Part XXIV 16},
  pages={51--67},
  year={2020},
  organization={Springer}
}

@article{hetang2024segment,
  title={Segment Anything Model for Road Network Graph Extraction},
  author={Hetang, Congrui and Xue, Haoru and Le, Cindy and Yue, Tianwei and Wang, Wenping and He, Yihui},
  journal={arXiv preprint arXiv:2403.16051},
  year={2024}
}

@article{hu2019topology,
  title={Topology-preserving deep image segmentation},
  author={Hu, Xiaoling and Li, Fuxin and Samaras, Dimitris and Chen, Chao},
  journal={Advances in neural information processing systems},
  volume={32},
  year={2019}
}

@article{jin2019dunet,
  title={DUNet: A deformable network for retinal vessel segmentation},
  author={Jin, Qiangguo and Meng, Zhaopeng and Pham, Tuan D and Chen, Qi and Wei, Leyi and Su, Ran},
  journal={Knowledge-Based Systems},
  volume={178},
  pages={149--162},
  year={2019},
  publisher={Elsevier}
}

@article{khandelwal2022iterative,
  title={Iterative scene graph generation},
  author={Khandelwal, Siddhesh and Sigal, Leonid},
  journal={Advances in Neural Information Processing Systems},
  volume={35},
  pages={24295--24308},
  year={2022}
}

@inproceedings{kundu2023ggt,
  title={Is-ggt: Iterative scene graph generation with generative transformers},
  author={Kundu, Sanjoy and Aakur, Sathyanarayanan N},
  booktitle={Proceedings of the IEEE/CVF Conference on Computer Vision and Pattern Recognition},
  pages={6292--6301},
  year={2023}
}

@inproceedings{long2015fully,
  title={Fully convolutional networks for semantic segmentation},
  author={Long, Jonathan and Shelhamer, Evan and Darrell, Trevor},
  booktitle={Proceedings of the IEEE conference on computer vision and pattern recognition},
  pages={3431--3440},
  year={2015}
}

@inproceedings{lou2021dc,
  title={DC-UNet: rethinking the U-Net architecture with dual channel efficient CNN for medical image segmentation},
  author={Lou, Ange and Guan, Shuyue and Loew, Murray},
  booktitle={Medical Imaging 2021: Image Processing},
  volume={11596},
  pages={758--768},
  year={2021},
  organization={SPIE}
}

@article{mei2021coanet,
  title={CoANet: Connectivity attention network for road extraction from satellite imagery},
  author={Mei, Jie and Li, Rou-Jing and Gao, Wang and Cheng, Ming-Ming},
  journal={IEEE Transactions on Image Processing},
  volume={30},
  pages={8540--8552},
  year={2021},
  publisher={IEEE}
}

@inproceedings{menten2023skeletonization,
  title={A skeletonization algorithm for gradient-based optimization},
  author={Menten, Martin J and Paetzold, Johannes C and Zimmer, Veronika A and Shit, Suprosanna and Ezhov, Ivan and Holland, Robbie and Probst, Monika and Schnabel, Julia A and Rueckert, Daniel},
  booktitle={Proceedings of the IEEE/CVF International Conference on Computer Vision},
  pages={21394--21403},
  year={2023}
}

@inproceedings{mosinska2018beyond,
  title={Beyond the pixel-wise loss for topology-aware delineation},
  author={Mosinska, Agata and Marquez-Neila, Pablo and Kozi{\'n}ski, Mateusz and Fua, Pascal},
  booktitle={Proceedings of the IEEE conference on computer vision and pattern recognition},
  pages={3136--3145},
  year={2018}
}

@inproceedings{qi2023dynamic,
  title={Dynamic snake convolution based on topological geometric constraints for tubular structure segmentation},
  author={Qi, Yaolei and He, Yuting and Qi, Xiaoming and Zhang, Yuan and Yang, Guanyu},
  booktitle={Proceedings of the IEEE/CVF International Conference on Computer Vision},
  pages={6070--6079},
  year={2023}
}

@inproceedings{ronneberger2015u,
  title={U-net: Convolutional networks for biomedical image segmentation},
  author={Ronneberger, Olaf and Fischer, Philipp and Brox, Thomas},
  booktitle={Medical image computing and computer-assisted intervention--MICCAI 2015: 18th international conference, Munich, Germany, October 5-9, 2015, proceedings, part III 18},
  pages={234--241},
  year={2015},
  organization={Springer}
}

@article{shin2019deep,
  title={Deep vessel segmentation by learning graphical connectivity},
  author={Shin, Seung Yeon and Lee, Soochahn and Yun, Il Dong and Lee, Kyoung Mu},
  journal={Medical image analysis},
  volume={58},
  pages={101556},
  year={2019},
  publisher={Elsevier}
}

@inproceedings{shit2021cldice,
  title={clDice-a novel topology-preserving loss function for tubular structure segmentation},
  author={Shit, Suprosanna and Paetzold, Johannes C and Sekuboyina, Anjany and Ezhov, Ivan and Unger, Alexander and Zhylka, Andrey and Pluim, Josien PW and Bauer, Ulrich and Menze, Bjoern H},
  booktitle={Proceedings of the IEEE/CVF conference on computer vision and pattern recognition},
  pages={16560--16569},
  year={2021}
}

@inproceedings{shit2022relationformer,
  title={Relationformer: A unified framework for image-to-graph generation},
  author={Shit, Suprosanna and Koner, Rajat and Wittmann, Bastian and Paetzold, Johannes and Ezhov, Ivan and Li, Hongwei and Pan, Jiazhen and Sharifzadeh, Sahand and Kaissis, Georgios and Tresp, Volker and others},
  booktitle={European Conference on Computer Vision},
  pages={422--439},
  year={2022},
  organization={Springer}
}

@inproceedings{wang2020deep,
  title={Deep distance transform for tubular structure segmentation in ct scans},
  author={Wang, Yan and Wei, Xu and Liu, Fengze and Chen, Jieneng and Zhou, Yuyin and Shen, Wei and Fishman, Elliot K and Yuille, Alan L},
  booktitle={Proceedings of the IEEE/CVF Conference on Computer Vision and Pattern Recognition},
  pages={3833--3842},
  year={2020}
}

@inproceedings{wang2022pointscatter,
  title={Pointscatter: Point set representation for tubular structure extraction},
  author={Wang, Dong and Zhang, Zhao and Zhao, Ziwei and Liu, Yuhang and Chen, Yihong and Wang, Liwei},
  booktitle={European Conference on Computer Vision},
  pages={366--383},
  year={2022},
  organization={Springer}
}

@article{xu2022rngdet,
  title={Rngdet: Road network graph detection by transformer in aerial images},
  author={Xu, Zhenhua and Liu, Yuxuan and Gan, Lu and Sun, Yuxiang and Wu, Xinyu and Liu, Ming and Wang, Lujia},
  journal={IEEE Transactions on Geoscience and Remote Sensing},
  volume={60},
  pages={1--12},
  year={2022},
  publisher={IEEE}
}

@article{xu2023rngdet++,
  title={Rngdet++: Road network graph detection by transformer with instance segmentation and multi-scale features enhancement},
  author={Xu, Zhenhua and Liu, Yuxuan and Sun, Yuxiang and Liu, Ming and Wang, Lujia},
  journal={IEEE Robotics and Automation Letters},
  year={2023},
  publisher={IEEE}
}

@inproceedings{yang2023directional,
  title={Directional connectivity-based segmentation of medical images},
  author={Yang, Ziyun and Farsiu, Sina},
  booktitle={Proceedings of the IEEE/CVF conference on computer vision and pattern recognition},
  pages={11525--11535},
  year={2023}
}

