@article{fraz2012blood,
  title={Blood vessel segmentation methodologies in retinal images--a survey},
  author={Fraz, Muhammad Moazam and Remagnino, Paolo and Hoppe, Andreas and Uyyanonvara, Bunyarit and Rudnicka, Alicja R and Owen, Christopher G and Barman, Sarah A},
  journal={Computer methods and programs in biomedicine},
  volume={108},
  number={1},
  pages={407--433},
  year={2012},
  publisher={Elsevier}
}

@inproceedings{mnih2010learning,
  title={Learning to detect roads in high-resolution aerial images},
  author={Mnih, Volodymyr and Hinton, Geoffrey E},
  booktitle={Computer Vision--ECCV 2010: 11th European Conference on Computer Vision, Heraklion, Crete, Greece, September 5-11, 2010, Proceedings, Part VI 11},
  pages={210--223},
  year={2010},
  organization={Springer}
}

@article{he2024research,
  title={Research on Retinal Vessel Segmentation Algorithm Based on a Modified U-Shaped Network},
  author={He, Xialan and Wang, Ting and Yang, Wankou},
  journal={Applied Sciences},
  volume={14},
  number={1},
  pages={465},
  year={2024},
  publisher={MDPI}
}

@article{hoover2000locating,
  title={Locating blood vessels in retinal images by piecewise threshold probing of a matched filter response},
  author={Hoover, AD and Kouznetsova, Valentina and Goldbaum, Michael},
  journal={IEEE Transactions on Medical imaging},
  volume={19},
  number={3},
  pages={203--210},
  year={2000},
  publisher={IEEE}
}

@article{staal2004ridge,
  title={Ridge-based vessel segmentation in color images of the retina},
  author={Staal, Joes and Abr{\`a}moff, Michael D and Niemeijer, Meindert and Viergever, Max A and Van Ginneken, Bram},
  journal={IEEE transactions on medical imaging},
  volume={23},
  number={4},
  pages={501--509},
  year={2004},
  publisher={IEEE}
}

@article{arganda2015crowdsourcing,
  title={Crowdsourcing the creation of image segmentation algorithms for connectomics},
  author={Arganda-Carreras, Ignacio and Turaga, Srinivas C and Berger, Daniel R and Cire{\c{s}}an, Dan and Giusti, Alessandro and Gambardella, Luca M and Schmidhuber, J{\"u}rgen and Laptev, Dmitry and Dwivedi, Sarvesh and Buhmann, Joachim M and others},
  journal={Frontiers in neuroanatomy},
  volume={9},
  pages={152591},
  year={2015},
  publisher={Frontiers}
}

@book{mnih2013machine,
  title={Machine learning for aerial image labeling},
  author={Mnih, Volodymyr},
  year={2013},
  publisher={University of Toronto (Canada)}
}

@inproceedings{ronneberger2015u,
  title={U-net: Convolutional networks for biomedical image segmentation},
  author={Ronneberger, Olaf and Fischer, Philipp and Brox, Thomas},
  booktitle={Medical image computing and computer-assisted intervention--MICCAI 2015: 18th international conference, Munich, Germany, October 5-9, 2015, proceedings, part III 18},
  pages={234--241},
  year={2015},
  organization={Springer}
}

@inproceedings{wang2022pointscatter,
  title={Pointscatter: Point set representation for tubular structure extraction},
  author={Wang, Dong and Zhang, Zhao and Zhao, Ziwei and Liu, Yuhang and Chen, Yihong and Wang, Liwei},
  booktitle={European Conference on Computer Vision},
  pages={366--383},
  year={2022},
  organization={Springer}
}

@inproceedings{menten2023skeletonization,
  title={A skeletonization algorithm for gradient-based optimization},
  author={Menten, Martin J and Paetzold, Johannes C and Zimmer, Veronika A and Shit, Suprosanna and Ezhov, Ivan and Holland, Robbie and Probst, Monika and Schnabel, Julia A and Rueckert, Daniel},
  booktitle={Proceedings of the IEEE/CVF International Conference on Computer Vision},
  pages={21394--21403},
  year={2023}
}

@article{hu2019topology,
  title={Topology-preserving deep image segmentation},
  author={Hu, Xiaoling and Li, Fuxin and Samaras, Dimitris and Chen, Chao},
  journal={Advances in neural information processing systems},
  volume={32},
  year={2019}
}

@inproceedings{shit2021cldice,
  title={clDice-a novel topology-preserving loss function for tubular structure segmentation},
  author={Shit, Suprosanna and Paetzold, Johannes C and Sekuboyina, Anjany and Ezhov, Ivan and Unger, Alexander and Zhylka, Andrey and Pluim, Josien PW and Bauer, Ulrich and Menze, Bjoern H},
  booktitle={Proceedings of the IEEE/CVF conference on computer vision and pattern recognition},
  pages={16560--16569},
  year={2021}
}

@inproceedings{qi2023dynamic,
  title={Dynamic snake convolution based on topological geometric constraints for tubular structure segmentation},
  author={Qi, Yaolei and He, Yuting and Qi, Xiaoming and Zhang, Yuan and Yang, Guanyu},
  booktitle={Proceedings of the IEEE/CVF International Conference on Computer Vision},
  pages={6070--6079},
  year={2023}
}

@article{shin2019deep,
  title={Deep vessel segmentation by learning graphical connectivity},
  author={Shin, Seung Yeon and Lee, Soochahn and Yun, Il Dong and Lee, Kyoung Mu},
  journal={Medical image analysis},
  volume={58},
  pages={101556},
  year={2019},
  publisher={Elsevier}
}

@article{mei2021coanet,
  title={CoANet: Connectivity attention network for road extraction from satellite imagery},
  author={Mei, Jie and Li, Rou-Jing and Gao, Wang and Cheng, Ming-Ming},
  journal={IEEE Transactions on Image Processing},
  volume={30},
  pages={8540--8552},
  year={2021},
  publisher={IEEE}
}

@inproceedings{milletari2016v,
  title={V-net: Fully convolutional neural networks for volumetric medical image segmentation},
  author={Milletari, Fausto and Navab, Nassir and Ahmadi, Seyed-Ahmad},
  booktitle={2016 fourth international conference on 3D vision (3DV)},
  pages={565--571},
  year={2016},
  organization={Ieee}
}

@inproceedings{lin2017focal,
  title={Focal loss for dense object detection},
  author={Lin, Tsung-Yi and Goyal, Priya and Girshick, Ross and He, Kaiming and Doll{\'a}r, Piotr},
  booktitle={Proceedings of the IEEE international conference on computer vision},
  pages={2980--2988},
  year={2017}
}

@article{zhu2020deformable,
  title={Deformable detr: Deformable transformers for end-to-end object detection},
  author={Zhu, Xizhou and Su, Weijie and Lu, Lewei and Li, Bin and Wang, Xiaogang and Dai, Jifeng},
  journal={arXiv preprint arXiv:2010.04159},
  year={2020}
}

@inproceedings{long2015fully,
  title={Fully convolutional networks for semantic segmentation},
  author={Long, Jonathan and Shelhamer, Evan and Darrell, Trevor},
  booktitle={Proceedings of the IEEE conference on computer vision and pattern recognition},
  pages={3431--3440},
  year={2015}
}

@inproceedings{chen2018encoder,
  title={Encoder-decoder with atrous separable convolution for semantic image segmentation},
  author={Chen, Liang-Chieh and Zhu, Yukun and Papandreou, George and Schroff, Florian and Adam, Hartwig},
  booktitle={Proceedings of the European conference on computer vision (ECCV)},
  pages={801--818},
  year={2018}
}

@inproceedings{wang2020deep,
  title={Deep distance transform for tubular structure segmentation in ct scans},
  author={Wang, Yan and Wei, Xu and Liu, Fengze and Chen, Jieneng and Zhou, Yuyin and Shen, Wei and Fishman, Elliot K and Yuille, Alan L},
  booktitle={Proceedings of the IEEE/CVF Conference on Computer Vision and Pattern Recognition},
  pages={3833--3842},
  year={2020}
}

@inproceedings{yang2023directional,
  title={Directional connectivity-based segmentation of medical images},
  author={Yang, Ziyun and Farsiu, Sina},
  booktitle={Proceedings of the IEEE/CVF conference on computer vision and pattern recognition},
  pages={11525--11535},
  year={2023}
}

@inproceedings{lou2021dc,
  title={DC-UNet: rethinking the U-Net architecture with dual channel efficient CNN for medical image segmentation},
  author={Lou, Ange and Guan, Shuyue and Loew, Murray},
  booktitle={Medical Imaging 2021: Image Processing},
  volume={11596},
  pages={758--768},
  year={2021},
  organization={SPIE}
}

@article{jin2019dunet,
  title={DUNet: A deformable network for retinal vessel segmentation},
  author={Jin, Qiangguo and Meng, Zhaopeng and Pham, Tuan D and Chen, Qi and Wei, Leyi and Su, Ran},
  journal={Knowledge-Based Systems},
  volume={178},
  pages={149--162},
  year={2019},
  publisher={Elsevier}
}

@inproceedings{mosinska2018beyond,
  title={Beyond the pixel-wise loss for topology-aware delineation},
  author={Mosinska, Agata and Marquez-Neila, Pablo and Kozi{\'n}ski, Mateusz and Fua, Pascal},
  booktitle={Proceedings of the IEEE conference on computer vision and pattern recognition},
  pages={3136--3145},
  year={2018}
}

@article{gupta2024topology,
  title={Topology-aware uncertainty for image segmentation},
  author={Gupta, Saumya and Zhang, Yikai and Hu, Xiaoling and Prasanna, Prateek and Chen, Chao},
  journal={Advances in Neural Information Processing Systems},
  volume={36},
  year={2024}
}

@inproceedings{shit2022relationformer,
  title={Relationformer: A unified framework for image-to-graph generation},
  author={Shit, Suprosanna and Koner, Rajat and Wittmann, Bastian and Paetzold, Johannes and Ezhov, Ivan and Li, Hongwei and Pan, Jiazhen and Sharifzadeh, Sahand and Kaissis, Georgios and Tresp, Volker and others},
  booktitle={European Conference on Computer Vision},
  pages={422--439},
  year={2022},
  organization={Springer}
}

@article{hetang2024segment,
  title={Segment Anything Model for Road Network Graph Extraction},
  author={Hetang, Congrui and Xue, Haoru and Le, Cindy and Yue, Tianwei and Wang, Wenping and He, Yihui},
  journal={arXiv preprint arXiv:2403.16051},
  year={2024}
}

@inproceedings{he2020sat2graph,
  title={Sat2graph: Road graph extraction through graph-tensor encoding},
  author={He, Songtao and Bastani, Favyen and Jagwani, Satvat and Alizadeh, Mohammad and Balakrishnan, Hari and Chawla, Sanjay and Elshrif, Mohamed M and Madden, Samuel and Sadeghi, Mohammad Amin},
  booktitle={Computer Vision--ECCV 2020: 16th European Conference, Glasgow, UK, August 23--28, 2020, Proceedings, Part XXIV 16},
  pages={51--67},
  year={2020},
  organization={Springer}
}

@article{xu2022rngdet,
  title={Rngdet: Road network graph detection by transformer in aerial images},
  author={Xu, Zhenhua and Liu, Yuxuan and Gan, Lu and Sun, Yuxiang and Wu, Xinyu and Liu, Ming and Wang, Lujia},
  journal={IEEE Transactions on Geoscience and Remote Sensing},
  volume={60},
  pages={1--12},
  year={2022},
  publisher={IEEE}
}

@article{xu2023rngdet++,
  title={Rngdet++: Road network graph detection by transformer with instance segmentation and multi-scale features enhancement},
  author={Xu, Zhenhua and Liu, Yuxuan and Sun, Yuxiang and Liu, Ming and Wang, Lujia},
  journal={IEEE Robotics and Automation Letters},
  year={2023},
  publisher={IEEE}
}

@article{khandelwal2022iterative,
  title={Iterative scene graph generation},
  author={Khandelwal, Siddhesh and Sigal, Leonid},
  journal={Advances in Neural Information Processing Systems},
  volume={35},
  pages={24295--24308},
  year={2022}
}

@inproceedings{kundu2023ggt,
  title={Is-ggt: Iterative scene graph generation with generative transformers},
  author={Kundu, Sanjoy and Aakur, Sathyanarayanan N},
  booktitle={Proceedings of the IEEE/CVF Conference on Computer Vision and Pattern Recognition},
  pages={6292--6301},
  year={2023}
}

@article{zhang1984fast,
  title={A fast parallel algorithm for thinning digital patterns},
  author={Zhang, Tongjie Y and Suen, Ching Y.},
  journal={Communications of the ACM},
  volume={27},
  number={3},
  pages={236--239},
  year={1984},
  publisher={ACM New York, NY, USA}
}

@inproceedings{he2017mask,
  title={Mask r-cnn},
  author={He, Kaiming and Gkioxari, Georgia and Doll{\'a}r, Piotr and Girshick, Ross},
  booktitle={Proceedings of the IEEE international conference on computer vision},
  pages={2961--2969},
  year={2017}
}

@inproceedings{prabhakar2024vesselformer,
  title={Vesselformer: Towards Complete 3D Vessel Graph Generation from Images},
  author={Prabhakar, Chinmay and Shit, Suprosanna and Paetzold, Johannes C and Ezhov, Ivan and Koner, Rajat and Li, Hongwei and Kofler, Florian Sebastian and Menze, Bjoern},
  booktitle={Medical Imaging with Deep Learning},
  pages={320--331},
  year={2024},
  organization={PMLR}
}

@inproceedings{carion2020end,
  title={End-to-end object detection with transformers},
  author={Carion, Nicolas and Massa, Francisco and Synnaeve, Gabriel and Usunier, Nicolas and Kirillov, Alexander and Zagoruyko, Sergey},
  booktitle={European conference on computer vision},
  pages={213--229},
  year={2020},
  organization={Springer}
}

@article{kuhn1955hungarian,
  title={The Hungarian method for the assignment problem},
  author={Kuhn, Harold W},
  journal={Naval research logistics quarterly},
  volume={2},
  number={1-2},
  pages={83--97},
  year={1955},
  publisher={Wiley Online Library}
}

@incollection{dijkstra2022note,
  title={A note on two problems in connexion with graphs},
  author={Dijkstra, Edsger W},
  booktitle={Edsger Wybe Dijkstra: His Life, Work, and Legacy},
  pages={287--290},
  year={2022}
}

@article{dijkstra1959note,
  title     = {{A note on two problems in connexion with graphs}},
  author    = {Dijkstra, Edsger W},
  journal   = {Numerische mathematik},
  year      = {1959},
  publisher = {Springer}
}

@misc{mmseg2020,
    title={{MMSegmentation}: OpenMMLab Semantic Segmentation Toolbox and Benchmark},
    author={MMSegmentation Contributors},
    howpublished = {\url{https://github.com/open-mmlab/mmsegmentation}},
    year={2020}
}

@inproceedings{seyedhosseini2013image,
  title={Image segmentation with cascaded hierarchical models and logistic disjunctive normal networks},
  author={Seyedhosseini, Mojtaba and Sajjadi, Mehdi and Tasdizen, Tolga},
  booktitle={Proceedings of the IEEE international conference on computer vision},
  pages={2168--2175},
  year={2013}
}

@article{zhang2018road,
  title={Road extraction by deep residual u-net},
  author={Zhang, Zhengxin and Liu, Qingjie and Wang, Yunhong},
  journal={IEEE Geoscience and Remote Sensing Letters},
  volume={15},
  number={5},
  pages={749--753},
  year={2018},
  publisher={IEEE}
}

@inproceedings{zhou2018d,
  title={D-LinkNet: LinkNet with pretrained encoder and dilated convolution for high resolution satellite imagery road extraction},
  author={Zhou, Lichen and Zhang, Chuang and Wu, Ming},
  booktitle={Proceedings of the IEEE conference on computer vision and pattern recognition workshops},
  pages={182--186},
  year={2018}
}

@inproceedings{chaurasia2017linknet,
  title={Linknet: Exploiting encoder representations for efficient semantic segmentation},
  author={Chaurasia, Abhishek and Culurciello, Eugenio},
  booktitle={2017 IEEE visual communications and image processing (VCIP)},
  pages={1--4},
  year={2017},
  organization={IEEE}
}

@inproceedings{mou2019cs,
  title={CS-Net: Channel and spatial attention network for curvilinear structure segmentation},
  author={Mou, Lei and Zhao, Yitian and Chen, Li and Cheng, Jun and Gu, Zaiwang and Hao, Huaying and Qi, Hong and Zheng, Yalin and Frangi, Alejandro and Liu, Jiang},
  booktitle={Medical Image Computing and Computer Assisted Intervention--MICCAI 2019: 22nd International Conference, Shenzhen, China, October 13--17, 2019, Proceedings, Part I 22},
  pages={721--730},
  year={2019},
  organization={Springer}
}

@article{chen2021transunet,
  title={Transunet: Transformers make strong encoders for medical image segmentation},
  author={Chen, Jieneng and Lu, Yongyi and Yu, Qihang and Luo, Xiangde and Adeli, Ehsan and Wang, Yan and Lu, Le and Yuille, Alan L and Zhou, Yuyin},
  journal={arXiv preprint arXiv:2102.04306},
  year={2021}
}

@article{zou2004statistical,
  title={Statistical validation of image segmentation quality based on a spatial overlap index1: scientific reports},
  author={Zou, Kelly H and Warfield, Simon K and Bharatha, Aditya and Tempany, Clare MC and Kaus, Michael R and Haker, Steven J and Wells III, William M and Jolesz, Ferenc A and Kikinis, Ron},
  journal={Academic radiology},
  volume={11},
  number={2},
  pages={178--189},
  year={2004},
  publisher={Elsevier}
}

@article{meilua2007comparing,
  title={Comparing clusterings—an information based distance},
  author={Meil{\u{a}}, Marina},
  journal={Journal of multivariate analysis},
  volume={98},
  number={5},
  pages={873--895},
  year={2007},
  publisher={Elsevier}
}

@article{hubert1985comparing,
  title={Comparing partitions},
  author={Hubert, Lawrence and Arabie, Phipps},
  journal={Journal of classification},
  volume={2},
  pages={193--218},
  year={1985},
  publisher={Springer}
}

@article{guimaraes2016fast,
  title={A fast and efficient technique for the automatic tracing of corneal nerves in confocal microscopy},
  author={Guimaraes, Pedro and Wigdahl, Jeffrey and Ruggeri, Alfredo},
  journal={Translational vision science \& technology},
  volume={5},
  number={5},
  year={2016},
  publisher={The Association for Research in Vision and Ophthalmology}
}

@article{paszke2019pytorch,
  title={Pytorch: An imperative style, high-performance deep learning library},
  author={Paszke, Adam and Gross, Sam and Massa, Francisco and Lerer, Adam and Bradbury, James and Chanan, Gregory and Killeen, Trevor and Lin, Zeming and Gimelshein, Natalia and Antiga, Luca and others},
  journal={Advances in neural information processing systems},
  volume={32},
  year={2019}
}

@misc{wu2019detectron2,
  author =       {Yuxin Wu and Alexander Kirillov and Francisco Massa and
                  Wan-Yen Lo and Ross Girshick},
  title =        {Detectron2},
  howpublished = {\url{https://github.com/facebookresearch/detectron2}},
  year =         {2019}
}
