@article{parallel_drl_stock_trading,
  title={A parallel multi-module deep reinforcement learning algorithm for stock trading},
  author={Ma, Cong and Zhang, Jiangshe and Liu, Junmin and Ji, Lizhen and Gao, Fei},
  journal={Neurocomputing},
  volume={449},
  pages={290--302},
  year={2021},
  publisher={Elsevier}
}

@article{novel_drl_stock_trading,
  title={A novel deep reinforcement learning based automated stock trading system using cascaded lstm networks},
  author={Zou, Jie and Lou, Jiashu and Wang, Baohua and Liu, Sixue},
  journal={Expert Systems with Applications},
  volume={242},
  pages={122801},
  year={2024},
  publisher={Elsevier}
}

@article{market_sentiment_drl_stock_trading,
  title={Market sentiment-aware deep reinforcement learning approach for stock portfolio allocation},
  author={Koratamaddi, Prahlad and Wadhwani, Karan and Gupta, Mridul and Sanjeevi, Sriram G},
  journal={Engineering Science and Technology, an International Journal},
  volume={24},
  number={4},
  pages={848--859},
  year={2021},
  publisher={Elsevier}
}

@article{drl_end_to_end_stock_trading,
  title={Deep Reinforcement Learning Based End-to-End Stock Trading Strategy},
  author={Wang, Yonghao and Peng, Qinke and Han, Tian and Li, Haozhou and Shen, Yiqing},
  journal={Available at SSRN 4384871},
  year={2023}
}

@article{adaptive_drl_stock_trading,
  title={Adaptive stock trading strategies with deep reinforcement learning methods},
  author={Wu, Xing and Chen, Haolei and Wang, Jianjia and Troiano, Luigi and Loia, Vincenzo and Fujita, Hamido},
  journal={Information Sciences},
  volume={538},
  pages={142--158},
  year={2020},
  publisher={Elsevier}
}

@article{Liu2022FinRL,
  title={FinRL-Meta: Market environments and benchmarks for data-driven financial reinforcement learning},
  author={Liu, Xiao-Yang and Xia, Ziyi and Rui, Jingyang and Gao, Jiechao and Yang, Hongyang and Zhu, Ming and Wang, Christina and Wang, Zhaoran and Guo, Jian},
  journal={Advances in Neural Information Processing Systems},
  volume={35},
  pages={1835--1849},
  year={2022}
}

@inproceedings{Vyawahare2020,
  title={ABIDES-gym: gym environments for multi-agent discrete event simulation and application to financial markets},
  author={Amrouni, Selim and Moulin, Aymeric and Vann, Jared and Vyetrenko, Svitlana and Balch, Tucker and Veloso, Manuela},
  booktitle={Proceedings of the Second ACM International Conference on AI in Finance},
  pages={1--9},
  year={2021}
}

@article{Montazeri2023,
  title={CNN-DRL for Scalable Actions in Finance},
  author={Montazeri, Sina and Mirzaeinia, Akram and Jumakhan, Haseebullah and Mirzaeinia, Amir},
  journal={arXiv preprint arXiv:2401.06179},
  year={2024}
}

@article{Montazeri2024,
  title={Cnn-drl with shuffled features in finance},
  author={Montazeri, Sina and Mirzaeinia, Akram and Mirzaeinia, Amir},
  journal={arXiv preprint arXiv:2402.03338},
  year={2024}
}

@inproceedings{Zhang2019,
  title={Finrl-podracer: high performance and scalable deep reinforcement learning for quantitative finance},
  author={Li, Zechu and Liu, Xiao-Yang and Zheng, Jiahao and Wang, Zhaoran and Walid, Anwar and Guo, Jian},
  booktitle={Proceedings of the second ACM international conference on AI in finance},
  pages={1--9},
  year={2021}
}

@book{Tsay2010,
  title={Analysis of financial time series},
  author={Tsay, Ruey S},
  year={2005},
  publisher={John wiley \& sons}
}

@article{Kumar2007,
  title={Bankruptcy prediction in banks and firms via statistical and intelligent techniques--A review},
  author={Kumar, P Ravi and Ravi, Vadlamani},
  journal={European journal of operational research},
  volume={180},
  number={1},
  pages={1--28},
  year={2007},
  publisher={Elsevier}
}

@article{Atsalakis2009,
  title={Surveying stock market forecasting techniques--Part II: Soft computing methods},
  author={Atsalakis, George S and Valavanis, Kimon P},
  journal={Expert Systems with applications},
  volume={36},
  number={3},
  pages={5932--5941},
  year={2009},
  publisher={Elsevier}
}

@article{Mnih2015,
  title={Human-level control through deep reinforcement learning},
  author={Mnih, Volodymyr and Kavukcuoglu, Koray and Silver, David and Rusu, Andrei A and Veness, Joel and Bellemare, Marc G and Graves, Alex and Riedmiller, Martin and Fidjeland, Andreas K and Ostrovski, Georg and others},
  journal={nature},
  volume={518},
  number={7540},
  pages={529--533},
  year={2015},
  publisher={Nature Publishing Group UK London}
}

@article{courbariaux2016binarized,
  title={Binarized neural networks: Training deep neural networks with weights and activations constrained to+ 1 or-1},
  author={Courbariaux, Matthieu and Hubara, Itay and Soudry, Daniel and El-Yaniv, Ran and Bengio, Yoshua},
  journal={arXiv preprint arXiv:1602.02830},
  year={2016}
}

@article{dai2021coatnet,
  title={Coatnet: Marrying convolution and attention for all data sizes},
  author={Dai, Zihang and Liu, Hanxiao and Le, Quoc V and Tan, Mingxing},
  journal={Advances in neural information processing systems},
  volume={34},
  pages={3965--3977},
  year={2021}
}

@article{chen2019compressing,
  title={Compressing CNN-DBLSTM models for OCR with teacher-student learning and Tucker decomposition},
  author={Ding, Haisong and Chen, Kai and Huo, Qiang},
  journal={Pattern Recognition},
  volume={96},
  pages={106957},
  year={2019},
  publisher={Elsevier}
}

@article{dai2016rfcn,
  title={R-fcn: Object detection via region-based fully convolutional networks},
  author={Dai, Jifeng and Li, Yi and He, Kaiming and Sun, Jian},
  journal={Advances in neural information processing systems},
  volume={29},
  year={2016}
}

@inproceedings{chollet2017xception,
  title={Xception: Deep learning with depthwise separable convolutions},
  author={Chollet, Fran{\c{c}}ois},
  booktitle={Proceedings of the IEEE conference on computer vision and pattern recognition},
  pages={1251--1258},
  year={2017}
}

@article{LeCun2015,
  title={Deep learning},
  author={LeCun, Yann and Bengio, Yoshua and Hinton, Geoffrey},
  journal={nature},
  volume={521},
  number={7553},
  pages={436--444},
  year={2015},
  publisher={Nature Publishing Group UK London}
}

@article{Krizhevsky2012,
  title={Imagenet classification with deep convolutional neural networks},
  author={Krizhevsky, Alex and Sutskever, Ilya and Hinton, Geoffrey E},
  journal={Advances in neural information processing systems},
  volume={25},
  year={2012}
}

@book{Goodfellow2016,
  title={Deep learning},
  author={Goodfellow, Ian and Bengio, Yoshua and Courville, Aaron},
  year={2016},
  publisher={MIT press}
}

@inproceedings{He2016,
  title={Deep residual learning for image recognition},
  author={He, Kaiming and Zhang, Xiangyu and Ren, Shaoqing and Sun, Jian},
  booktitle={Proceedings of the IEEE conference on computer vision and pattern recognition},
  pages={770--778},
  year={2016}
}

@article{Simonyan2014,
  title={Very deep convolutional networks for large-scale image recognition},
  author={Simonyan, Karen and Zisserman, Andrew},
  journal={arXiv preprint arXiv:1409.1556},
  year={2014}
}

@inproceedings{Szegedy2015,
  title={Going deeper with convolutions},
  author={Szegedy, Christian and Liu, Wei and Jia, Yangqing and Sermanet, Pierre and Reed, Scott and Anguelov, Dragomir and Erhan, Dumitru and Vanhoucke, Vincent and Rabinovich, Andrew},
  booktitle={Proceedings of the IEEE conference on computer vision and pattern recognition},
  pages={1--9},
  year={2015}
}
@inproceedings{Tsantekidis2017,
  title={Forecasting stock prices from the limit order book using convolutional neural networks},
  author={Tsantekidis, Avraam and Passalis, Nikolaos and Tefas, Anastasios and Kanniainen, Juho and Gabbouj, Moncef and Iosifidis, Alexandros},
  booktitle={2017 IEEE 19th conference on business informatics (CBI)},
  volume={1},
  pages={7--12},
  year={2017},
  organization={IEEE}
}

@book{sutton2018reinforcement,
  title={Reinforcement learning: An introduction},
  author={Sutton, Richard S and Barto, Andrew G},
  year={2018},
  publisher={MIT press}
}

@article{Montazeri2024GradientRC,
  title={Gradient Reduction Convolutional Neural Network Policy for Financial Deep Reinforcement Learning},
  author={Sina Montazeri and Haseebullah Jumakhan and Sonia Abrasiabian and Amir Mirzaeinia},
  journal={ArXiv},
  year={2024},
  volume={abs/2408.11859},
  url={https://api.semanticscholar.org/CorpusID:271924178}
}