@article{Atsalakis2009,
  title={Surveying stock market forecasting techniques--Part II: Soft computing methods},
  author={Atsalakis, George S and Valavanis, Kimon P},
  journal={Expert Systems with applications},
  volume={36},
  number={3},
  pages={5932--5941},
  year={2009},
  publisher={Elsevier}
}

@article{Kumar2007,
  title={Bankruptcy prediction in banks and firms via statistical and intelligent techniques--A review},
  author={Kumar, P Ravi and Ravi, Vadlamani},
  journal={European journal of operational research},
  volume={180},
  number={1},
  pages={1--28},
  year={2007},
  publisher={Elsevier}
}

@article{Mnih2015,
  title={Human-level control through deep reinforcement learning},
  author={Mnih, Volodymyr and Kavukcuoglu, Koray and Silver, David and Rusu, Andrei A and Veness, Joel and Bellemare, Marc G and Graves, Alex and Riedmiller, Martin and Fidjeland, Andreas K and Ostrovski, Georg and others},
  journal={nature},
  volume={518},
  number={7540},
  pages={529--533},
  year={2015},
  publisher={Nature Publishing Group UK London}
}

@inproceedings{Tsantekidis2017,
  title={Forecasting stock prices from the limit order book using convolutional neural networks},
  author={Tsantekidis, Avraam and Passalis, Nikolaos and Tefas, Anastasios and Kanniainen, Juho and Gabbouj, Moncef and Iosifidis, Alexandros},
  booktitle={2017 IEEE 19th conference on business informatics (CBI)},
  volume={1},
  pages={7--12},
  year={2017},
  organization={IEEE}
}

@book{Tsay2010,
  title={Analysis of financial time series},
  author={Tsay, Ruey S},
  year={2005},
  publisher={John wiley \& sons}
}

