@article{francart2007perception,
  title={Perception of across-frequency interaural level differences},
  author={Francart, Tom and Wouters, Jan},
  journal={The Journal of the Acoustical Society of America},
  volume={122},
  number={5},
  pages={2826--2831},
  year={2007},
  publisher={AIP Publishing}
}

@inproceedings{iftikhar2023together,
  title={“Together but not together”: Evaluating Typing Indicators for Interaction-Rich Communication},
  author={Iftikhar, Zainab and Ma, Yumeng and Huang, Jeff},
  booktitle={Proceedings of the 2023 CHI Conference on Human Factors in Computing Systems},
  pages={1--12},
  year={2023}
}

@article{guest2006many,
  title={How many interviews are enough? An experiment with data saturation and variability},
  author={Guest, Greg and Bunce, Arwen and Johnson, Laura},
  journal={Field methods},
  volume={18},
  number={1},
  pages={59--82},
  year={2006},
  publisher={Sage Publications Sage CA: Thousand Oaks, CA}
}
@article{bargum2023spatial,
  title={Spatial Audio Mixing in Virtual Reality},
  author={Bargum, Anders Riddershom and Kristj{\'a}nsson, Oddur Ingi and Bab{\'o}, P{\'e}ter and Nielsen, Rasmus Eske Waage and Mosen, Simon Rostami and Serafin, Stefania},
  journal={Sonic Interactions in Virtual Environments},
  pages={269},
  year={2023}
}

@inproceedings{jiang2023spatializing,
  title={Spatializing Music in Virtual Reality},
  author={Jiang, Steven and Lim, Lawrence and Sra, Misha},
  booktitle={Proceedings of the 2023 ACM Symposium on Spatial User Interaction},
  pages={1--3},
  year={2023}
}


@inproceedings{men2018lemo,
  title={LeMo: supporting collaborative music making in virtual reality},
  author={Men, Liang and Bryan-Kinns, Nick},
  booktitle={2018 IEEE 4th VR workshop on sonic interactions for virtual environments (SIVE)},
  pages={1--6},
  year={2018},
  organization={IEEE}
}
@misc{dearvr2024,
  title = {{dearVR Spatial Audio Solutions}},
  author = {{Dear Reality GmbH}},
  year = {2024},
  note = {https://www.dear-reality.com/}
}

@misc{beatSaber2024,
  title = {{Beat Saber}},
  author = {{Beat Games}},
  year = {2024},
  note = {https://www.beatsaber.com/}
}


@inproceedings{wang2023mobility,
  title={Mobility, space and sound activate expressive musical experience in augmented reality},
  author={Wang, Yichen and Xi, Mingze and Adcock, Matt and Martin, Charles Patrick},
  booktitle={Proceedings of the International Conference on New Interfaces for Musical Expression},
  pages={128--133},
  year={2023},
  organization={International Conference on New Interfaces for Musical Expression}
}

@article{agrawal2019defining,
  title={Defining immersion: Literature review and implications for research on immersive audiovisual experiences},
  author={Agrawal, Sarvesh and Simon, Ad{\`e}le and Bech, S{\o}ren and B{\ae}rentsen, Klaus and Forchhammer, S{\o}ren},
  journal={Journal of Audio Engineering Society},
  volume={68},
  number={6},
  pages={404--417},
  year={2019},
  publisher={Audio Engineering Society}
}


@inproceedings{kim2024spatial,
  title={Spatial Orchestra: Locomotion Music Instruments through Spatial Exploration},
  author={Kim, You-Jin and Lee, Myungin and Peljhan, Marko and Kuchera-Morin, JoAnn and H{\"o}llerer, Tobias},
  booktitle={Extended Abstracts of the CHI Conference on Human Factors in Computing Systems},
  pages={1--5},
  year={2024}
}
@article{bilbow2022evaluating,
  title={Evaluating polaris\~{}-An Audiovisual Augmented Reality Experience Built on Open-Source Hardware and Software},
  author={Bilbow, Sam},
  year={2022},
  publisher={PubPub}
}
@inproceedings{chen2018investigating,
  title={Investigating different modalities of directional cues for multi-task visual-searching scenario in virtual reality},
  author={Chen, Taizhou and Wu, Yi-Shiun and Zhu, Kening},
  booktitle={Proceedings of the 24th ACM symposium on virtual reality software and technology},
  pages={1--5},
  year={2018}
}

@inproceedings{hashky2024multi,
  title={Multi-Modal User Modeling for Task Guidance: A Dataset for Real-Time Assistance with Stress and Interruption Dynamics},
  author={Hashky, Amal and Rheault, Benjamin and Ahsan, Ahmed Rageeb and Benda, Brett and Audino, Tyler and Lonneman, Samuel and Ragan, Eric D},
  booktitle={2024 IEEE Conference on Virtual Reality and 3D User Interfaces Abstracts and Workshops (VRW)},
  pages={544--550},
  year={2024},
  organization={IEEE}
}

@inproceedings{birchfield2005acoustic,
  title={Acoustic localization by interaural level difference},
  author={Birchfield, Stanley T and Gangishetty, Rajitha},
  booktitle={Proceedings.(ICASSP'05). IEEE International Conference on Acoustics, Speech, and Signal Processing, 2005.},
  volume={4},
  pages={iv--1109},
  year={2005},
  organization={IEEE}
}

@inproceedings{metatla2016tap,
  title={Tap the ShapeTones: Exploring the effects of crossmodal congruence in an audio-visual interface},
  author={Metatla, Oussama and Correia, Nuno N and Martin, Fiore and Bryan-Kinns, Nick and Stockman, Tony},
  booktitle={Proceedings of the 2016 CHI Conference on Human Factors in Computing Systems},
  pages={1055--1066},
  year={2016}
}

@inproceedings{kari2023scene,
  title={Scene Responsiveness for Visuotactile Illusions in Mixed Reality},
  author={Kari, Mohamed and Sch{\"u}tte, Reinhard and Sodhi, Raj},
  booktitle={Proceedings of the 36th Annual ACM Symposium on User Interface Software and Technology},
  pages={1--15},
  year={2023}
}

@article{malpica2020crossmodal,
  title={Crossmodal perception in virtual reality},
  author={Malpica, Sandra and Serrano, Ana and Allue, Marcos and Bedia, Manuel G and Masia, Bel{\'e}n},
  journal={Multimedia Tools and Applications},
  volume={79},
  pages={3311--3331},
  year={2020},
  publisher={Springer}
}

@inproceedings{o2024sound,
  title={Sound and Colour: Evaluating Auditory-Visual Tests in Virtual Reality and Traditional Desktop Settings},
  author={O'Toole, Patrick and Mancini, Maurizio and Pitt, Ian},
  booktitle={Proceedings of the 2024 International Conference on Advanced Visual Interfaces},
  pages={1--5},
  year={2024}
}

@inproceedings{correa2023spatial,
  title={Spatial Audio in Virtual Reality: A systematic review},
  author={Corr{\^e}a De Almeida, Gustavo and Costa de Souza, Vinicius and Da Silveira J{\'u}nior, Luiz Gonzaga and Veronez, Maur{\'\i}cio Roberto},
  booktitle={Proceedings of the 25th Symposium on Virtual and Augmented Reality},
  pages={264--268},
  year={2023}
}

@article{ley2024co,
  title={Co-Designing Sensory Feedback for Wearables to Support Physical Activity through Body Sensations},
  author={Ley-Flores, Judith and Vidal, Laia Turmo and Segura, Elena M{\'a}rquez and Singh, Aneesha and Bevilacqua, Frederic and Cuadrado, Francisco and Dur{\'a}n, Joaqu{\'\i}n Roberto D{\'\i}az and Valdiviezo-Hern{\'a}ndez, Omar and S{\'a}nchez-Martin, Milagrosa and Tajadura-Jim{\'e}nez, Ana},
  journal={Proceedings of the ACM on Interactive, Mobile, Wearable and Ubiquitous Technologies},
  volume={8},
  number={1},
  pages={1--31},
  year={2024},
  publisher={ACM New York, NY, USA}
}
@inproceedings{pei2022hand,
  title={Hand interfaces: Using hands to imitate objects in ar/vr for expressive interactions},
  author={Pei, Siyou and Chen, Alexander and Lee, Jaewook and Zhang, Yang},
  booktitle={Proceedings of the 2022 CHI conference on human factors in computing systems},
  pages={1--16},
  year={2022}
}

@inproceedings{jiang2021handpainter,
  title={Handpainter-3d sketching in vr with hand-based physical proxy},
  author={Jiang, Ying and Zhang, Congyi and Fu, Hongbo and Cannav{\`o}, Alberto and Lamberti, Fabrizio and Lau, Henry YK and Wang, Wenping},
  booktitle={Proceedings of the 2021 CHI conference on human factors in computing systems},
  pages={1--13},
  year={2021}
}

@article{goh20193d,
  title={3D object manipulation techniques in handheld mobile augmented reality interface: A review},
  author={Goh, Eg Su and Sunar, Mohd Shahrizal and Ismail, Ajune Wanis},
  journal={IEEE Access},
  volume={7},
  pages={40581--40601},
  year={2019},
  publisher={IEEE}
}
@inproceedings{millette2016dualcad,
  title={DualCAD: integrating augmented reality with a desktop GUI and smartphone interaction},
  author={Millette, Alexandre and McGuffin, Michael J},
  booktitle={2016 IEEE International Symposium on Mixed and Augmented Reality (ISMAR-Adjunct)},
  pages={21--26},
  year={2016},
  organization={IEEE}
}

@inproceedings{qian2021portalware,
  title={Portalware: Exploring free-hand AR drawing with a dual-display smartphone-wearable paradigm},
  author={Qian, Jing and Zhou, Tongyu and Young-Ng, Meredith and Ma, Jiaju and Cheung, Angel and Li, Xiangyu and Gonsher, Ian and Huang, Jeff},
  booktitle={Proceedings of the 2021 ACM Designing Interactive Systems Conference},
  pages={205--219},
  year={2021}
}

@inproceedings{leiva2021rapido,
  title={Rapido: Prototyping interactive ar experiences through programming by demonstration},
  author={Leiva, Germ{\'a}n and Gr{\o}nb{\ae}k, Jens Emil and Klokmose, Clemens Nylandsted and Nguyen, Cuong and Kazi, Rubaiat Habib and Asente, Paul},
  booktitle={The 34th Annual ACM Symposium on User Interface Software and Technology},
  pages={626--637},
  year={2021}
}


@inproceedings{zhang2024jigsaw,
  title={Jigsaw: Authoring Immersive Storytelling Experiences with Augmented Reality and Internet of Things},
  author={Zhang, Lei and Kim, Daekun and Cho, Youjean and Robinson, Ava and Tham, Yu Jiang and Vaish, Rajan and Monroy-Hern{\'a}ndez, Andr{\'e}s},
  booktitle={Proceedings of the CHI Conference on Human Factors in Computing Systems},
  pages={1--14},
  year={2024}
}

@inproceedings{wang2021gesturar,
  title={Gesturar: An authoring system for creating freehand interactive augmented reality applications},
  author={Wang, Tianyi and Qian, Xun and He, Fengming and Hu, Xiyun and Cao, Yuanzhi and Ramani, Karthik},
  booktitle={The 34th Annual ACM Symposium on User Interface Software and Technology},
  pages={552--567},
  year={2021}
}


@inproceedings{lee2004immersive,
  title={Immersive authoring of tangible augmented reality applications},
  author={Lee, Gun A and Nelles, Claudia and Billinghurst, Mark and Kim, Gerard Jounghyun},
  booktitle={Third IEEE and ACM international symposium on mixed and augmented reality},
  pages={172--181},
  year={2004},
  organization={IEEE}
}


@inproceedings{yang2019audio,
  title={Audio augmented reality for human-object interactions},
  author={Yang, Jing and Mattern, Friedemann},
  booktitle={Adjunct Proceedings of the 2019 ACM International Joint Conference on Pervasive and Ubiquitous Computing and Proceedings of the 2019 ACM International Symposium on Wearable Computers},
  pages={408--412},
  year={2019}
}


@article{wu2024scene,
  title={A Scene Representation for Online Spatial Sonification},
  author={Wu, Lan and Jin, Craig and Uttsha, Monisha Mushtary and Vidal-Calleja, Teresa},
  journal={arXiv preprint arXiv:2412.05486},
  year={2024}
}


@inproceedings{su2024sonifyar,
  title={SonifyAR: Context-Aware Sound Generation in Augmented Reality},
  author={Su, Xia and Froehlich, Jon E and Koh, Eunyee and Xiao, Chang},
  booktitle={Proceedings of the 37th Annual ACM Symposium on User Interface Software and Technology},
  pages={1--13},
  year={2024}
}


@inproceedings{kohen2020mixr,
  title={Mixr: A hybrid AR sheet music interface for live performance},
  author={Kohen, Shalva and Elvezio, Carmine and Feiner, Steven},
  booktitle={2020 IEEE International Symposium on Mixed and Augmented Reality Adjunct (ISMAR-Adjunct)},
  pages={76--77},
  year={2020},
  organization={IEEE}
}

@article{martin2020sonic,
  title={Sonic sculpture: Activating engagement with head-mounted augmented reality},
  author={Martin, Charles Patrick and Liu, Zeruo and Wang, Yichen and He, Wennan and Gardner, Henry},
  journal={arXiv preprint arXiv:2012.02311},
  year={2020}
}

@inproceedings{das2017music,
  title={Music everywhere--augmented reality piano improvisation learning system},
  author={Das, Shantanu and Glickman, Seth and Hsiao, Fu Yen and Lee, Byunghwan},
  booktitle={Proc. International Conference on New Interfaces for Musical Expression (NIME)},
  pages={511--512},
  year={2017}
}

@article{yang2022audio,
  title={Audio augmented reality: A systematic review of technologies, applications, and future research directions},
  author={Yang, Jing and Barde, Amit and Billinghurst, Mark},
  journal={journal of the audio engineering society},
  volume={70},
  number={10},
  pages={788--809},
  year={2022},
  publisher={Audio Engineering Society}
}

@book{gibson1997art,
  title={The art of mixing: a visual guide to recording, engineering, and production},
  author={Gibson, David},
  year={1997},
  publisher={MixBooks}
}

@article{dam2024taxonomy,
  title={Taxonomy and definition of audio augmented reality (AAR): A grounded theory study},
  author={Dam, Abhraneil and Siddiqui, Arsh and Leclercq, Charles and Jeon, Myounghoon},
  journal={International Journal of Human-Computer Studies},
  volume={182},
  pages={103179},
  year={2024},
  publisher={Elsevier}
}

@Article{Ruminski2015,
author={Rumi{\'{n}}ski, Dariusz},
title={An experimental study of spatial sound usefulness in searching and navigating through AR environments},
journal={Virtual Reality},
year={2015},
month={Nov},
day={01},
volume={19},
number={3},
pages={223-233},
issn={1434-9957},
doi={10.1007/s10055-015-0274-4},
url={https://doi.org/10.1007/s10055-015-0274-4}
}

@inproceedings{yang2019mattern,
author = {Yang, Jing and Mattern, Friedemann},
title = {Audio augmented reality for human-object interactions},
year = {2019},
isbn = {9781450368698},
publisher = {Association for Computing Machinery},
address = {New York, NY, USA},
url = {https://doi.org/10.1145/3341162.3349302},
doi = {10.1145/3341162.3349302},
booktitle = {Adjunct Proceedings of the 2019 ACM International Joint Conference on Pervasive and Ubiquitous Computing and Proceedings of the 2019 ACM International Symposium on Wearable Computers},
pages = {408–412},
numpages = {5},
keywords = {audio augmented reality, human-object interaction, spatial audio, wearable},
location = {London, United Kingdom},
series = {UbiComp/ISWC '19 Adjunct}
}

@inproceedings{stampfl2003ardj,
author = {Stampfl, Philipp},
title = {Augmented reality disk jockey: AR/DJ},
year = {2003},
isbn = {9781450374668},
publisher = {Association for Computing Machinery},
address = {New York, NY, USA},
url = {https://doi.org/10.1145/965400.965556},
doi = {10.1145/965400.965556},
booktitle = {ACM SIGGRAPH 2003 Sketches \& Applications},
pages = {1},
numpages = {1},
keywords = {3D-Sound, DJ, augmented reality},
location = {San Diego, California},
series = {SIGGRAPH '03}
}


@book{jens1996binaural,
    author = {Blauert, Jens},
    title = {Spatial Hearing: The Psychophysics of Human Sound Localization},
    publisher = {The MIT Press},
    year = {1996},
    month = {10},
    isbn = {9780262268684},
    doi = {10.7551/mitpress/6391.001.0001},
    url = {https://doi.org/10.7551/mitpress/6391.001.0001},
}

@inproceedings{mauro2013binaural,
author = {Mauro, Davide A. and Mekuria, Rufael and Sanna, Michele},
title = {Binaural spatialization for 3D immersive audio communication in a virtual world},
year = {2013},
isbn = {9781450326599},
publisher = {Association for Computing Machinery},
address = {New York, NY, USA},
url = {https://doi.org/10.1145/2544114.2544115},
doi = {10.1145/2544114.2544115},
booktitle = {Proceedings of the 8th Audio Mostly Conference},
articleno = {8},
numpages = {8},
keywords = {3D audio, binaural spatialization, networking, synchronization, tele-immersion},
location = {Pite\r{a}, Sweden},
series = {AM '13}
}




@INPROCEEDINGS{aar1993,
  author={Cohen, M. and Aoki, S. and Koizumi, N.},
  booktitle={Proceedings of 1993 2nd IEEE International Workshop on Robot and Human Communication}, 
  title={Augmented audio reality: telepresence/VR hybrid acoustic environments}, 
  year={1993},
  volume={},
  number={},
  pages={361-364},
  keywords={Virtual reality;Humans;Acoustic testing;Telephony;Layout;Signal synthesis;Transfer functions;Robots;Switches;Laboratories},
  doi={10.1109/ROMAN.1993.367692}}


@Article{Hatala2005,
author={Hatala, Marek
and Wakkary, Ron},
title={Ontology-Based User Modeling in an Augmented Audio Reality System for Museums},
journal={User Modeling and User-Adapted Interaction},
year={2005},
month={Aug},
day={01},
volume={15},
number={3},
pages={339-380},
issn={1573-1391},
doi={10.1007/s11257-005-2304-5},
url={https://doi.org/10.1007/s11257-005-2304-5}
}


@article{murphy2010spatial,
author = {Murphy, David and Neff, Flaithri},
year = {2010},
month = {01},
pages = {},
title = {Spatial Sound for Computer Games and Virtual Reality},
isbn = {9781616928308},
doi = {10.4018/978-1-61692-828-5.ch014}
}

@book{sinclair2020principles,
  title={Principles of Game Audio and Sound Design: Sound Design and Audio Implementation for Interactive and Immersive Media},
  author={Sinclair, J.L.},
  isbn={9781351731133},
  lccn={2019056515},
  url={https://books.google.com/books?id=EDkPEAAAQBAJ},
  year={2020},
  publisher={Taylor \& Francis}
}


@inproceedings{archeological2012,
author = {McGookin, David and Vazquez-Alvarez, Yolanda and Brewster, Stephen and Bergstrom-Lehtovirta, Joanna},
title = {Shaking the dead: multimodal location based experiences for un-stewarded archaeological sites},
year = {2012},
isbn = {9781450314824},
publisher = {Association for Computing Machinery},
address = {New York, NY, USA},
url = {https://doi.org/10.1145/2399016.2399048},
doi = {10.1145/2399016.2399048},
booktitle = {Proceedings of the 7th Nordic Conference on Human-Computer Interaction: Making Sense Through Design},
pages = {199–208},
numpages = {10},
keywords = {audio augmented reality, auditory display, location based experience, un-stewarded archaeology},
location = {Copenhagen, Denmark},
series = {NordiCHI '12}
}

@inproceedings{audio_stickies_2013,
author = {Langlotz, Tobias and Regenbrecht, Holger and Zollmann, Stefanie and Schmalstieg, Dieter},
title = {Audio stickies: visually-guided spatial audio annotations on a mobile augmented reality platform},
year = {2013},
isbn = {9781450325257},
publisher = {Association for Computing Machinery},
address = {New York, NY, USA},
url = {https://doi.org/10.1145/2541016.2541022},
doi = {10.1145/2541016.2541022},
booktitle = {Proceedings of the 25th Australian Computer-Human Interaction Conference: Augmentation, Application, Innovation, Collaboration},
pages = {545–554},
numpages = {10},
keywords = {augmented reality, mobile phone, spatial audio},
location = {Adelaide, Australia},
series = {OzCHI '13}
}

@inproceedings{zoo_guide_2007,
author = {Stahl, Christoph},
title = {The roaring navigator: a group guide for the zoo with shared auditory landmark display},
year = {2007},
isbn = {9781595938626},
publisher = {Association for Computing Machinery},
address = {New York, NY, USA},
url = {https://doi.org/10.1145/1377999.1378042},
doi = {10.1145/1377999.1378042},
booktitle = {Proceedings of the 9th International Conference on Human Computer Interaction with Mobile Devices and Services},
pages = {383–386},
numpages = {4},
keywords = {audio guide, auditory landmark display, electronic guidebooks, pedestrian navigation, shared audio, spatial audio},
location = {Singapore},
series = {MobileHCI '07}
}

@inproceedings{milgram1995augmented,
  title={Augmented reality: A class of displays on the reality-virtuality continuum},
  author={Milgram, Paul and Takemura, Haruo and Utsumi, Akira and Kishino, Fumio},
  booktitle={Telemanipulator and telepresence technologies},
  volume={2351},
  pages={282--292},
  year={1995},
  organization={Spie}
}

@article{zhou2004,
title = {An experimental study on the role of 3D sound in augmented reality environment},
journal = {Interacting with Computers},
volume = {16},
number = {6},
pages = {1043-1068},
year = {2004},
issn = {0953-5438},
doi = {https://doi.org/10.1016/j.intcom.2004.06.016},
url = {https://www.sciencedirect.com/science/article/pii/S0953543804000864},
author = {Zhiying Zhou and Adrian David Cheok and Xubo Yang and Yan Qiu},
keywords = {3D sound, Augmented reality, User study}
}

@book{begault19943,
  title={3-D Sound for Virtual Reality and Multimedia},
  author={Begault, D.R.},
  isbn={9780120847358},
  lccn={lc94028168},
  url={https://books.google.com/books?id=--dQAAAAMAAJ},
  year={1994},
  publisher={AP Professional}
}

@inproceedings{sodnik2006,
author = {Sodnik, Jaka and Tomazic, Saso and Grasset, Raphael and Duenser, Andreas and Billinghurst, Mark},
title = {Spatial sound localization in an augmented reality environment},
year = {2006},
isbn = {1595935452},
publisher = {Association for Computing Machinery},
address = {New York, NY, USA},
url = {https://doi.org/10.1145/1228175.1228197},
doi = {10.1145/1228175.1228197},
booktitle = {Proceedings of the 18th Australia Conference on Computer-Human Interaction: Design: Activities, Artefacts and Environments},
pages = {111–118},
numpages = {8},
keywords = {augmented reality, localization, spatial sound},
location = {Sydney, Australia},
series = {OZCHI '06}
}

@article{billinghurst1998,
author = {Billinghurst, Mark and Bowskill, Jerry and Dyer, Nick and Morphett, Jason},
title = {Spatial Information Displays on a Wearable Computer},
year = {1998},
issue_date = {November 1998},
publisher = {IEEE Computer Society Press},
address = {Washington, DC, USA},
volume = {18},
number = {6},
issn = {0272-1716},
url = {https://doi.org/10.1109/38.734976},
doi = {10.1109/38.734976},
journal = {IEEE Comput. Graph. Appl.},
month = nov,
pages = {24–31},
numpages = {8}
}

@inproceedings{haller2002sketch,
author = {Dobler, Daniel and Haller, Michael and Stampfl, Philipp},
title = {ASR: augmented sound reality},
year = {2002},
isbn = {1581135254},
publisher = {Association for Computing Machinery},
address = {New York, NY, USA},
url = {https://doi.org/10.1145/1242073.1242161},
doi = {10.1145/1242073.1242161},
booktitle = {ACM SIGGRAPH 2002 Conference Abstracts and Applications},
pages = {148},
numpages = {1},
location = {San Antonio, Texas},
series = {SIGGRAPH '02}
}

@article{Cheok_Haller_Fernando_Wijesena_2009, title={Mixed Reality Entertainment and Art}, volume={8}, url={https://ijvr.eu/article/view/2729}, DOI={10.20870/IJVR.2009.8.2.2729}, number={2}, journal={International Journal of Virtual Reality}, author={Cheok, Adrian David and Haller, Michael and Fernando, Owen Noel Newton and Wijesena, Janaka Prasad}, year={2009}, month={Jan.}, pages={83–90} }

@article{marrington2017composing,
  title={Composing with the digital audio workstation},
  author={Marrington, Mark and others},
  journal={The singer-songwriter handbook},
  pages={77--89},
  year={2017},
  publisher={Bloomsbury New York}
}

@book{farnell2010designing,
  title={Designing Sound},
  author={Farnell, A.},
  isbn={9780262288835},
  lccn={2009050741},
  series={The MIT Press},
  year={2010},
  publisher={MIT Press}
}


@article{dewey2024,
title = "Practitioners' Perspectives on Spatial Audio: Insights into Dolby Atmos and Binaural Mixes in Popular Music",
keywords = "Spacial audio, Dolby Atmos, Popular music",
author = "Christopher Dewey and Austin Moore and Hyunkook Lee",
note = "Publisher Copyright: {\textcopyright} 2024 Audio Engineering Society. All rights reserved.",
year = "2024",
month = jul,
day = "9",
language = "English",
volume = "72",
pages = "504--516",
journal = "AES: Journal of the Audio Engineering Society",
issn = "0004-7554",
publisher = "Audio Engineering Society",
number = "7/8",
}


@article{weber2021get,
  title={How to get there when you are there already? Defining presence in virtual reality and the importance of perceived realism},
  author={Weber, Stefan and Weibel, David and Mast, Fred W},
  journal={Frontiers in psychology},
  volume={12},
  pages={628298},
  year={2021},
  publisher={Frontiers Media SA}
}
@article{odegaard2015biases,
  title={Biases in visual, auditory, and audiovisual perception of space},
  author={Odegaard, Brian and Wozny, David R and Shams, Ladan},
  journal={PLoS computational biology},
  volume={11},
  number={12},
  pages={e1004649},
  year={2015},
  publisher={Public Library of Science San Francisco, CA USA}
}

@inproceedings{crossmodal2016chi,
author = {Metatla, Oussama and Correia, Nuno N. and Martin, Fiore and Bryan-Kinns, Nick and Stockman, Tony},
title = {Tap the ShapeTones: Exploring the Effects of Crossmodal Congruence in an Audio-Visual Interface},
year = {2016},
isbn = {9781450333627},
publisher = {Association for Computing Machinery},
address = {New York, NY, USA},
url = {https://doi.org/10.1145/2858036.2858456},
doi = {10.1145/2858036.2858456},
booktitle = {Proceedings of the 2016 CHI Conference on Human Factors in Computing Systems},
pages = {1055–1066},
numpages = {12},
keywords = {user experience, user engagement, spatial mappings, games, crossmodal congruence, audio-visual display},
location = {San Jose, California, USA},
series = {CHI '16}
}

@inproceedings{immersive_effects2018chi,
author = {Rogers, Katja and Ribeiro, Giovanni and Wehbe, Rina R. and Weber, Michael and Nacke, Lennart E.},
title = {Vanishing Importance: Studying Immersive Effects of Game Audio Perception on Player Experiences in Virtual Reality},
year = {2018},
isbn = {9781450356206},
publisher = {Association for Computing Machinery},
address = {New York, NY, USA},
url = {https://doi.org/10.1145/3173574.3173902},
doi = {10.1145/3173574.3173902},
booktitle = {Proceedings of the 2018 CHI Conference on Human Factors in Computing Systems},
pages = {1–13},
numpages = {13},
keywords = {virtual reality, sound effects, player experience, games, background music, audio, ambient noises},
location = {Montreal QC, Canada},
series = {CHI '18}
}

@article{presence1997,
    author = {Lombard, Matthew and Ditton, Theresa},
    title = {At the Heart of It All: The Concept of Presence},
    journal = {Journal of Computer-Mediated Communication},
    volume = {3},
    number = {2},
    pages = {JCMC321},
    year = {1997},
    month = {09},
    issn = {1083-6101},
    doi = {10.1111/j.1083-6101.1997.tb00072.x},
    url = {https://doi.org/10.1111/j.1083-6101.1997.tb00072.x},
}


@article{karla2010vision,
    author = {Evans, Karla K. and Treisman, Anne},
    title = {Natural cross-modal mappings between visual and auditory features},
    journal = {Journal of Vision},
    volume = {10},
    number = {1},
    pages = {6-6},
    year = {2010},
    month = {01},
    issn = {1534-7362},
    doi = {10.1167/10.1.6},
    url = {https://doi.org/10.1167/10.1.6},
    eprint = {https://arvojournals.org/arvo/content\_public/journal/jov/932788/jov-10-1-6.pdf},
}

@inproceedings{finnegan2016distance,
author = {Finnegan, Daniel J. and O'Neill, Eamonn and Proulx, Michael J.},
title = {Compensating for Distance Compression in Audiovisual Virtual Environments Using Incongruence},
year = {2016},
isbn = {9781450333627},
publisher = {Association for Computing Machinery},
address = {New York, NY, USA},
url = {https://doi.org/10.1145/2858036.2858065},
doi = {10.1145/2858036.2858065},
booktitle = {Proceedings of the 2016 CHI Conference on Human Factors in Computing Systems},
pages = {200–212},
numpages = {13},
keywords = {binaural audio, distance perception, head mounted display, incongruent display, spatial audio, virtual environment},
location = {San Jose, California, USA},
series = {CHI '16}
}


@article{bernstein1971,
  author = {Bernstein, I. H. and Edelstein, B. A.},
  title = {Effects of some variations in auditory input upon  visual choice reaction time.},
  journal = {Journal of Experimental Psychology},
  year = {1971},
  volume = {87},
  issue = {2},
  pages = {241-247},
  doi = {10.1037/h0030524}
}

@article{boundaries2012,
    author = {Fortenbaugh, Francesca C. and Sanghvi, Shradha and Silver, Michael A. and Robertson, Lynn C.},
    title = {Exploring the edges of visual space: The influence of visual boundaries on peripheral localization},
    journal = {Journal of Vision},
    volume = {12},
    number = {2},
    pages = {19-19},
    year = {2012},
    month = {02},
    issn = {1534-7362},
    doi = {10.1167/12.2.19},
    url = {https://doi.org/10.1167/12.2.19},
    eprint = {https://arvojournals.org/arvo/content\_public/journal/jov/932802/jov-12-2-19.pdf},
}

@inproceedings{adobe2020q,
author = {Hoffswell, Jane and Li, Wilmot and Liu, Zhicheng},
title = {Techniques for Flexible Responsive Visualization Design},
year = {2020},
isbn = {9781450367080},
publisher = {Association for Computing Machinery},
address = {New York, NY, USA},
url = {https://doi.org/10.1145/3313831.3376777},
doi = {10.1145/3313831.3376777},
booktitle = {Proceedings of the 2020 CHI Conference on Human Factors in Computing Systems},
pages = {1–13},
numpages = {13},
keywords = {mobile devices, news, responsive design, visualization},
location = {Honolulu, HI, USA},
series = {CHI '20}
}









@article{ar_design_heuristics_2017,
author = {Tristan C. Endsley and Kelly A. Sprehn and Ryan M. Brill and Kimberly J. Ryan and Emily C. Vincent and James M. Martin},
title ={Augmented Reality Design Heuristics: Designing for Dynamic Interactions},

journal = {Proceedings of the Human Factors and Ergonomics Society Annual Meeting},
volume = {61},
number = {1},
pages = {2100-2104},
year = {2017},
doi = {10.1177/1541931213602007},

URL = { 
    
        https://doi.org/10.1177/1541931213602007
    
    

},
eprint = { 
    
        https://doi.org/10.1177/1541931213602007},
}

@article{miller1956magical,
  title={The magical number seven, plus or minus two: Some limits on our capacity for processing information.},
  author={Miller, George A},
  journal={Psychological review},
  volume={63},
  number={2},
  pages={81},
  year={1956},
  publisher={American Psychological Association}
}

@article{nasatlx1988,
  title={Development of NASA-TLX (Task Load Index): Results of empirical and theoretical research},
  author={Hart, SG},
  journal={Human mental workload/Elsevier},
  year={1988}
}

@Article{Terhune2011,
author={Terhune, Devin Blair
and Tai, Sarah
and Cowey, Alan
and Popescu, Tudor
and Cohen Kadosh, Roi},
title={Enhanced Cortical Excitability in Grapheme-Color Synesthesia and Its Modulation},
journal={Current Biology},
year={2011},
month={Dec},
day={06},
publisher={Elsevier},
volume={21},
number={23},
pages={2006-2009},
issn={0960-9822},
doi={10.1016/j.cub.2011.10.032},
url={https://doi.org/10.1016/j.cub.2011.10.032}
}


@manual{dolby2018atmosrenderer,
  title        = {{Dolby Atmos Renderer Guide Software version 3.0}},
  author       = {{Dolby Laboratories}},
  version      = {3.0},
year={2018},
  date         = {2018-08-02},
  organization = {Dolby Laboratories, Inc.},
  address      = {1275 Market Street, San Francisco, CA 94103-1410, USA},
  url          = {http://www.dolby.com},
  note         = {© 2018 Dolby Laboratories. All rights reserved}
}

@manual{apple2024logicpro,
  title        = {Logic Pro User Guide for Mac},
  author       = {{Apple Inc.}},
  year         = {2024},
  organization = {Apple Inc.},
  address      = {One Apple Park Way, Cupertino, CA 95014, USA},
  url          = {https://www.apple.com},
  note         = {© 2024 Apple Inc. All rights reserved.}
}

@article{hmd2009,
author = {Willemsen, Peter and Colton, Mark B. and Creem-Regehr, Sarah H. and Thompson, William B.},
title = {The effects of head-mounted display mechanical properties and field of view on distance judgments in virtual environments},
year = {2009},
issue_date = {February 2009},
publisher = {Association for Computing Machinery},
address = {New York, NY, USA},
volume = {6},
number = {2},
issn = {1544-3558},
url = {https://doi.org/10.1145/1498700.1498702},
doi = {10.1145/1498700.1498702},
journal = {ACM Trans. Appl. Percept.},
month = mar,
articleno = {8},
numpages = {14},
keywords = {Perception, distance judgments, head-mounted displays}
}

@article{shelvock2016gestalt,
  title={Gestalt theory and mixing audio},
  author={Shelvock, MT},
  journal={Innovation in Music II},
  pages={1--14},
  year={2016},
  publisher={Future Technology Press Shoreham-by-Sea}
}


@article{nonspeech1994,
author = {James Hereford and William Winn},
title ={Non-Speech Sound in Human-Computer Interaction: A Review and Design Guidelines},

journal = {Journal of Educational Computing Research},
volume = {11},
number = {3},
pages = {211-233},
year = {1994},
doi = {10.2190/MKD9-W05T-YJ9Y-81NM},

URL = { 
    
        https://doi.org/10.2190/MKD9-W05T-YJ9Y-81NM
    
    

},
eprint = { 
    
        https://doi.org/10.2190/MKD9-W05T-YJ9Y-81NM
    
    

}
}


@article{mathew:hal-01517188,
  TITLE = {{Survey and Implications for the Design of New 3D Audio Authoring Tools}},
  AUTHOR = {Mathew, Justin and Huot, St{\'e}phane and Katz, Brian F. G.},
  URL = {https://inria.hal.science/hal-01517188},
  JOURNAL = {{Journal on Multimodal User Interfaces}},
  PUBLISHER = {{Springer}},
  VOLUME = {11},
  NUMBER = {3},
  PAGES = {277--287},
  YEAR = {2017},
  MONTH = Apr,
  DOI = {10.1007/s12193-017-0245-z},
  KEYWORDS = {3D audio ; User interfaces ; HCI ; Survey},
  PDF = {https://inria.hal.science/hal-01517188v1/file/JMUI_2017_Mathew_final%20%281%29.pdf},
  HAL_ID = {hal-01517188},
  HAL_VERSION = {v1},
}

@inproceedings{misha2023,
author = {Jiang, Steven and Lim, Lawrence and Sra, Misha},
title = {Spatializing Music in Virtual Reality},
year = {2023},
isbn = {9798400702815},
publisher = {Association for Computing Machinery},
address = {New York, NY, USA},
url = {https://doi.org/10.1145/3607822.3618011},
doi = {10.1145/3607822.3618011},
articleno = {42},
numpages = {3},
keywords = {Music, Spatial Audio, Virtual Reality},
location = {Sydney, NSW, Australia},
series = {SUI '23}
}

@article{walking2011,
author = {Ruddle, Roy A. and Volkova, Ekaterina and B\"{u}lthoff, Heinrich H.},
title = {Walking improves your cognitive map in environments that are large-scale and large in extent},
year = {2011},
issue_date = {June 2011},
publisher = {Association for Computing Machinery},
address = {New York, NY, USA},
volume = {18},
number = {2},
issn = {1073-0516},
url = {https://doi.org/10.1145/1970378.1970384},
doi = {10.1145/1970378.1970384},
journal = {ACM Trans. Comput.-Hum. Interact.},
month = jul,
articleno = {10},
numpages = {20},
keywords = {Virtual reality, cognitive map, locomotion, navigation}
}

@article{Steffen03072019,
author = {Jacob H. Steffen and James E. Gaskin and Thomas O. Meservy and Jeffrey L. Jenkins and Iopa Wolman},
title = {Framework of Affordances for Virtual Reality and Augmented Reality},
journal = {Journal of Management Information Systems},
volume = {36},
number = {3},
pages = {683--729},
year = {2019},
publisher = {Routledge},
doi = {10.1080/07421222.2019.1628877},


URL = { 
    
        https://doi.org/10.1080/07421222.2019.1628877
    
    

},
eprint = { 
    
        https://doi.org/10.1080/07421222.2019.1628877
    
    

}

}

@INPROCEEDINGS {interactions_vr_2024,
author = { Tseng, Wen-Jie and Kontrazis, Petros Dimitrios and Lecolinet, Eric and Huron, Samuel and Gugenheimer, Jan },
booktitle = { 2024 IEEE Conference Virtual Reality and 3D User Interfaces (VR) },
title = {{ Understanding Interaction and Breakouts of Safety Boundaries in Virtual Reality Through Mixed-Method Studies }},
year = {2024},
volume = {},
ISSN = {},
pages = {482-492},
keywords = {Surveys;Three-dimensional displays;Virtual reality;User interfaces;Aerospace electronics;Encoding;Safety},
doi = {10.1109/VR58804.2024.00069},
url = {https://doi.ieeecomputersociety.org/10.1109/VR58804.2024.00069},
publisher = {IEEE Computer Society},
address = {Los Alamitos, CA, USA},
month =mar}


@inproceedings{vrtoer2023,
author = {Jelonek, Markus},
title = {VRtoER: When Virtual Reality leads to Accidents: A Community on Reddit as Lens to Insights about VR Safety},
year = {2023},
isbn = {9781450394222},
publisher = {Association for Computing Machinery},
address = {New York, NY, USA},
url = {https://doi.org/10.1145/3544549.3585783},
doi = {10.1145/3544549.3585783},
booktitle = {Extended Abstracts of the 2023 CHI Conference on Human Factors in Computing Systems},
articleno = {315},
numpages = {6},
keywords = {Accidents, Reddit, Safety, Virtual Reality, r/VRtoER},
location = {Hamburg, Germany},
series = {CHI EA '23}
}

@INPROCEEDINGS{new_ears_2024,
  author={Wu, Muzhe and Cheng, Yi Fei and Lindlbauer, David},
  booktitle={2024 IEEE International Symposium on Mixed and Augmented Reality (ISMAR)}, 
  title={New Ears: An Exploratory Study of Audio Interaction Techniques for Performing Search in a Virtual Reality Environment}, 
  year={2024},
  volume={},
  number={},
  pages={386-395},
  keywords={Microwave integrated circuits;Visualization;Navigation;Virtual environments;Ear;Teleportation;User experience;Augmented reality;Visual perception;Human-centered computing;Human computer interaction (HCI);Interaction techniques},
  doi={10.1109/ISMAR62088.2024.00053}}

@inproceedings{treadmill_2024,
author = {Chakraborty, Soumyajit and Kane, Amanda and Gagnon, Holly and McNamara, Timothy and Bodenheimer, Bobby},
title = {Comparative Effectiveness of an Omnidirectional Treadmill versus Natural Walking for Navigating in Virtual Environments},
year = {2024},
isbn = {9798400710612},
publisher = {Association for Computing Machinery},
address = {New York, NY, USA},
url = {https://doi.org/10.1145/3675231.3675243},
doi = {10.1145/3675231.3675243},
booktitle = {ACM Symposium on Applied Perception 2024},
articleno = {3},
numpages = {10},
keywords = {Cybersickness, Distance Estimation, Natural Walking, Omnidirectional Treadmill, Path Integration, Treadmill Walking},
location = {Dublin, Ireland},
series = {SAP '24}
}

@INPROCEEDINGS{hands2016,
  author={Argelaguet, Ferran and Hoyet, Ludovic and Trico, Michael and Lecuyer, Anatole},
  booktitle={2016 IEEE Virtual Reality (VR)}, 
  title={The role of interaction in virtual embodiment: Effects of the virtual hand representation}, 
  year={2016},
  volume={},
  number={},
  pages={3-10},
  keywords={Avatars;Grasping;Virtual environments;Visualization;Synchronous motors;Rubber;Animation;H.5.2 [Information Interfaces and Presentation]: User Interfaces — Evaluation/Methodology;I.3.7 [Computer Graphics]: Three-Dimensional Graphics and Realism — Virtual Reality},
  doi={10.1109/VR.2016.7504682}}

@article{10.1371/journal.pone.0010564,
    doi = {10.1371/journal.pone.0010564},
    author = {Slater, Mel AND Spanlang, Bernhard AND Sanchez-Vives, Maria V. AND Blanke, Olaf},
    journal = {PLOS ONE},
    publisher = {Public Library of Science},
    title = {First Person Experience of Body Transfer in Virtual Reality},
    year = {2010},
    month = {05},
    volume = {5},
    url = {https://doi.org/10.1371/journal.pone.0010564},
    pages = {1-9},
    number = {5},

}

@Article{Pastor2024,
author={Pastor, Alvaro
and Bourdin-Kreitz, Pierre},
title={Comparing episodic memory outcomes from walking augmented reality and stationary virtual reality encoding experiences},
journal={Scientific Reports},
year={2024},
month={Mar},
day={30},
volume={14},
number={1},
pages={7580},
issn={2045-2322},
doi={10.1038/s41598-024-57668-w},
url={https://doi.org/10.1038/s41598-024-57668-w}
}

@Article{Clemenson2021,
author={Clemenson, Gregory D.
and Maselli, Antonella
and Fiannaca, Alexander J.
and Miller, Amos
and Gonzalez-Franco, Mar},
title={Rethinking GPS navigation: creating cognitive maps through auditory clues},
journal={Scientific Reports},
year={2021},
month={Apr},
day={08},
volume={11},
number={1},
pages={7764},
issn={2045-2322},
doi={10.1038/s41598-021-87148-4},
url={https://doi.org/10.1038/s41598-021-87148-4}
}


@ARTICLE{Kern2020-nh,
  title     = "Audio in {VR}: Effects of a soundscape and movement-triggered
               step sounds on presence",
  author    = "Kern, Angelika C and Ellermeier, Wolfgang",
  journal   = "Front. Robot. AI",
  publisher = "Frontiers Media SA",
  volume    =  7,
  pages     = "20",
  month     =  feb,
  year      =  2020,
  keywords  = "audio; presence; soundscape; step sounds; virtual reality",
  copyright = "https://creativecommons.org/licenses/by/4.0/",
  language  = "en"
}

@InProceedings{belonging2024,
author="Pillai, Jayesh
and Thakur, Priyanshu
and Vaid, Tushar",
editor="Joshi, Anirudha
and Sim, Gavin R.",
title="Belonging: Exploring Audio-Visual Cues in Real-Time 6DoF VR Narrative",
booktitle="Proceedings of the 14th Indian Conference on Human-Computer Interaction",
year="2024",
publisher="Springer Nature Singapore",
address="Singapore",
pages="171--178",
isbn="978-981-97-4335-3"
}
