@Article{Clemenson2021,
author={Clemenson, Gregory D.
and Maselli, Antonella
and Fiannaca, Alexander J.
and Miller, Amos
and Gonzalez-Franco, Mar},
title={Rethinking GPS navigation: creating cognitive maps through auditory clues},
journal={Scientific Reports},
year={2021},
month={Apr},
day={08},
volume={11},
number={1},
pages={7764},
issn={2045-2322},
doi={10.1038/s41598-021-87148-4},
url={https://doi.org/10.1038/s41598-021-87148-4}
}

@Article{Hatala2005,
author={Hatala, Marek
and Wakkary, Ron},
title={Ontology-Based User Modeling in an Augmented Audio Reality System for Museums},
journal={User Modeling and User-Adapted Interaction},
year={2005},
month={Aug},
day={01},
volume={15},
number={3},
pages={339-380},
issn={1573-1391},
doi={10.1007/s11257-005-2304-5},
url={https://doi.org/10.1007/s11257-005-2304-5}
}

@ARTICLE{Kern2020-nh,
  title     = "Audio in {VR}: Effects of a soundscape and movement-triggered
               step sounds on presence",
  author    = "Kern, Angelika C and Ellermeier, Wolfgang",
  journal   = "Front. Robot. AI",
  publisher = "Frontiers Media SA",
  volume    =  7,
  pages     = "20",
  month     =  feb,
  year      =  2020,
  keywords  = "audio; presence; soundscape; step sounds; virtual reality",
  copyright = "https://creativecommons.org/licenses/by/4.0/",
  language  = "en"
}

@Article{Pastor2024,
author={Pastor, Alvaro
and Bourdin-Kreitz, Pierre},
title={Comparing episodic memory outcomes from walking augmented reality and stationary virtual reality encoding experiences},
journal={Scientific Reports},
year={2024},
month={Mar},
day={30},
volume={14},
number={1},
pages={7580},
issn={2045-2322},
doi={10.1038/s41598-024-57668-w},
url={https://doi.org/10.1038/s41598-024-57668-w}
}

@Article{Ruminski2015,
author={Rumi{\'{n}}ski, Dariusz},
title={An experimental study of spatial sound usefulness in searching and navigating through AR environments},
journal={Virtual Reality},
year={2015},
month={Nov},
day={01},
volume={19},
number={3},
pages={223-233},
issn={1434-9957},
doi={10.1007/s10055-015-0274-4},
url={https://doi.org/10.1007/s10055-015-0274-4}
}

@article{agrawal2019defining,
  title={Defining immersion: Literature review and implications for research on immersive audiovisual experiences},
  author={Agrawal, Sarvesh and Simon, Ad{\`e}le and Bech, S{\o}ren and B{\ae}rentsen, Klaus and Forchhammer, S{\o}ren},
  journal={Journal of Audio Engineering Society},
  volume={68},
  number={6},
  pages={404--417},
  year={2019},
  publisher={Audio Engineering Society}
}

@manual{apple2024logicpro,
  title        = {Logic Pro User Guide for Mac},
  author       = {{Apple Inc.}},
  year         = {2024},
  organization = {Apple Inc.},
  address      = {One Apple Park Way, Cupertino, CA 95014, USA},
  url          = {https://www.apple.com},
  note         = {© 2024 Apple Inc. All rights reserved.}
}

@inproceedings{archeological2012,
author = {McGookin, David and Vazquez-Alvarez, Yolanda and Brewster, Stephen and Bergstrom-Lehtovirta, Joanna},
title = {Shaking the dead: multimodal location based experiences for un-stewarded archaeological sites},
year = {2012},
isbn = {9781450314824},
publisher = {Association for Computing Machinery},
address = {New York, NY, USA},
url = {https://doi.org/10.1145/2399016.2399048},
doi = {10.1145/2399016.2399048},
booktitle = {Proceedings of the 7th Nordic Conference on Human-Computer Interaction: Making Sense Through Design},
pages = {199–208},
numpages = {10},
keywords = {audio augmented reality, auditory display, location based experience, un-stewarded archaeology},
location = {Copenhagen, Denmark},
series = {NordiCHI '12}
}

@inproceedings{audio_stickies_2013,
author = {Langlotz, Tobias and Regenbrecht, Holger and Zollmann, Stefanie and Schmalstieg, Dieter},
title = {Audio stickies: visually-guided spatial audio annotations on a mobile augmented reality platform},
year = {2013},
isbn = {9781450325257},
publisher = {Association for Computing Machinery},
address = {New York, NY, USA},
url = {https://doi.org/10.1145/2541016.2541022},
doi = {10.1145/2541016.2541022},
booktitle = {Proceedings of the 25th Australian Computer-Human Interaction Conference: Augmentation, Application, Innovation, Collaboration},
pages = {545–554},
numpages = {10},
keywords = {augmented reality, mobile phone, spatial audio},
location = {Adelaide, Australia},
series = {OzCHI '13}
}

@article{bargum2023spatial,
  title={Spatial Audio Mixing in Virtual Reality},
  author={Bargum, Anders Riddershom and Kristj{\'a}nsson, Oddur Ingi and Bab{\'o}, P{\'e}ter and Nielsen, Rasmus Eske Waage and Mosen, Simon Rostami and Serafin, Stefania},
  journal={Sonic Interactions in Virtual Environments},
  pages={269},
  year={2023}
}

@misc{beatSaber2024,
  title = {{Beat Saber}},
  author = {{Beat Games}},
  year = {2024},
  note = {https://www.beatsaber.com/}
}

@book{begault19943,
  title={3-D Sound for Virtual Reality and Multimedia},
  author={Begault, D.R.},
  isbn={9780120847358},
  lccn={lc94028168},
  url={https://books.google.com/books?id=--dQAAAAMAAJ},
  year={1994},
  publisher={AP Professional}
}

@InProceedings{belonging2024,
author="Pillai, Jayesh
and Thakur, Priyanshu
and Vaid, Tushar",
editor="Joshi, Anirudha
and Sim, Gavin R.",
title="Belonging: Exploring Audio-Visual Cues in Real-Time 6DoF VR Narrative",
booktitle="Proceedings of the 14th Indian Conference on Human-Computer Interaction",
year="2024",
publisher="Springer Nature Singapore",
address="Singapore",
pages="171--178",
isbn="978-981-97-4335-3"
}

@article{bilbow2022evaluating,
  title={Evaluating polaris\~{}-An Audiovisual Augmented Reality Experience Built on Open-Source Hardware and Software},
  author={Bilbow, Sam},
  year={2022},
  publisher={PubPub}
}

@article{billinghurst1998,
author = {Billinghurst, Mark and Bowskill, Jerry and Dyer, Nick and Morphett, Jason},
title = {Spatial Information Displays on a Wearable Computer},
year = {1998},
issue_date = {November 1998},
publisher = {IEEE Computer Society Press},
address = {Washington, DC, USA},
volume = {18},
number = {6},
issn = {0272-1716},
url = {https://doi.org/10.1109/38.734976},
doi = {10.1109/38.734976},
journal = {IEEE Comput. Graph. Appl.},
month = nov,
pages = {24–31},
numpages = {8}
}

@inproceedings{correa2023spatial,
  title={Spatial Audio in Virtual Reality: A systematic review},
  author={Corr{\^e}a De Almeida, Gustavo and Costa de Souza, Vinicius and Da Silveira J{\'u}nior, Luiz Gonzaga and Veronez, Maur{\'\i}cio Roberto},
  booktitle={Proceedings of the 25th Symposium on Virtual and Augmented Reality},
  pages={264--268},
  year={2023}
}

@misc{dearvr2024,
  title = {{dearVR Spatial Audio Solutions}},
  author = {{Dear Reality GmbH}},
  year = {2024},
  note = {https://www.dear-reality.com/}
}

@book{farnell2010designing,
  title={Designing Sound},
  author={Farnell, A.},
  isbn={9780262288835},
  lccn={2009050741},
  series={The MIT Press},
  year={2010},
  publisher={MIT Press}
}

@book{jens1996binaural,
    author = {Blauert, Jens},
    title = {Spatial Hearing: The Psychophysics of Human Sound Localization},
    publisher = {The MIT Press},
    year = {1996},
    month = {10},
    isbn = {9780262268684},
    doi = {10.7551/mitpress/6391.001.0001},
    url = {https://doi.org/10.7551/mitpress/6391.001.0001},
}

@inproceedings{jiang2023spatializing,
  title={Spatializing Music in Virtual Reality},
  author={Jiang, Steven and Lim, Lawrence and Sra, Misha},
  booktitle={Proceedings of the 2023 ACM Symposium on Spatial User Interaction},
  pages={1--3},
  year={2023}
}

@inproceedings{kari2023scene,
  title={Scene Responsiveness for Visuotactile Illusions in Mixed Reality},
  author={Kari, Mohamed and Sch{\"u}tte, Reinhard and Sodhi, Raj},
  booktitle={Proceedings of the 36th Annual ACM Symposium on User Interface Software and Technology},
  pages={1--15},
  year={2023}
}

@inproceedings{kim2024spatial,
  title={Spatial Orchestra: Locomotion Music Instruments through Spatial Exploration},
  author={Kim, You-Jin and Lee, Myungin and Peljhan, Marko and Kuchera-Morin, JoAnn and H{\"o}llerer, Tobias},
  booktitle={Extended Abstracts of the CHI Conference on Human Factors in Computing Systems},
  pages={1--5},
  year={2024}
}

@article{marrington2017composing,
  title={Composing with the digital audio workstation},
  author={Marrington, Mark and others},
  journal={The singer-songwriter handbook},
  pages={77--89},
  year={2017},
  publisher={Bloomsbury New York}
}

@article{martin2020sonic,
  title={Sonic sculpture: Activating engagement with head-mounted augmented reality},
  author={Martin, Charles Patrick and Liu, Zeruo and Wang, Yichen and He, Wennan and Gardner, Henry},
  journal={arXiv preprint arXiv:2012.02311},
  year={2020}
}

@article{mathew:hal-01517188,
  TITLE = {{Survey and Implications for the Design of New 3D Audio Authoring Tools}},
  AUTHOR = {Mathew, Justin and Huot, St{\'e}phane and Katz, Brian F. G.},
  URL = {https://inria.hal.science/hal-01517188},
  JOURNAL = {{Journal on Multimodal User Interfaces}},
  PUBLISHER = {{Springer}},
  VOLUME = {11},
  NUMBER = {3},
  PAGES = {277--287},
  YEAR = {2017},
  MONTH = Apr,
  DOI = {10.1007/s12193-017-0245-z},
  KEYWORDS = {3D audio ; User interfaces ; HCI ; Survey},
  PDF = {https://inria.hal.science/hal-01517188v1/file/JMUI_2017_Mathew_final%20%281%29.pdf},
  HAL_ID = {hal-01517188},
  HAL_VERSION = {v1},
}

@inproceedings{mauro2013binaural,
author = {Mauro, Davide A. and Mekuria, Rufael and Sanna, Michele},
title = {Binaural spatialization for 3D immersive audio communication in a virtual world},
year = {2013},
isbn = {9781450326599},
publisher = {Association for Computing Machinery},
address = {New York, NY, USA},
url = {https://doi.org/10.1145/2544114.2544115},
doi = {10.1145/2544114.2544115},
booktitle = {Proceedings of the 8th Audio Mostly Conference},
articleno = {8},
numpages = {8},
keywords = {3D audio, binaural spatialization, networking, synchronization, tele-immersion},
location = {Pite\r{a}, Sweden},
series = {AM '13}
}

@inproceedings{men2018lemo,
  title={LeMo: supporting collaborative music making in virtual reality},
  author={Men, Liang and Bryan-Kinns, Nick},
  booktitle={2018 IEEE 4th VR workshop on sonic interactions for virtual environments (SIVE)},
  pages={1--6},
  year={2018},
  organization={IEEE}
}

@inproceedings{metatla2016tap,
  title={Tap the ShapeTones: Exploring the effects of crossmodal congruence in an audio-visual interface},
  author={Metatla, Oussama and Correia, Nuno N and Martin, Fiore and Bryan-Kinns, Nick and Stockman, Tony},
  booktitle={Proceedings of the 2016 CHI Conference on Human Factors in Computing Systems},
  pages={1055--1066},
  year={2016}
}

@inproceedings{milgram1995augmented,
  title={Augmented reality: A class of displays on the reality-virtuality continuum},
  author={Milgram, Paul and Takemura, Haruo and Utsumi, Akira and Kishino, Fumio},
  booktitle={Telemanipulator and telepresence technologies},
  volume={2351},
  pages={282--292},
  year={1995},
  organization={Spie}
}

@article{murphy2010spatial,
author = {Murphy, David and Neff, Flaithri},
year = {2010},
month = {01},
pages = {},
title = {Spatial Sound for Computer Games and Virtual Reality},
isbn = {9781616928308},
doi = {10.4018/978-1-61692-828-5.ch014}
}

@INPROCEEDINGS{new_ears_2024,
  author={Wu, Muzhe and Cheng, Yi Fei and Lindlbauer, David},
  booktitle={2024 IEEE International Symposium on Mixed and Augmented Reality (ISMAR)}, 
  title={New Ears: An Exploratory Study of Audio Interaction Techniques for Performing Search in a Virtual Reality Environment}, 
  year={2024},
  volume={},
  number={},
  pages={386-395},
  keywords={Microwave integrated circuits;Visualization;Navigation;Virtual environments;Ear;Teleportation;User experience;Augmented reality;Visual perception;Human-centered computing;Human computer interaction (HCI);Interaction techniques},
  doi={10.1109/ISMAR62088.2024.00053}}

@article{nonspeech1994,
author = {James Hereford and William Winn},
title ={Non-Speech Sound in Human-Computer Interaction: A Review and Design Guidelines},

journal = {Journal of Educational Computing Research},
volume = {11},
number = {3},
pages = {211-233},
year = {1994},
doi = {10.2190/MKD9-W05T-YJ9Y-81NM},

URL = { 
    
        https://doi.org/10.2190/MKD9-W05T-YJ9Y-81NM
    
    

},
eprint = { 
    
        https://doi.org/10.2190/MKD9-W05T-YJ9Y-81NM
    
    

}
}

@article{presence1997,
    author = {Lombard, Matthew and Ditton, Theresa},
    title = {At the Heart of It All: The Concept of Presence},
    journal = {Journal of Computer-Mediated Communication},
    volume = {3},
    number = {2},
    pages = {JCMC321},
    year = {1997},
    month = {09},
    issn = {1083-6101},
    doi = {10.1111/j.1083-6101.1997.tb00072.x},
    url = {https://doi.org/10.1111/j.1083-6101.1997.tb00072.x},
}

@book{sinclair2020principles,
  title={Principles of Game Audio and Sound Design: Sound Design and Audio Implementation for Interactive and Immersive Media},
  author={Sinclair, J.L.},
  isbn={9781351731133},
  lccn={2019056515},
  url={https://books.google.com/books?id=EDkPEAAAQBAJ},
  year={2020},
  publisher={Taylor \& Francis}
}

@inproceedings{sodnik2006,
author = {Sodnik, Jaka and Tomazic, Saso and Grasset, Raphael and Duenser, Andreas and Billinghurst, Mark},
title = {Spatial sound localization in an augmented reality environment},
year = {2006},
isbn = {1595935452},
publisher = {Association for Computing Machinery},
address = {New York, NY, USA},
url = {https://doi.org/10.1145/1228175.1228197},
doi = {10.1145/1228175.1228197},
booktitle = {Proceedings of the 18th Australia Conference on Computer-Human Interaction: Design: Activities, Artefacts and Environments},
pages = {111–118},
numpages = {8},
keywords = {augmented reality, localization, spatial sound},
location = {Sydney, Australia},
series = {OZCHI '06}
}

@inproceedings{stampfl2003ardj,
author = {Stampfl, Philipp},
title = {Augmented reality disk jockey: AR/DJ},
year = {2003},
isbn = {9781450374668},
publisher = {Association for Computing Machinery},
address = {New York, NY, USA},
url = {https://doi.org/10.1145/965400.965556},
doi = {10.1145/965400.965556},
booktitle = {ACM SIGGRAPH 2003 Sketches \& Applications},
pages = {1},
numpages = {1},
keywords = {3D-Sound, DJ, augmented reality},
location = {San Diego, California},
series = {SIGGRAPH '03}
}

@inproceedings{su2024sonifyar,
  title={SonifyAR: Context-Aware Sound Generation in Augmented Reality},
  author={Su, Xia and Froehlich, Jon E and Koh, Eunyee and Xiao, Chang},
  booktitle={Proceedings of the 37th Annual ACM Symposium on User Interface Software and Technology},
  pages={1--13},
  year={2024}
}

@article{walking2011,
author = {Ruddle, Roy A. and Volkova, Ekaterina and B\"{u}lthoff, Heinrich H.},
title = {Walking improves your cognitive map in environments that are large-scale and large in extent},
year = {2011},
issue_date = {June 2011},
publisher = {Association for Computing Machinery},
address = {New York, NY, USA},
volume = {18},
number = {2},
issn = {1073-0516},
url = {https://doi.org/10.1145/1970378.1970384},
doi = {10.1145/1970378.1970384},
journal = {ACM Trans. Comput.-Hum. Interact.},
month = jul,
articleno = {10},
numpages = {20},
keywords = {Virtual reality, cognitive map, locomotion, navigation}
}

@article{wu2024scene,
  title={A Scene Representation for Online Spatial Sonification},
  author={Wu, Lan and Jin, Craig and Uttsha, Monisha Mushtary and Vidal-Calleja, Teresa},
  journal={arXiv preprint arXiv:2412.05486},
  year={2024}
}

@inproceedings{yang2019audio,
  title={Audio augmented reality for human-object interactions},
  author={Yang, Jing and Mattern, Friedemann},
  booktitle={Adjunct Proceedings of the 2019 ACM International Joint Conference on Pervasive and Ubiquitous Computing and Proceedings of the 2019 ACM International Symposium on Wearable Computers},
  pages={408--412},
  year={2019}
}

@article{yang2022audio,
  title={Audio augmented reality: A systematic review of technologies, applications, and future research directions},
  author={Yang, Jing and Barde, Amit and Billinghurst, Mark},
  journal={journal of the audio engineering society},
  volume={70},
  number={10},
  pages={788--809},
  year={2022},
  publisher={Audio Engineering Society}
}

@article{zhou2004,
title = {An experimental study on the role of 3D sound in augmented reality environment},
journal = {Interacting with Computers},
volume = {16},
number = {6},
pages = {1043-1068},
year = {2004},
issn = {0953-5438},
doi = {https://doi.org/10.1016/j.intcom.2004.06.016},
url = {https://www.sciencedirect.com/science/article/pii/S0953543804000864},
author = {Zhiying Zhou and Adrian David Cheok and Xubo Yang and Yan Qiu},
keywords = {3D sound, Augmented reality, User study}
}

@inproceedings{zoo_guide_2007,
author = {Stahl, Christoph},
title = {The roaring navigator: a group guide for the zoo with shared auditory landmark display},
year = {2007},
isbn = {9781595938626},
publisher = {Association for Computing Machinery},
address = {New York, NY, USA},
url = {https://doi.org/10.1145/1377999.1378042},
doi = {10.1145/1377999.1378042},
booktitle = {Proceedings of the 9th International Conference on Human Computer Interaction with Mobile Devices and Services},
pages = {383–386},
numpages = {4},
keywords = {audio guide, auditory landmark display, electronic guidebooks, pedestrian navigation, shared audio, spatial audio},
location = {Singapore},
series = {MobileHCI '07}
}

