@inproceedings{cabello-piqueras-sogaard-2022-pretrained,
    title = "Are Pretrained Multilingual Models Equally Fair across Languages?",
    author = "Cabello Piqueras, Laura  and
      S{\o}gaard, Anders",
    booktitle = "Proceedings of the 29th International Conference on Computational Linguistics",
    month = oct,
    year = "2022",
    address = "Gyeongju, Republic of Korea",
    publisher = "International Committee on Computational Linguistics",
    url = "https://aclanthology.org/2022.coling-1.318",
    pages = "3597--3605",
}

