@article{1_8ktasks2022chung,
	title={{Scaling Instruction-Finetuned Language Models}},
	author={Chung, Hyung Won and Hou, Le and et al.},
	journal={arXiv preprint arXiv:2210.11416},
	year={2022}
}

@InProceedings{LDGM2023hui,
	author    = {Hui, Mude and Zhang, Zhizheng and Zhang, Xiaoyi and Xie, Wenxuan and Wang, Yuwang and Lu, Yan},
	title     = {{Unifying Layout Generation With a Decoupled Diffusion Model}},
	booktitle = {CVPR},
	month     = {June},
	year      = {2023},
	pages     = {1942-1951}
}

@inproceedings{attention2017vaswani,
	author = {Vaswani, Ashish and Shazeer, Noam and Parmar, Niki and Uszkoreit, Jakob and Jones, Llion and Gomez, Aidan N and Kaiser, \L ukasz and Polosukhin, Illia},
	booktitle = {NeurIPS},
	pages = {6000--6010},
	title = {{Attention is All you Need}},
	volume = {30},
	year = {2017}
}

@inproceedings{bert2019devlin,
	title = {{BERT: Pre-training of Deep Bidirectional Transformers for Language Understanding}},
	author = {Devlin, Jacob  and
	Chang, Ming-Wei  and
	Lee, Kenton  and
	Toutanova, Kristina},
	booktitle = {NAACL},
	month = {Jun},
	year = {2019},
	pages = {4171--4186},
}

@inproceedings{blt2022kong,
	title={{BLT: Bidirectional Layout Transformer for Controllable Layout Generation}},
	author={Kong, Xiang and Jiang, Lu and Chang, Huiwen and Zhang, Han and Hao, Yuan and Gong, Haifeng and Essa, Irfan},
	booktitle={ECCV},
	pages={474--490},
	year={2022},
}

@inproceedings{causalreason2011aaai,
	title={{Choice of Plausible Alternatives: An Evaluation of Commonsense Causal Reasoning}},
	author={Roemmele, Melissa and Bejan, Cosmin Adrian and Gordon, Andrew S},
	booktitle={AAAI Spring Symposium Series},
	year={2011}
}

@inproceedings{chatgpt2022ouyang,
	author = {Ouyang, Long and Wu, Jeffrey and et al.},
	booktitle = {NeurIPS},
	pages = {27730--27744},
	title = {{Training Language Models to Follow Instructions with Human Feedback}},
	volume = {35},
	year = {2022}
}

@article{codellmam2023roziere,
	title={{Code LLaMA: Open Foundation Models for Code}},
	author={Roziere, Baptiste and Gehring, Jonas and et al.},
	journal={arXiv preprint arXiv:2308.12950},
	year={2023}
}

@inproceedings{convention2015donovan,
	author = {O'Donovan, Peter and Agarwala, Aseem and Hertzmann, Aaron},
	title = {{DesignScape: Design with Interactive Layout Suggestions}},
	year = {2015},
	booktitle = {CHI},
	pages = {1221â€“1224},
	numpages = {4},
}

@ARTICLE{convetion2014donovan,
	author={O'Donovan, Peter and Agarwala, Aseem and Hertzmann, Aaron},
	journal={IEEE Transactions on Visualization and Computer Graphics}, 
	title={{Learning Layouts for Single-PageGraphic Designs}}, 
	year={2014},
	volume={20},
	number={8},
	pages={1200-1213}
}

@article{ctf2022jiang, 
	title={{Coarse-to-Fine Generative Modeling for Graphic Layouts}}, 
	volume={36}, 
	journal={AAAI}, 
	author={Jiang, Zhaoyun and Sun, Shizhao and Zhu, Jihua and Lou, Jian-Guang and Zhang, Dongmei}, 
	year={2022}, 
	pages={1096--1103} 
}

@inproceedings{diffusion2020jonathan,
	author = {Ho, Jonathan and Jain, Ajay and Abbeel, Pieter},
	booktitle = {NeurIPS},
	pages = {6840--6851},
	title = {{Denoising Diffusion Probabilistic Models}},
	volume = {33},
	year = {2020}
}

@InProceedings{dlt2023levi,
	author    = {Levi, Elad and Brosh, Eli and Mykhailych, Mykola and Perez, Meir},
	title     = {{DLT: Conditioned layout generation with Joint Discrete-Continuous Diffusion Layout Transformer}},
	booktitle = {ICCV},
	month     = {October},
	year      = {2023},
	pages     = {2106-2115}
}

@ARTICLE{ganbased2021lis,
	author={Li, Jianan and Yang, Jimei and Zhang, Jianming and Liu, Chang and Wang, Christina and Xu, Tingfa},
	journal={IEEE Transactions on Visualization and Computer Graphics}, 
	title={{Attribute-Conditioned Layout GAN for Automatic Graphic Design}}, 
	year={2021},
	volume={27},
	number={10},
	pages={4039-4048},
}

@article{gpt22019radford,
	title={{Language Models are Unsupervised Multitask Learners}},
	author={Radford, Alec and Wu, Jeffrey and et al.},
	journal={OpenAI blog},
	volume={1},
	number={8},
	pages={9},
	year={2019}
}

@article{gpt42023,
	title={{GPT-4 Technical Report}},
	author={OpenAI},
	journal={arXiv preprint arXiv:2303.08774},
	year={2023},
}

@InProceedings{layoutdiff2023zhang,
	title={{LayoutDiffusion: Improving Graphic Layout Generation by Discrete Diffusion Probabilistic Models}},
	author={Zhang, Junyi and Guo, Jiaqi and Sun, Shizhao and Lou, Jian-Guang and Zhang, Dongmei},
	booktitle={ICCV},
	year={2023}
}

@InProceedings{layoutdm2023Inoue,	
	author    = {Inoue, Naoto and Kikuchi, Kotaro and Simo-Serra, Edgar and Otani, Mayu and Yamaguchi, Kota},
	title     = {{LayoutDM: Discrete Diffusion Model for Controllable Layout Generation}},
	booktitle = {CVPR},
	month     = {June},
	year      = {2023},
	pages     = {10167-10176}
}

@InProceedings{layoutdm2023chai,
	author    = {Chai, Shang and Zhuang, Liansheng and Yan, Fengying},
	title     = {{LayoutDM: Transformer-Based Diffusion Model for Layout Generation}},
	booktitle = {CVPR},
	month     = {June},
	year      = {2023},
	pages     = {18349-18358}
}

@inproceedings{layoutgan2018li,
	title={{Layout{GAN}: Generating Graphic Layouts with Wireframe Discriminator}},
	author={Jianan Li and Tingfa Xu and Jianming Zhang and Aaron Hertzmann and Jimei Yang},
	booktitle={ICLR},
	year={2019},
}

@inproceedings{layoutganpp2021kikuchi,
	author = {Kikuchi, Kotaro and Simo-Serra, Edgar and Otani, Mayu and Yamaguchi, Kota},
	title = {{Constrained Graphic Layout Generation via Latent Optimization}},
	year = {2021},
	booktitle = {ACM MM},
	pages = {88--96},
	numpages = {9},
}

@article{layoutgpt2023feng,
	title={{LayoutGPT: Compositional Visual Planning and Generation with Large Language Models}},
	author={Feng, Weixi and Zhu, Wanrong and Fu, Tsu-jui and Jampani, Varun and Akula, Arjun and He, Xuehai and Basu, Sugato and Wang, Xin Eric and Wang, William Yang},
	journal={NeurIPS},
	volume={36},
	year={2024}
}

@inproceedings{layoutnuwa2024tang,
	title={{Layout{NUWA}: Revealing the Hidden Layout Expertise of Large Language Models}},
	author={Zecheng Tang and Chenfei Wu and Juntao Li and Nan Duan},
	booktitle={ICLR},
	year={2024},
}

@article{layoutprompter2023lin,
	title={{LayoutPrompter: Awaken the Design Ability of Large Language Models}},
	author={Lin, Jiawei and Guo, Jiaqi and Sun, Shizhao and Yang, Zijiang and Lou, Jian-Guang and Zhang, Dongmei},
	journal={Advances in Neural Information Processing Systems (NeurIPS)},
	volume={36},
	year={2024}
}

@InProceedings{layouttf2021gupta,
	author    = {Gupta, Kamal and Lazarow, Justin and Achille, Alessandro and Davis, Larry S. and Mahadevan, Vijay and Shrivastava, Abhinav},
	title     = {{LayoutTransformer: Layout Generation and Completion With Self-Attention}},
	booktitle = {ICCV},
	month     = {October},
	year      = {2021},
	pages     = {1004-1014}
}

@InProceedings{layouttfpp2023jiang,
	author    = {Jiang, Zhaoyun and Guo, Jiaqi and et al.},
	title     = {{LayoutFormer++: Conditional Graphic Layout Generation via Constraint Serialization and Decoding Space Restriction}},
	booktitle = {CVPR},
	month     = {June},
	year      = {2023},
	pages     = {18403-18412}
}

@InProceedings{layoutvae2019jyothi,
	author = {Jyothi, Akash Abdu and Durand, Thibaut and He, Jiawei and Sigal, Leonid and Mori, Greg},
	title = {{LayoutVAE: Stochastic Scene Layout Generation From a Label Set}},
	booktitle = {ICCV},
	month = {October},
	year = {2019}
}

@inproceedings{lee2020neural,
	title={{Neural Design Network: Graphic Layout Generation with Constraints}},
	author={Lee, Hsin-Ying and Jiang, Lu and Essa, Irfan and Le, Phuong B and Gong, Haifeng and Yang, Ming-Hsuan and Yang, Weilong},
	booktitle={ECCV},
	pages={491--506},
	year={2020},
}

@inproceedings{levesque2012winograd,
	title={{The Winograd Schema Challenge}},
	author={Levesque, Hector and Davis, Ernest and Morgenstern, Leora},
	booktitle={KR},
	year={2012}
}

@InProceedings{lin2023iccv,
	author    = {Lin, Jiawei and Guo, Jiaqi and Sun, Shizhao and Xu, Weijiang and Liu, Ting and Lou, Jian-Guang and Zhang, Dongmei},
	title     = {{A Parse-Then-Place Approach for Generating Graphic Layouts from Textual Descriptions}},
	booktitle = {ICCV},
	month     = {October},
	year      = {2023},
	pages     = {23622-23631}
}

@article{llama22023touvron,
	title={{LLaMA 2: Open Foundation and Fine-Tuned Chat Models}},
	author={Touvron, Hugo and Martin, Louis and et al.},
	journal={arXiv preprint arXiv:2307.09288},
	year={2023}
}

@article{llama32024dubey,
	title={{The LLaMA 3 Herd of Models}},
	author={Dubey, Abhimanyu and Jauhri, Abhinav and Pandey, Abhinav and Kadian, Abhishek and Al-Dahle, Ahmad and Letman, Aiesha and Mathur, Akhil and Schelten, Alan and Yang, Amy and Fan, Angela and others},
	journal={arXiv preprint arXiv:2407.21783},
	year={2024}
}

@ARTICLE{llmtimeseries2023hao,
	author={Xue, Hao and Salim, Flora D.},
	journal={IEEE Transactions on Knowledge and Data Engineering}, 
	title={{PromptCast: A New Prompt-Based Learning Paradigm for Time Series Forecasting}}, 
	year={2023},
	volume={},
	number={},
	pages={1-14}
}

@article{magazine2019zheng,
	author = {Zheng, Xinru and Qiao, Xiaotian and Cao, Ying and Lau, Rynson W. H.},
	title = {{Content-Aware Generative Modeling of Graphic Design Layouts}},
	year = {2019},
	volume = {38},
	number = {4},
	journal = {ACM Transactions on Graphics},
	month = {jul},
	articleno = {133},
	numpages = {15},
}

@inproceedings{nauata2020house,
	title={{House-GAN: Relational Generative Adversarial Networks for Graph-Constrained House Layout Generation}},
	author={Nauata, Nelson and Chang, Kai-Hung and Cheng, Chin-Yi and Mori, Greg and Furukawa, Yasutaka},
	booktitle={ECCV},
	pages={162--177},
	year={2020},
	organization={Springer}
}

@inproceedings{nijkamp2023codegen,
	title={{CodeGen: An Open Large Language Model for Code with Multi-Turn Program Synthesis}},
	author={Erik Nijkamp and Bo Pang and Hiroaki Hayashi and Lifu Tu and Huan Wang and Yingbo Zhou and Silvio Savarese and Caiming Xiong},
	booktitle={ICLR},
	year={2023},
}

@article{peng2023instruction,
	title={{Instruction Tuning with GPT-4}},
	author={Peng, Baolin and Li, Chunyuan and He, Pengcheng and Galley, Michel and Gao, Jianfeng},
	journal={arXiv preprint arXiv:2304.03277},
	year={2023}
}

@article{phi1.52023li,
	title={{Textbooks Are All You Need II: Phi-1.5 Technical Report}},
	author={Li, Yuanzhi and Bubeck, S{\'e}bastien and Eldan, Ronen and Del Giorno, Allie and Gunasekar, Suriya and Lee, Yin Tat},
	journal={arXiv preprint arXiv:2309.05463},
	year={2023}
}

@article{phi12023gunasekar,
	title={{Textbooks Are All You Need}},
	author={Gunasekar, Suriya and Zhang, Yi and et al.},
	journal={arXiv preprint arXiv:2306.11644},
	year={2023}
}

@inproceedings{poster2021guo,
	title={Vinci: an intelligent graphic design system for generating advertising posters},
	author={Guo, Shunan and Jin, Zhuochen and Sun, Fuling and Li, Jingwen and Li, Zhaorui and Shi, Yang and Cao, Nan},
	booktitle={CHI},
	pages={1--17},
	year={2021}
}

@ARTICLE{poster2021qian,
	author={Qian, Chunyao and Sun, Shizhao and Cui, Weiwei and Lou, Jian-Guang and Zhang, Haidong and Zhang, Dongmei},
	journal={IEEE Transactions on Visualization and Computer Graphics}, 
	title={{Retrieve-Then-Adapt: Example-Based Automatic Generation for Proportion-Related Infographics}}, 
	year={2021},
	volume={27},
	number={2},
	pages={443-452},
}

@INPROCEEDINGS{publaynet2019zhong,
	author={Zhong, Xu and Tang, Jianbin and Jimeno Yepes, Antonio},
	booktitle={ICDAR}, 
	title={{PubLayNet: Largest Dataset Ever for Document Layout Analysis}}, 
	year={2019},
	volume={},
	number={},
	pages={1015-1022},
}

@article{qwen22024yang,
	title={{Qwen2 Technical Report}},
	author={Yang, An and Yang, Baosong and et al.},
	journal={arXiv preprint arXiv:2407.10671},
	year={2024}
}

@InProceedings{read2020patil,
	author = {Patil, Akshay Gadi and Ben-Eliezer, Omri and Perel, Or and Averbuch-Elor, Hadar},
	title = {{READ: Recursive Autoencoders for Document Layout Generation}},
	booktitle = {CVPRW},
	month = {June},
	year = {2020}
}

@inproceedings{rico2017deka,
	author = {Deka, Biplab and Huang, Zifeng and Franzen, Chad and Hibschman, Joshua and Afergan, Daniel and Li, Yang and Nichols, Jeffrey and Kumar, Ranjitha},
	title = {{Rico: A Mobile App Dataset for Building Data-Driven Design Applications}},
	year = {2017},
	booktitle = {UIST},
	pages = {845â€“854},
	numpages = {10}
}

@inproceedings{ruite2021rahman,
	author = {Rahman, Soliha and Sermuga Pandian, Vinoth Pandian and Jarke, Matthias},
	title = {{RUITE: Refining UI Layout Aesthetics Using Transformer Encoder}},
	year = {2021},
	booktitle = {IUI},
	pages = {81-â€“83},
	numpages = {3},
}

@article{t52020jmlr,
	author = {Raffel, Colin and Shazeer, Noam and Roberts, Adam and Lee, Katherine and Narang, Sharan and Matena, Michael and Zhou, Yanqi and Li, Wei and Liu, Peter J.},
	title = {{Exploring the Limits of Transfer Learning with a Unified Text-to-Text Transformer}},
	year = {2020},
	volume = {21},
	number = {1},
	journal = {Journal of Machine Learning Research},
	month = {Jan},
	articleno = {140},
	numpages = {67},
}

@inproceedings{visorgpt2023xie,
	author = {Xie, Jinheng and Ye, Kai and Li, Yudong and Li, Yuexiang and Lin, Kevin Qinghong and Zheng, Yefeng and Shen, Linlin and Shou, Mike Zheng},
	booktitle = {NeurIPS},
	pages = {70562--70580},
	title = {{Learning Visual Prior via Generative Pre-Training}},
	volume = {36},
	year = {2023}
}

@InProceedings{vtn2021arroyo,
	author    = {Arroyo, Diego Martin and Postels, Janis and Tombari, Federico},
	title     = {{Variational Transformer Networks for Layout Generation}},
	booktitle = {CVPR},
	month     = {June},
	year      = {2021},
	pages     = {13642-13652}
}

@article{yu2023temporal,
	title={{Temporal Data Meets LLM--Explainable Financial Time Series Forecasting}},
	author={Yu, Xinli and Chen, Zheng and Ling, Yuan and Dong, Shujing and Liu, Zongyi and Lu, Yanbin},
	journal={arXiv preprint arXiv:2306.11025},
	year={2023}
}

@article{zhang2023instruction,
	title={{Instruction Tuning for Large Language Models: A Survey}},
	author={Zhang, Shengyu and Dong, Linfeng and et al.},
	journal={arXiv preprint arXiv:2308.10792},
	year={2023}
}

@article{zhao2023survey,
	title={{A Survey of Large Language Models}},
	author={Zhao, Wayne Xin and Zhou, Kun and et al.},
	journal={arXiv preprint arXiv:2303.18223},
	year={2023}
}

