%% Journal article
@InProceedings{LDGM2023hui,
	author    = {Hui, Mude and Zhang, Zhizheng and Zhang, Xiaoyi and Xie, Wenxuan and Wang, Yuwang and Lu, Yan},
	title     = {{Unifying Layout Generation With a Decoupled Diffusion Model}},
	booktitle = {CVPR},
	month     = {June},
	year      = {2023},
	pages     = {1942-1951}
}
@InProceedings{layoutdm2023Inoue,	
	author    = {Inoue, Naoto and Kikuchi, Kotaro and Simo-Serra, Edgar and Otani, Mayu and Yamaguchi, Kota},
	title     = {{LayoutDM: Discrete Diffusion Model for Controllable Layout Generation}},
	booktitle = {CVPR},
	month     = {June},
	year      = {2023},
	pages     = {10167-10176}
}
@inproceedings{blt2022kong,
	title={{BLT: Bidirectional Layout Transformer for Controllable Layout Generation}},
	author={Kong, Xiang and Jiang, Lu and Chang, Huiwen and Zhang, Han and Hao, Yuan and Gong, Haifeng and Essa, Irfan},
	booktitle={ECCV},
	pages={474--490},
	year={2022},
}
@inproceedings{lee2020neural,
	title={{Neural Design Network: Graphic Layout Generation with Constraints}},
	author={Lee, Hsin-Ying and Jiang, Lu and Essa, Irfan and Le, Phuong B and Gong, Haifeng and Yang, Ming-Hsuan and Yang, Weilong},
	booktitle={ECCV},
	pages={491--506},
	year={2020},
}
@inproceedings{layoutganpp2021kikuchi,
	author = {Kikuchi, Kotaro and Simo-Serra, Edgar and Otani, Mayu and Yamaguchi, Kota},
	title = {{Constrained Graphic Layout Generation via Latent Optimization}},
	year = {2021},
	booktitle = {ACM MM},
	pages = {88--96},
	numpages = {9},
}
@inproceedings{ruite2021rahman,
	author = {Rahman, Soliha and Sermuga Pandian, Vinoth Pandian and Jarke, Matthias},
	title = {{RUITE: Refining UI Layout Aesthetics Using Transformer Encoder}},
	year = {2021},
	booktitle = {IUI},
	pages = {81-â€“83},
	numpages = {3},
}
@InProceedings{vtn2021arroyo,
	author    = {Arroyo, Diego Martin and Postels, Janis and Tombari, Federico},
	title     = {{Variational Transformer Networks for Layout Generation}},
	booktitle = {CVPR},
	month     = {June},
	year      = {2021},
	pages     = {13642-13652}
}
@InProceedings{layouttf2021gupta,
	author    = {Gupta, Kamal and Lazarow, Justin and Achille, Alessandro and Davis, Larry S. and Mahadevan, Vijay and Shrivastava, Abhinav},
	title     = {{LayoutTransformer: Layout Generation and Completion With Self-Attention}},
	booktitle = {ICCV},
	month     = {October},
	year      = {2021},
	pages     = {1004-1014}
}
@article{zhao2023survey,
	title={{A Survey of Large Language Models}},
	author={Zhao, Wayne Xin and Zhou, Kun and et al.},
	journal={arXiv preprint arXiv:2303.18223},
	year={2023}
}
@inproceedings{cotinelicits2022wei,
	author = {Wei, Jason and Wang, Xuezhi and Schuurmans, Dale and Bosma, Maarten and ichter, brian and Xia, Fei and Chi, Ed and Le, Quoc V and Zhou, Denny},
	booktitle = {NeurIPS},
	pages = {24824--24837},
	title = {{Chain-of-Thought Prompting Elicits Reasoning in Large Language Models}},
	volume = {35},
	year = {2022}
}
@inproceedings{gpt32020brown,
	author = {Brown, Tom and Mann, Benjamin and et al.},
	booktitle = {NeurIPS},
	pages = {1877--1901},
	title = {{Language Models are Few-Shot Learners}},
	volume = {33},
	year = {2020}
}
@article{gpt42023,
	title={{GPT-4 Technical Report}},
	author={OpenAI},
	journal={arXiv preprint arXiv:2303.08774},
	year={2023},
}
@inproceedings{visorgpt2023xie,
	author = {Xie, Jinheng and Ye, Kai and Li, Yudong and Li, Yuexiang and Lin, Kevin Qinghong and Zheng, Yefeng and Shen, Linlin and Shou, Mike Zheng},
	booktitle = {NeurIPS},
	pages = {70562--70580},
	title = {{Learning Visual Prior via Generative Pre-Training}},
	volume = {36},
	year = {2023}
}
@article{layoutgpt2023feng,
	title={{LayoutGPT: Compositional Visual Planning and Generation with Large Language Models}},
	author={Feng, Weixi and Zhu, Wanrong and Fu, Tsu-jui and Jampani, Varun and Akula, Arjun and He, Xuehai and Basu, Sugato and Wang, Xin Eric and Wang, William Yang},
	journal={NeurIPS},
	volume={36},
	year={2024}
}
@inproceedings{chatgpt2022ouyang,
	author = {Ouyang, Long and Wu, Jeffrey and et al.},
	booktitle = {NeurIPS},
	pages = {27730--27744},
	title = {{Training Language Models to Follow Instructions with Human Feedback}},
	volume = {35},
	year = {2022}
}
@article{emergent2022tmlr,
	title   = {{Emergent Abilities of Large Language Models}},
	author  = {Barret Zoph and Colin Raffel and Dale Schuurmans and Dani Yogatama and Denny Zhou and Don Metzler and Ed H. Chi and Jason Wei and Jeff Dean and Liam B. Fedus and Maarten Paul Bosma and Oriol Vinyals and Percy Liang and Sebastian Borgeaud and Tatsunori B. Hashimoto and Yi Tay},
	year    = {2022},
	journal = {Transactions on Machine Learning Research}
}
@inproceedings{layoutgan2018li,
	title={{Layout{GAN}: Generating Graphic Layouts with Wireframe Discriminator}},
	author={Jianan Li and Tingfa Xu and Jianming Zhang and Aaron Hertzmann and Jimei Yang},
	booktitle={ICLR},
	year={2019},
}
@InProceedings{layoutvae2019jyothi,
	author = {Jyothi, Akash Abdu and Durand, Thibaut and He, Jiawei and Sigal, Leonid and Mori, Greg},
	title = {{LayoutVAE: Stochastic Scene Layout Generation From a Label Set}},
	booktitle = {ICCV},
	month = {October},
	year = {2019}
}
@inproceedings{gan2014goodfellow,
	author = {Goodfellow, Ian and Pouget-Abadie, Jean and Mirza, Mehdi and Xu, Bing and Warde-Farley, David and Ozair, Sherjil and Courville, Aaron and Bengio, Yoshua},
	booktitle = {NeurIPS},
	pages = {},
	title = {{Generative Adversarial Nets}},
	volume = {27},
	year = {2014}
}
@InProceedings{blip22023li,
	title={{BLIP-2: Bootstrapping Language-Image Pre-Training with Frozen Image Encoders and Large Language Models}},
	author={Li, Junnan and Li, Dongxu and Savarese, Silvio and Hoi, Steven},
	booktitle={ICML},
	year={2023},
}
@inproceedings{llava2023liu,
	author = {Liu, Haotian and Li, Chunyuan and Wu, Qingyang and Lee, Yong Jae},
	booktitle = {NeurIPS},
	pages = {34892--34916},
	title = {{Visual Instruction Tuning}},
	volume = {36},
	year = {2023}
}
@article{minigpt42023zhu,
	title={{Minigpt-4: Enhancing Vision-Language Understanding with Advanced Large Language Models}},
	author={Zhu, Deyao and Chen, Jun and Shen, Xiaoqian and Li, Xiang and Elhoseiny, Mohamed},
	journal={arXiv preprint arXiv:2304.10592},
	year={2023}
}
@article{cai2023low,
	title={{Low-Code LLM: Visual Programming over LLMs}},
	author={Cai, Yuzhe and Mao, Shaoguang and et al.},
	journal={arXiv preprint arXiv:2304.08103},
	year={2023}
}
@inproceedings{flamingo2022alayrac,
	author = {Alayrac, Jean-Baptiste and Donahue, Jeff and Luc, Pauline and Miech, Antoine and Barr, Iain and Hasson, Yana and Lenc, Karel and Mensch, Arthur and Millican, Katherine and Reynolds, Malcolm and Ring, Roman and Rutherford, Eliza and Cabi, Serkan and Han, Tengda and Gong, Zhitao and Samangooei, Sina and Monteiro, Marianne and Menick, Jacob L and Borgeaud, Sebastian and Brock, Andy and Nematzadeh, Aida and Sharifzadeh, Sahand and Bi\'{n}kowski, Miko\l aj and Barreira, Ricardo and Vinyals, Oriol and Zisserman, Andrew and Simonyan, Kar\'{e}n},
	booktitle = {NeurIPS},
	pages = {23716--23736},
	title = {{Flamingo: A Visual Language Model for Few-Shot Learning}},
	volume = {35},
	year = {2022}
}
@InProceedings{ofa2022wang,
	title = {{OFA: Unifying Architectures, Tasks, and Modalities through a Simple Sequence-to-Sequence Learning Framework}},
	author =  {Wang, Peng and Yang, An and Men, Rui and Lin, Junyang and Bai, Shuai and Li, Zhikang and Ma, Jianxin and Zhou, Chang and Zhou, Jingren and Yang, Hongxia},
	booktitle = {ICML},
	pages = {23318--23340},
	year = {2022},
	volume = {162},
	month = {17--23 Jul},
}
@inproceedings{pix2seqv22022chen,
	author = {Chen, Ting and Saxena, Saurabh and Li, Lala and Lin, Tsung-Yi and Fleet, David J and Hinton, Geoffrey E},
	booktitle = {NeurIPS},
	pages = {31333--31346},
	title = {A Unified Sequence Interface for Vision Tasks},
	volume = {35},
	year = {2022}
}
@inproceedings{unifiedio2023lu,
	title={{{UNIFIED}-{IO}: A Unified Model for Vision, Language, and Multi-Modal Tasks}},
	author={Jiasen Lu and Christopher Clark and Rowan Zellers and Roozbeh Mottaghi and Aniruddha Kembhavi},
	booktitle={ICLR},
	year={2023},
}
@InProceedings{beit32023wang,
	author    = {Wang, Wenhui and Bao, Hangbo and Dong, Li and Bjorck, Johan and Peng, Zhiliang and Liu, Qiang and Aggarwal, Kriti and Mohammed, Owais Khan and Singhal, Saksham and Som, Subhojit and Wei, Furu},
	title     = {{Image as a Foreign Language: BEiT Pretraining for Vision and Vision-Language Tasks}},
	booktitle = {CVPR},
	month     = {June},
	year      = {2023},
	pages     = {19175-19186}
}
@InProceedings{udop2023tang,
	author    = {Tang, Zineng and Yang, Ziyi and Wang, Guoxin and Fang, Yuwei and Liu, Yang and Zhu, Chenguang and Zeng, Michael and Zhang, Cha and Bansal, Mohit},
	title     = {{Unifying Vision, Text, and Layout for Universal Document Processing}},
	booktitle = {CVPR},
	month     = {June},
	year      = {2023},
	pages     = {19254-19264}
}
@article{gpt12018radford,
	title={{Improving Language Understanding by Generative Pre-Training}},
	author={Radford, Alec and Narasimhan, Karthik and et al.},
	year={2018},
	publisher={OpenAI}
}
@article{gpt22019radford,
	title={{Language Models are Unsupervised Multitask Learners}},
	author={Radford, Alec and Wu, Jeffrey and et al.},
	journal={OpenAI blog},
	volume={1},
	number={8},
	pages={9},
	year={2019}
}
@article{layoutprompter2023lin,
	title={{LayoutPrompter: Awaken the Design Ability of Large Language Models}},
	author={Lin, Jiawei and Guo, Jiaqi and Sun, Shizhao and Yang, Zijiang and Lou, Jian-Guang and Zhang, Dongmei},
	journal={Advances in Neural Information Processing Systems (NeurIPS)},
	volume={36},
	year={2024}
}
@inproceedings{attention2017vaswani,
	author = {Vaswani, Ashish and Shazeer, Noam and Parmar, Niki and Uszkoreit, Jakob and Jones, Llion and Gomez, Aidan N and Kaiser, \L ukasz and Polosukhin, Illia},
	booktitle = {NeurIPS},
	pages = {6000--6010},
	title = {{Attention is All you Need}},
	volume = {30},
	year = {2017}
}
@article{llama2023touvron,
	title={{LLaMA: Open and Efficient Foundation Language Models}},
	author={Touvron, Hugo and Lavril, Thibaut and et al.},
	journal={arXiv preprint arXiv:2302.13971},
	year={2023}
}
@inproceedings{diffusion2020jonathan,
	author = {Ho, Jonathan and Jain, Ajay and Abbeel, Pieter},
	booktitle = {NeurIPS},
	pages = {6840--6851},
	title = {{Denoising Diffusion Probabilistic Models}},
	volume = {33},
	year = {2020}
}
@inproceedings{instructgpt2022long,
	author = {Ouyang, Long and Wu, Jeffrey and Jiang, Xu and Almeida, Diogo and Wainwright, Carroll and Mishkin, Pamela and Zhang, Chong and Agarwal, Sandhini and Slama, Katarina and Ray, Alex and Schulman, John and Hilton, Jacob and Kelton, Fraser and Miller, Luke and Simens, Maddie and Askell, Amanda and Welinder, Peter and Christiano, Paul F and Leike, Jan and Lowe, Ryan},
	booktitle = {NeurIPS},
	pages = {27730--27744},
	title = {{Training Language Models to Follow Instructions with Human Feedback}},
	volume = {35},
	year = {2022}
}
@INPROCEEDINGS{publaynet2019zhong,
	author={Zhong, Xu and Tang, Jianbin and Jimeno Yepes, Antonio},
	booktitle={ICDAR}, 
	title={{PubLayNet: Largest Dataset Ever for Document Layout Analysis}}, 
	year={2019},
	volume={},
	number={},
	pages={1015-1022},
}
@inproceedings{rico2017deka,
	author = {Deka, Biplab and Huang, Zifeng and Franzen, Chad and Hibschman, Joshua and Afergan, Daniel and Li, Yang and Nichols, Jeffrey and Kumar, Ranjitha},
	title = {{Rico: A Mobile App Dataset for Building Data-Driven Design Applications}},
	year = {2017},
	booktitle = {UIST},
	pages = {845â€“854},
	numpages = {10}
}
@article{magazine2019zheng,
	author = {Zheng, Xinru and Qiao, Xiaotian and Cao, Ying and Lau, Rynson W. H.},
	title = {{Content-Aware Generative Modeling of Graphic Design Layouts}},
	year = {2019},
	volume = {38},
	number = {4},
	journal = {ACM Transactions on Graphics},
	month = {jul},
	articleno = {133},
	numpages = {15},
}
@inproceedings{poster2021guo,
	title={Vinci: an intelligent graphic design system for generating advertising posters},
	author={Guo, Shunan and Jin, Zhuochen and Sun, Fuling and Li, Jingwen and Li, Zhaorui and Shi, Yang and Cao, Nan},
	booktitle={CHI},
	pages={1--17},
	year={2021}
}
@inproceedings{gui2021kikuchi,
	title={{Modeling Visual Containment for Web Page Layout Optimization}},
	author={Kikuchi, Kotaro and Otani, Mayu and Yamaguchi, Kota and Simo-Serra, Edgar},
	booktitle={Computer Graphics Forum},
	volume={40},
	number={7},
	pages={33--44},
	year={2021},
}
@ARTICLE{poster2021qian,
	author={Qian, Chunyao and Sun, Shizhao and Cui, Weiwei and Lou, Jian-Guang and Zhang, Haidong and Zhang, Dongmei},
	journal={IEEE Transactions on Visualization and Computer Graphics}, 
	title={{Retrieve-Then-Adapt: Example-Based Automatic Generation for Proportion-Related Infographics}}, 
	year={2021},
	volume={27},
	number={2},
	pages={443-452},
}
@InProceedings{canvasvae2021yamaguchi,
	author    = {Yamaguchi, Kota},
	title     = {{CanvasVAE: Learning To Generate Vector Graphic Documents}},
	booktitle = {ICCV},
	month     = {October},
	year      = {2021},
	pages     = {5481-5489}
}
@article{ctf2022jiang, 
	title={{Coarse-to-Fine Generative Modeling for Graphic Layouts}}, 
	volume={36}, 
	journal={AAAI}, 
	author={Jiang, Zhaoyun and Sun, Shizhao and Zhu, Jihua and Lou, Jian-Guang and Zhang, Dongmei}, 
	year={2022}, 
	pages={1096--1103} 
}
@ARTICLE{ganbased2021lis,
	author={Li, Jianan and Yang, Jimei and Zhang, Jianming and Liu, Chang and Wang, Christina and Xu, Tingfa},
	journal={IEEE Transactions on Visualization and Computer Graphics}, 
	title={{Attribute-Conditioned Layout GAN for Automatic Graphic Design}}, 
	year={2021},
	volume={27},
	number={10},
	pages={4039-4048},
}
@InProceedings{read2020patil,
	author = {Patil, Akshay Gadi and Ben-Eliezer, Omri and Perel, Or and Averbuch-Elor, Hadar},
	title = {{READ: Recursive Autoencoders for Document Layout Generation}},
	booktitle = {CVPRW},
	month = {June},
	year = {2020}
}
@inproceedings{nauata2020house,
	title={{House-GAN: Relational Generative Adversarial Networks for Graph-Constrained House Layout Generation}},
	author={Nauata, Nelson and Chang, Kai-Hung and Cheng, Chin-Yi and Mori, Greg and Furukawa, Yasutaka},
	booktitle={ECCV},
	pages={162--177},
	year={2020},
	organization={Springer}
}
@InProceedings{layouttfpp2023jiang,
	author    = {Jiang, Zhaoyun and Guo, Jiaqi and et al.},
	title     = {{LayoutFormer++: Conditional Graphic Layout Generation via Constraint Serialization and Decoding Space Restriction}},
	booktitle = {CVPR},
	month     = {June},
	year      = {2023},
	pages     = {18403-18412}
}
@inproceedings{vit2021dosovitskiy,
	title={{An Image is Worth 16x16 Words: Transformers for Image Recognition at Scale}},
	author={Alexey Dosovitskiy and Lucas Beyer and et al.},
	booktitle={ICLR},
	year={2021},
}
@article{wang2022self,
	title={{Self-Instruct: Aligning language model with self generated instructions}},
	author={Wang, Yizhong and Kordi, Yeganeh and Mishra, Swaroop and Liu, Alisa and Smith, Noah A and Khashabi, Daniel and Hajishirzi, Hannaneh},
	journal={arXiv preprint arXiv:2212.10560},
	year={2022}
}
@article{phi12023gunasekar,
	title={{Textbooks Are All You Need}},
	author={Gunasekar, Suriya and Zhang, Yi and et al.},
	journal={arXiv preprint arXiv:2306.11644},
	year={2023}
}
@article{phi1.52023li,
	title={{Textbooks Are All You Need II: Phi-1.5 Technical Report}},
	author={Li, Yuanzhi and Bubeck, S{\'e}bastien and Eldan, Ronen and Del Giorno, Allie and Gunasekar, Suriya and Lee, Yin Tat},
	journal={arXiv preprint arXiv:2309.05463},
	year={2023}
}
@inproceedings{bpe2016rico,
	title={{Neural Machine Translation of Rare Words with Subword Units}},
	author={Rico Sennrich and Barry Haddow and Alexandra Birch},
	year={2016},
	month={Aug},
	day={12},
	volume={1: Long Papers},
	pages={1715--1725},
	booktitle={ACL},
}
@inproceedings{beam1994steinbisss,
	title={{Improvements in Beam Search}},
	author={Steinbiss, Volker and Tran, Bach-Hiep and Ney, Hermann},
	booktitle={ICSLP},
	year={1994}
}
@inproceedings{topp2020ari,
	title={{The Curious Case of Neural Text Degeneration}},
	author={Ari Holtzman and Jan Buys and Li Du and Maxwell Forbes and Yejin Choi},
	booktitle={ICLR},
	year={2020},
}
@inproceedings{topk2018fan,
	title = {{Hierarchical Neural Story Generation}},
	author = "Fan, Angela  and
	Lewis, Mike  and
	Dauphin, Yann",
	booktitle = {ACL},
	month = Jul,
	year = "2018",
	pages = "889--898",
}
@inproceedings{glipv22022zhang,
	author = {Zhang, Haotian and Zhang, Pengchuan and et al.},
	booktitle = {NeurIPS},
	pages = {36067--36080},
	title = {{GLIPv2: Unifying Localization and Vision-Language Understanding}},
	volume = {35},
	year = {2022}
}
@article{multinomial1968saul,
	author = {Saul Blumenthal},
	title = {{Multinomial Sampling With Partially Categorized Data}},
	journal = {Journal of the American Statistical Association},
	volume = {63},
	number = {322},
	pages = {542-551},
	year = {1968},
}
@inproceedings{fid2017heusel,
	author = {Heusel, Martin and Ramsauer, Hubert and Unterthiner, Thomas and Nessler, Bernhard and Hochreiter, Sepp},
	booktitle = {NeurIPS},
	pages = {},
	title = {{GANs Trained by a Two Time-Scale Update Rule Converge to a Local Nash Equilibrium}},
	pages={6629--6640},
	volume = {30},
	year = {2017}
}
@inproceedings{pytorch2019paszke,
	author = {Paszke, Adam and Gross, Sam and et al.},
	booktitle = {NeurIPS},
	pages = {8024--8035},
	title = {{PyTorch: An Imperative Style, High-Performance Deep Learning Library}},
	volume = {32},
	year = {2019}
}
@inproceedings{adamw2019loshchilov,
	title={{Decoupled Weight Decay Regularization}},
	author={Loshchilov, Ilya and Hutter, Frank},
	booktitle={ICLR},
	year={2018},
}
@inproceedings{deepspeed2020rasley,
	author = {Rasley, Jeff and Rajbhandari, Samyam and Ruwase, Olatunji and He, Yuxiong},
	title = {{DeepSpeed: System Optimizations Enable Training Deep Learning Models with Over 100 Billion Parameters}},
	year = {2020},
	booktitle = {KDD},
	pages = {3505â€“3506},
	numpages = {2},
}
@article{1_8ktasks2022chung,
	title={{Scaling Instruction-Finetuned Language Models}},
	author={Chung, Hyung Won and Hou, Le and et al.},
	journal={arXiv preprint arXiv:2210.11416},
	year={2022}
}
@article{chatgptmultitask2023qin,
	title={{Is ChatGPT a general-purpose natural language processing task solver?}},
	author={Qin, Chengwei and Zhang, Aston and Zhang, Zhuosheng and Chen, Jiaao and Yasunaga, Michihiro and Yang, Diyi},
	journal={arXiv preprint arXiv:2302.06476},
	year={2023}
}
@inproceedings{huggingface2020wolf,
	title = {{Transformers: State-of-the-Art Natural Language Processing}},
	author = {Wolf, Thomas and Debut, Lysandre and et al.},
	booktitle = {EMNLP},
	month = Oct,
	year = "2020",
	address = "Online",
	pages = "38--45",
}
@article{roberta2019liu,
	title={{RoBERTa: A Robustly Optimized BERT Pretraining Approach}},
	author={Liu, Yinhan and Ott, Myle and Goyal, Naman and Du, Jingfei and Joshi, Mandar and Chen, Danqi and Levy, Omer and Lewis, Mike and Zettlemoyer, Luke and Stoyanov, Veselin},
	journal={arXiv preprint arXiv:1907.11692},
	year={2019}
}
@inproceedings{ALBERT2020ICLR,
	title={{ALBERT: A Lite BERT for Self-supervised Learning of Language Representations}},
	author={Zhenzhong Lan and Mingda Chen and Sebastian Goodman and Kevin Gimpel and Piyush Sharma and Radu Soricut},
	booktitle={ICLR},
	year={2020},
}
@article{palm22023anil,
	title={{PaLM 2 Technical Report}},
	author={Anil, Rohan and Dai, Andrew M and et al.},
	journal={arXiv preprint arXiv:2305.10403},
	year={2023}
}
@article{palm2023akanksha,
	author  = {Aakanksha Chowdhery and Sharan Narang and et al.},
	title   = {{PaLM: Scaling Language Modeling with Pathways}},
	journal = {Journal of Machine Learning Research},
	year    = {2023},
	volume  = {24},
	number  = {240},
	pages   = {1--113},
}
@inproceedings{ELECTRA2020ICLR,
	title={{ELECTRA: Pre-training Text Encoders as Discriminators Rather than Generators}},
	author={Kevin Clark and Minh-Thang Luong and Quoc V. Le and Christopher D. Manning},
	booktitle={ICLR},
	year={2020},
}
@inproceedings{mt52021naacl,
	title = {{{m{T}5: A Massively Multilingual Pre-trained Text-To-Text Transformer}}},
	author = {Xue, Linting  and
	Constant, Noah  and
	Roberts, Adam  and
	Kale, Mihir  and
	Al-Rfou, Rami  and
	Siddhant, Aditya  and
	Barua, Aditya  and
	Raffel, Colin},
	booktitle = {NAACL},
	month = Jun,
	year = {2021},
	pages = {483--498},
}
@article{t52020jmlr,
	author = {Raffel, Colin and Shazeer, Noam and Roberts, Adam and Lee, Katherine and Narang, Sharan and Matena, Michael and Zhou, Yanqi and Li, Wei and Liu, Peter J.},
	title = {{Exploring the Limits of Transfer Learning with a Unified Text-to-Text Transformer}},
	year = {2020},
	volume = {21},
	number = {1},
	journal = {Journal of Machine Learning Research},
	month = {Jan},
	articleno = {140},
	numpages = {67},
}
@inproceedings{chatglm2022acl,
	title = {{{GLM}: General Language Model Pretraining with Autoregressive Blank Infilling}},
	author = "Du, Zhengxiao and
	Qian, Yujie and
	Liu, Xiao and
	Ding, Ming and
	Qiu, Jiezhong and
	Yang, Zhilin and
	Tang, Jie",
	booktitle = {ACL},
	month = May,
	year = "2022",
	pages = "320--335",
}
@inproceedings{causalreason2011aaai,
	title={{Choice of Plausible Alternatives: An Evaluation of Commonsense Causal Reasoning}},
	author={Roemmele, Melissa and Bejan, Cosmin Adrian and Gordon, Andrew S},
	booktitle={AAAI Spring Symposium Series},
	year={2011}
}
@inproceedings{levesque2012winograd,
	title={{The Winograd Schema Challenge}},
	author={Levesque, Hector and Davis, Ernest and Morgenstern, Leora},
	booktitle={KR},
	year={2012}
}
@inproceedings{nijkamp2023codegen,
	title={{CodeGen: An Open Large Language Model for Code with Multi-Turn Program Synthesis}},
	author={Erik Nijkamp and Bo Pang and Hiroaki Hayashi and Lifu Tu and Huan Wang and Yingbo Zhou and Silvio Savarese and Caiming Xiong},
	booktitle={ICLR},
	year={2023},
}
@inproceedings{spase2019haurilet,
	author = {Monica Haurilet, Ziad Al-Halah and Rainer Stiefelhagen},
	title = {{SPaSe - Multi-Label Page Segmentation for Presentation Slides}},
	year = {2019},
	booktitle = {WACV},
	month = {Jan},
}
@inproceedings{wise2019haurilet,
	author = {Monica Haurilet and Alina Roitberg and Manuel Martinez and Rainer Stiefelhagen},
	title = {{WiSe - Slide Segmentation in the Wild}},
	year = {2019},
	booktitle = {ICDAR},
	month = {Sep},
}
@InProceedings{coco2014eccv,
	author={Lin, Tsung-Yi and Maire, Michael and et al.},
	title={{Microsoft COCO: Common Objects in Context}},
	booktitle={ECCV},
	year="2014",
	pages="740--755",
}
@InProceedings{3dfront2021cvpr,
	author    = {Fu, Huan and Cai, Bowen and et al.},
	title     = {{3D-FRONT: 3D Furnished Rooms With Layouts and Semantics}},
	booktitle = {ICCV},
	month     = {October},
	year      = {2021},
	pages     = {10933-10942}
}
@inproceedings{layoutnuwa2024tang,
	title={{Layout{NUWA}: Revealing the Hidden Layout Expertise of Large Language Models}},
	author={Zecheng Tang and Chenfei Wu and Juntao Li and Nan Duan},
	booktitle={ICLR},
	year={2024},
}
@InProceedings{lin2023iccv,
	author    = {Lin, Jiawei and Guo, Jiaqi and Sun, Shizhao and Xu, Weijiang and Liu, Ting and Lou, Jian-Guang and Zhang, Dongmei},
	title     = {{A Parse-Then-Place Approach for Generating Graphic Layouts from Textual Descriptions}},
	booktitle = {ICCV},
	month     = {October},
	year      = {2023},
	pages     = {23622-23631}
}
@InProceedings{layoutdiff2023zhang,
	title={{LayoutDiffusion: Improving Graphic Layout Generation by Discrete Diffusion Probabilistic Models}},
	author={Zhang, Junyi and Guo, Jiaqi and Sun, Shizhao and Lou, Jian-Guang and Zhang, Dongmei},
	booktitle={ICCV},
	year={2023}
}
@InProceedings{layoutdm2023chai,
	author    = {Chai, Shang and Zhuang, Liansheng and Yan, Fengying},
	title     = {{LayoutDM: Transformer-Based Diffusion Model for Layout Generation}},
	booktitle = {CVPR},
	month     = {June},
	year      = {2023},
	pages     = {18349-18358}
}
@InProceedings{dlt2023levi,
	author    = {Levi, Elad and Brosh, Eli and Mykhailych, Mykola and Perez, Meir},
	title     = {{DLT: Conditioned layout generation with Joint Discrete-Continuous Diffusion Layout Transformer}},
	booktitle = {ICCV},
	month     = {October},
	year      = {2023},
	pages     = {2106-2115}
}
@article{codellmam2023roziere,
	title={{Code LLaMA: Open Foundation Models for Code}},
	author={Roziere, Baptiste and Gehring, Jonas and et al.},
	journal={arXiv preprint arXiv:2308.12950},
	year={2023}
}
@article{llama22023touvron,
	title={{LLaMA 2: Open Foundation and Fine-Tuned Chat Models}},
	author={Touvron, Hugo and Martin, Louis and et al.},
	journal={arXiv preprint arXiv:2307.09288},
	year={2023}
}
@inproceedings{convention2015donovan,
	author = {O'Donovan, Peter and Agarwala, Aseem and Hertzmann, Aaron},
	title = {{DesignScape: Design with Interactive Layout Suggestions}},
	year = {2015},
	booktitle = {CHI},
	pages = {1221â€“1224},
	numpages = {4},
}
@ARTICLE{convetion2014donovan,
	author={O'Donovan, Peter and Agarwala, Aseem and Hertzmann, Aaron},
	journal={IEEE Transactions on Visualization and Computer Graphics}, 
	title={{Learning Layouts for Single-PageGraphic Designs}}, 
	year={2014},
	volume={20},
	number={8},
	pages={1200-1213}
}
@inproceedings{bert2019devlin,
	title = {{BERT: Pre-training of Deep Bidirectional Transformers for Language Understanding}},
	author = {Devlin, Jacob  and
	Chang, Ming-Wei  and
	Lee, Kenton  and
	Toutanova, Kristina},
	booktitle = {NAACL},
	month = {Jun},
	year = {2019},
	pages = {4171--4186},
}
@article{zhang2023instruction,
	title={{Instruction Tuning for Large Language Models: A Survey}},
	author={Zhang, Shengyu and Dong, Linfeng and et al.},
	journal={arXiv preprint arXiv:2308.10792},
	year={2023}
}
@article{peng2023instruction,
	title={{Instruction Tuning with GPT-4}},
	author={Peng, Baolin and Li, Chunyuan and He, Pengcheng and Galley, Michel and Gao, Jianfeng},
	journal={arXiv preprint arXiv:2304.03277},
	year={2023}
}
@article{jin2023timeseries,
	title={{Large Models for Time Series and Spatio-Temporal Data: A Survey and Outlook}},
	author={Jin, Ming and Wen, Qingsong and et al.},
	journal={arXiv preprint arXiv:2310.10196},
	year={2023}
}
@ARTICLE{llmtimeseries2023hao,
	author={Xue, Hao and Salim, Flora D.},
	journal={IEEE Transactions on Knowledge and Data Engineering}, 
	title={{PromptCast: A New Prompt-Based Learning Paradigm for Time Series Forecasting}}, 
	year={2023},
	volume={},
	number={},
	pages={1-14}
}
@article{yu2023temporal,
	title={{Temporal Data Meets LLM--Explainable Financial Time Series Forecasting}},
	author={Yu, Xinli and Chen, Zheng and Ling, Yuan and Dong, Shujing and Liu, Zongyi and Lu, Yanbin},
	journal={arXiv preprint arXiv:2306.11025},
	year={2023}
}
@article{qwen1.52024bai,
	title={{Qwen Technical Report}},
	author={Jinze, Bai and Shuai, Bai and et al.},
	journal={arXiv preprint arXiv:2309.16609},
	year={2023}
}
@article{qwen22024yang,
	title={{Qwen2 Technical Report}},
	author={Yang, An and Yang, Baosong and et al.},
	journal={arXiv preprint arXiv:2407.10671},
	year={2024}
}
@inproceedings{seq2seq2014nips,
	author = {Sutskever, Ilya and Vinyals, Oriol and Le, Quoc V},
	booktitle = {NeurIPS},
	title = {{Sequence to Sequence Learning with Neural Networks}},
	volume = {27},
	year = {2014}
}
@article{tinyllama2024zhang,
	title={{TinyLLaMA: An Open-Source Small Language Model}},
	author={Zhang, Peiyuan and Zeng, Guangtao and Wang, Tianduo and Lu, Wei},
	journal={arXiv preprint arXiv:2401.02385},
	year={2024}
}
@misc{nsfw,
	title={{NSFW-3B: A Dark, Unrestricted AI Model}},
	author={UnfilteredAI},
	year={2024},
	url = {https://huggingface.co/UnfilteredAI}
}
@article{llama3modelcard,
	title={{LLaMA 3 Model Card}},
	author={AI@Meta},
	year={2024},
	url = {https://github.com/meta-llama/llama3/blob/main/MODEL_CARD.md}
}
@inproceedings{lora2022hu,
	title={{Lo{RA}: Low-Rank Adaptation of Large Language Models}},
	author={Edward J Hu and yelong shen and Phillip Wallis and Zeyuan Allen-Zhu and Yuanzhi Li and Shean Wang and Lu Wang and Weizhu Chen},
	booktitle={ICLR},
	year={2022},
}
@InProceedings{contentaware2024cvpr,
	author    = {Horita, Daichi and Inoue, Naoto and Kikuchi, Kotaro and Yamaguchi, Kota and Aizawa, Kiyoharu},
	title     = {{Retrieval-Augmented Layout Transformer for Content-Aware Layout Generation}},
	booktitle = {CVPR},
	month     = {June},
	year      = {2024},
	pages     = {67-76}
}
@article{llama32024dubey,
	title={{The LLaMA 3 Herd of Models}},
	author={Dubey, Abhimanyu and Jauhri, Abhinav and Pandey, Abhinav and Kadian, Abhishek and Al-Dahle, Ahmad and Letman, Aiesha and Mathur, Akhil and Schelten, Alan and Yang, Amy and Fan, Angela and others},
	journal={arXiv preprint arXiv:2407.21783},
	year={2024}
}
@inproceedings{gqa2023ainslie,
	title = {{{GQA}: Training Generalized Multi-Query Transformer Models from Multi-Head Checkpoints}},
	author = {Ainslie, Joshua  and
	Lee-Thorp, James  and
	de Jong, Michiel  and
	Zemlyanskiy, Yury  and
	Lebron, Federico  and
	Sanghai, Sumit},
	booktitle = {EMNLP},
	month = dec,
	year = "2023",
	pages = "4895--4901",
}
@article{rope2024su,
	title = {{RoFormer: Enhanced transformer with Rotary Position Embedding}},
	journal = {Neurocomputing},
	volume = {568},
	pages = {127063},
	year = {2024},
	author = {Jianlin Su and Murtadha Ahmed and Yu Lu and Shengfeng Pan and Wen Bo and Yunfeng Liu},
}
@inproceedings{rmsnorm2019zhang,
	author = {Zhang, Biao and Sennrich, Rico},
	booktitle = {Advances in Neural Information Processing Systems},
	title = {{Root Mean Square Layer Normalization}},
	volume = {32},
	year = {2019}
}