@inproceedings{Feng_2022, series={EC ’22},
   title={Bias-Variance Games},
   url={http://dx.doi.org/10.1145/3490486.3538248},
   DOI={10.1145/3490486.3538248},
   booktitle={Proceedings of the 23rd ACM Conference on Economics and Computation},
   publisher={ACM},
   author={Feng, Yiding and Gradwohl, Ronen and Hartline, Jason and Johnsen, Aleck and Nekipelov, Denis},
   year={2022},
   month=jul, collection={EC ’22} }

@article{ben2017best,
  title={Best response regression},
  author={Ben-Porat, Omer and Tennenholtz, Moshe},
  journal={Advances in Neural Information Processing Systems},
  volume={30},
  year={2017}
}

@inproceedings{ben2019regression,
  title={Regression equilibrium},
  author={Ben-Porat, Omer and Tennenholtz, Moshe},
  booktitle={Proceedings of the 2019 ACM Conference on Economics and Computation},
  pages={173--191},
  year={2019}
}

@inproceedings{chen2025strategic,
title={Strategic Classification With Externalities},
author={Chen, Yiling and Hossain, Safwan and Micha, Evi and Procaccia, Ariel},
booktitle={The Thirteenth International Conference on Learning Representations},
year={2025},
url={https://openreview.net/forum?id=o6CXkEEttn}
}

@inproceedings{ginart2021competing,
  title={Competing AI: How does competition feedback affect machine learning?},
  author={Ginart, Tony and Zhang, Eva and Kwon, Yongchan and Zou, James},
  booktitle={International Conference on Artificial Intelligence and Statistics},
  pages={1693--1701},
  year={2021},
  organization={PMLR}
}

@inproceedings{hardt2016strategic,
  title={Strategic classification},
  author={Hardt, Moritz and Megiddo, Nimrod and Papadimitriou, Christos and Wootters, Mary},
  booktitle={Proceedings of the 2016 ACM conference on innovations in theoretical computer science},
  pages={111--122},
  year={2016}
}

@article{horowitz2024classification,
  title={Classification Under Strategic Self-Selection},
  author={Horowitz, Guy and Sommer, Yonatan and Koren, Moran and Rosenfeld, Nir},
  journal={arXiv preprint arXiv:2402.15274},
  year={2024}
}

@article{jagadeesan2024improved,
  title={Improved bayes risk can yield reduced social welfare under competition},
  author={Jagadeesan, Meena and Jordan, Michael and Steinhardt, Jacob and Haghtalab, Nika},
  journal={Advances in Neural Information Processing Systems},
  volume={36},
  year={2024}
}

@article{koren2023gatekeeper,
  title={The Gatekeeper Effect: The Implications of Pre-Screening, Self-selection, and Bias for Hiring Processes},
  author={Koren, Moran},
  journal={arXiv preprint arXiv:2312.17167},
  year={2023}
}

@inproceedings{levanon2021strategic,
  title={Strategic classification made practical},
  author={Levanon, Sagi and Rosenfeld, Nir},
  booktitle={International Conference on Machine Learning},
  pages={6243--6253},
  year={2021},
  organization={PMLR}
}

@inproceedings{perdomo2020performative,
  title={Performative prediction},
  author={Perdomo, Juan and Zrnic, Tijana and Mendler-D{\"u}nner, Celestine and Hardt, Moritz},
  booktitle={International Conference on Machine Learning},
  pages={7599--7609},
  year={2020},
  organization={PMLR}
}

@InProceedings{pmlr-v235-su24a,
  title = 	 {Learning from Streaming Data when Users Choose},
  author =       {Su, Jinyan and Dean, Sarah},
  booktitle = 	 {Proceedings of the 41st International Conference on Machine Learning},
  pages = 	 {46772--46803},
  year = 	 {2024},
  editor = 	 {Salakhutdinov, Ruslan and Kolter, Zico and Heller, Katherine and Weller, Adrian and Oliver, Nuria and Scarlett, Jonathan and Berkenkamp, Felix},
  volume = 	 {235},
  series = 	 {Proceedings of Machine Learning Research},
  month = 	 {21--27 Jul},
  publisher =    {PMLR},
  pdf = 	 {https://raw.githubusercontent.com/mlresearch/v235/main/assets/su24a/su24a.pdf},
  url = 	 {https://proceedings.mlr.press/v235/su24a.html},
  abstract = 	 {In digital rld data.}
}

@InProceedings{pmlr-v238-dean24a,
  title = 	 {Emergent specialization from participation dynamics and multi-learner retraining},
  author =       {Dean, Sarah and Curmei, Mihaela and Ratliff, Lillian and Morgenstern, Jamie and Fazel, Maryam},
  booktitle = 	 {Proceedings of The 27th International Conference on Artificial Intelligence and Statistics},
  pages = 	 {343--351},
  year = 	 {2024},
  editor = 	 {Dasgupta, Sanjoy and Mandt, Stephan and Li, Yingzhen},
  volume = 	 {238},
  series = 	 {Proceedings of Machine Learning Research},
  month = 	 {02--04 May},
  publisher =    {PMLR},
  pdf = 	 {https://proceedings.mlr.press/v238/dean24a/dean24a.pdf},
  url = 	 {https://proceedings.mlr.press/v238/dean24a.html},
  abstract = 	 {Ninitialized from real data.}
}

@inproceedings{yao2023bad,
  title={How Bad is Top-$ K $ Recommendation under Competing Content Creators?},
  author={Yao, Fan and Li, Chuanhao and Nekipelov, Denis and Wang, Hongning and Xu, Haifeng},
  booktitle={International Conference on Machine Learning},
  pages={39674--39701},
  year={2023},
  organization={PMLR}
}

@article{yao2024rethinking,
  title={Rethinking incentives in recommender systems: are monotone rewards always beneficial?},
  author={Yao, Fan and Li, Chuanhao and Sankararaman, Karthik Abinav and Liao, Yiming and Zhu, Yan and Wang, Qifan and Wang, Hongning and Xu, Haifeng},
  journal={Advances in Neural Information Processing Systems},
  volume={36},
  year={2024}
}

@inproceedings{yao2024user,
  title={User welfare optimization in recommender systems with competing content creators},
  author={Yao, Fan and Liao, Yiming and Wu, Mingzhe and Li, Chuanhao and Zhu, Yan and Yang, James and Liu, Jingzhou and Wang, Qifan and Xu, Haifeng and Wang, Hongning},
  booktitle={Proceedings of the 30th ACM SIGKDD Conference on Knowledge Discovery and Data Mining},
  pages={3874--3885},
  year={2024}
}

