@article{park2019specaugment,
  title={Specaugment: A simple data augmentation method for automatic speech recognition},
  author={Park, Daniel S and Chan, William and Zhang, Yu and Chiu, Chung-Cheng and Zoph, Barret and Cubuk, Ekin D and Le, Quoc V},
  journal={arXiv preprint arXiv:1904.08779},
  year={2019}
}

@inproceedings{meng2021mixspeech,
  title={Mixspeech: Data augmentation for low-resource automatic speech recognition},
  author={Meng, Linghui and Xu, Jin and Tan, Xu and Wang, Jindong and Qin, Tao and Xu, Bo},
  booktitle={ICASSP 2021-2021 IEEE International Conference on Acoustics, Speech and Signal Processing (ICASSP)},
  pages={7008--7012},
  year={2021},
  organization={IEEE}
}
@article{kashiwagi2024rapid,
  title={Rapid Language Adaptation for Multilingual E2E Speech Recognition Using Encoder Prompting},
  author={Kashiwagi, Yosuke and Futami, Hayato and Tsunoo, Emiru and Arora, Siddhant and Watanabe, Shinji},
  journal={arXiv preprint arXiv:2406.12611},
  year={2024}
}

@article{mussakhojayeva2023multilingual,
  title={Multilingual speech recognition for Turkic languages},
  author={Mussakhojayeva, Saida and Dauletbek, Kaisar and Yeshpanov, Rustem and Varol, Huseyin Atakan},
  journal={Information},
  volume={14},
  number={2},
  pages={74},
  year={2023},
  publisher={MDPI}
}

@article{bartelds2023making,
  title={Making more of little data: Improving low-resource automatic speech recognition using data augmentation},
  author={Bartelds, Martijn and San, Nay and McDonnell, Bradley and Jurafsky, Dan and Wieling, Martijn},
  journal={arXiv preprint arXiv:2305.10951},
  year={2023}
}

@inproceedings{gulli2024fine,
  title={Fine-Tuning a Pre-Trained Wav2Vec2 Model for Automatic Speech Recognition-Experiments with De Zahrar Sproche},
  author={Gulli, Andrea and Costantini, Francesco and Sidraschi, Diego and Destri, Emanuela Li},
  booktitle={Proceedings of the 2024 Joint International Conference on Computational Linguistics, Language Resources and Evaluation (LREC-COLING 2024)},
  pages={7336--7342},
  year={2024}
}


@article{mak2024exploring,
  title={Exploring ASR fine-tuning on limited domain-specific data for low-resource languages},
  author={Mak, Franco and Govender, Avashna and Badenhorst, Jaco},
  journal={Journal of the Digital Humanities Association of Southern Africa},
  volume={5},
  number={1},
  year={2024}
}

@article{liu2024exploration,
  title={Exploration of Whisper fine-tuning strategies for low-resource ASR},
  author={Liu, Yunpeng and Yang, Xukui and Qu, Dan},
  journal={EURASIP Journal on Audio, Speech, and Music Processing},
  volume={2024},
  number={1},
  pages={29},
  year={2024},
  publisher={Springer}
}


@inproceedings{singh2022improved,
  title={Improved meta learning for low resource speech recognition},
  author={Singh, Satwinder and Wang, Ruili and Hou, Feng},
  booktitle={ICASSP 2022-2022 IEEE International Conference on Acoustics, Speech and Signal Processing (ICASSP)},
  pages={4798--4802},
  year={2022},
  organization={IEEE}
}





@article{babu2021xls,
  title={XLS-R: Self-supervised cross-lingual speech representation learning at scale},
  author={Babu, Arun and Wang, Changhan and Tjandra, Andros and Lakhotia, Kushal and Xu, Qiantong and Goyal, Naman and Singh, Kritika and Von Platen, Patrick and Saraf, Yatharth and Pino, Juan and others},
  journal={arXiv preprint arXiv:2111.09296},
  year={2021}
}




@inproceedings{chen2024meta,
  title={Meta-Adapter for Self-Supervised Speech Models: A Solution to Low-Resource Speech Recognition Challenges},
  author={Chen, Yaqi and Zhang, Hao and Yang, Xukui and Zhang, Wenlin and Qu, Dan},
  booktitle={Proceedings of the 2024 Joint International Conference on Computational Linguistics, Language Resources and Evaluation (LREC-COLING 2024)},
  pages={11215--11221},
  year={2024}
}

@article{bai2024efficient,
  title={Efficient Adapter Finetuning for Tail Languages in Streaming Multilingual ASR},
  author={Bai, Junwen and Li, Bo and Li, Qiujia and Sainath, Tara N and Strohman, Trevor},
  journal={arXiv preprint arXiv:2401.08992},
  year={2024}
}


@inproceedings{khassanov2024extending,
  title={Extending Multilingual ASR to New Languages Using Supplementary Encoder and Decoder Components},
  author={Khassanov, Yerbolat and Chen, Zhipeng and Chen, Tianfeng and Chong, Tze Yuang and Li, Wei and Lu, Lu and Ma, Zejun},
  booktitle={ICASSP 2024-2024 IEEE International Conference on Acoustics, Speech and Signal Processing (ICASSP)},
  pages={10586--10590},
  year={2024},
  organization={IEEE}
}

@article{kulkarni2023adapting,
  title={Adapting the adapters for code-switching in multilingual ASR},
  author={Kulkarni, Atharva and Kulkarni, Ajinkya and Couceiro, Miguel and Aldarmaki, Hanan},
  journal={arXiv preprint arXiv:2310.07423},
  year={2023}
}


@article{zhang2022streaming,
  title={Streaming end-to-end multilingual speech recognition with joint language identification},
  author={Zhang, Chao and Li, Bo and Sainath, Tara and Strohman, Trevor and Mavandadi, Sepand and Chang, Shuo-Yiin and Haghani, Parisa},
  journal={arXiv preprint arXiv:2209.06058},
  year={2022}
}


@inproceedings{zhou2022configurable,
  title={A configurable multilingual model is all you need to recognize all languages},
  author={Zhou, Long and Li, Jinyu and Sun, Eric and Liu, Shujie},
  booktitle={ICASSP 2022-2022 IEEE International Conference on Acoustics, Speech and Signal Processing (ICASSP)},
  pages={6422--6426},
  year={2022},
  organization={IEEE}
}


@article{watanabe2017hybrid,
  title={Hybrid CTC/attention architecture for end-to-end speech recognition},
  author={Watanabe, Shinji and Hori, Takaaki and Kim, Suyoun and Hershey, John R and Hayashi, Tomoki},
  journal={IEEE Journal of Selected Topics in Signal Processing},
  volume={11},
  number={8},
  pages={1240--1253},
  year={2017},
  publisher={IEEE}
}

@article{graves2012connectionist,
  title={Connectionist temporal classification},
  author={Graves, Alex and Graves, Alex},
  journal={Supervised sequence labelling with recurrent neural networks},
  pages={61--93},
  year={2012},
  publisher={Springer}
}

@inproceedings{kwon2023mole,
  title={Mole: Mixture of language experts for multi-lingual automatic speech recognition},
  author={Kwon, Yoohwan and Chung, Soo-Whan},
  booktitle={ICASSP 2023-2023 IEEE International Conference on Acoustics, Speech and Signal Processing (ICASSP)},
  pages={1--5},
  year={2023},
  organization={IEEE}
}



@inproceedings{you2022speechmoe2,
  title={Speechmoe2: Mixture-of-experts model with improved routing},
  author={You, Zhao and Feng, Shulin and Su, Dan and Yu, Dong},
  booktitle={ICASSP 2022-2022 IEEE International Conference on Acoustics, Speech and Signal Processing (ICASSP)},
  pages={7217--7221},
  year={2022},
  organization={IEEE}
}


@article{fedus2022switch,
  title={Switch transformers: Scaling to trillion parameter models with simple and efficient sparsity},
  author={Fedus, William and Zoph, Barret and Shazeer, Noam},
  journal={Journal of Machine Learning Research},
  volume={23},
  number={120},
  pages={1--39},
  year={2022}
}


@inproceedings{thomas2022efficient,
  title={Efficient adapter transfer of self-supervised speech models for automatic speech recognition},
  author={Thomas, Bethan and Kessler, Samuel and Karout, Salah},
  booktitle={ICASSP 2022-2022 IEEE International Conference on Acoustics, Speech and Signal Processing (ICASSP)},
  pages={7102--7106},
  year={2022},
  organization={IEEE}
}


@inproceedings{chen2023improving,
  title={Improving massively multilingual ASR with auxiliary CTC objectives},
  author={Chen, William and Yan, Brian and Shi, Jiatong and Peng, Yifan and Maiti, Soumi and Watanabe, Shinji},
  booktitle={ICASSP 2023-2023 IEEE International Conference on Acoustics, Speech and Signal Processing (ICASSP)},
  pages={1--5},
  year={2023},
  organization={IEEE}
}

@article{pratap2024scaling,
  title={Scaling speech technology to 1,000+ languages},
  author={Pratap, Vineel and Tjandra, Andros and Shi, Bowen and Tomasello, Paden and Babu, Arun and Kundu, Sayani and Elkahky, Ali and Ni, Zhaoheng and Vyas, Apoorv and Fazel-Zarandi, Maryam and others},
  journal={Journal of Machine Learning Research},
  volume={25},
  number={97},
  pages={1--52},
  year={2024}
}





@article{baevski2020wav2vec,
  title={wav2vec 2.0: A framework for self-supervised learning of speech representations},
  author={Baevski, Alexei and Zhou, Yuhao and Mohamed, Abdelrahman and Auli, Michael},
  journal={Advances in neural information processing systems},
  volume={33},
  pages={12449--12460},
  year={2020}
}





@article{hou2021exploiting,
  title={Exploiting adapters for cross-lingual low-resource speech recognition},
  author={Hou, Wenxin and Zhu, Han and Wang, Yidong and Wang, Jindong and Qin, Tao and Xu, Renjun and Shinozaki, Takahiro},
  journal={IEEE/ACM Transactions on Audio, Speech, and Language Processing},
  volume={30},
  pages={317--329},
  year={2021},
  publisher={IEEE}
}

@InProceedings{C2,
  author = 	 "Jones, C.D. and Smith, A.B. and Roberts, E.F.",
  title =        "Article Title",
  booktitle =        "Proceedings Title",
  organization = "IEEE",
  year = 	 "2003",
  volume = 	 "II",
  pages = 	 "803-806"
}



@inproceedings{hsu2020meta,
  title={Meta learning for end-to-end low-resource speech recognition},
  author={Hsu, Jui-Yang and Chen, Yuan-Jui and Lee, Hung-yi},
  booktitle={ICASSP 2020-2020 IEEE International Conference on Acoustics, Speech and Signal Processing (ICASSP)},
  pages={7844--7848},
  year={2020},
  organization={IEEE}
}

@inproceedings{waters2019leveraging,
  title={Leveraging language id in multilingual end-to-end speech recognition},
  author={Waters, Austin and Gaur, Neeraj and Haghani, Parisa and Moreno, Pedro and Qu, Zhongdi},
  booktitle={2019 IEEE Automatic Speech Recognition and Understanding Workshop (ASRU)},
  pages={928--935},
  year={2019},
  organization={IEEE}
}


@article{wichmann2010evaluating,
  title={Evaluating linguistic distance measures},
  author={Wichmann, S{\o}ren and Holman, Eric W and Bakker, Dik and Brown, Cecil H},
  journal={Physica A: Statistical Mechanics and its Applications},
  volume={389},
  number={17},
  pages={3632--3639},
  year={2010},
  publisher={Elsevier}
}

@inproceedings{commonvoice:2020,
  author = {Ardila, R. and Branson, M. and Davis, K. and Henretty, M. and Kohler, M. and Meyer, J. and Morais, R. and Saunders, L. and Tyers, F. M. and Weber, G.},
  title = {Common Voice: A Massively-Multilingual Speech Corpus},
  booktitle = {Proceedings of the 12th Conference on Language Resources and Evaluation (LREC 2020)},
  pages = {4211--4215},
  year = 2020
}


@inproceedings{zhou2022configurable,
  title={A configurable multilingual model is all you need to recognize all languages},
  author={Zhou, Long and Li, Jinyu and Sun, Eric and Liu, Shujie},
  booktitle={ICASSP 2022-2022 IEEE International Conference on Acoustics, Speech and Signal Processing (ICASSP)},
  pages={6422--6426},
  year={2022},
  organization={IEEE}
}




@article{de2021adapting,
  title={Adapting monolingual models: Data can be scarce when language similarity is high},
  author={De Vries, Wietse and Bartelds, Martijn and Nissim, Malvina and Wieling, Martijn},
  journal={arXiv preprint arXiv:2105.02855},
  year={2021}
}

@inproceedings{wieling2023spraaklab,
  title={SPRAAKLAB: a mobile laboratory for collecting speech production data},
  author={Wieling, Martijn and Rebernik, Teja and Jacobi, Jidde},
  booktitle={Proceedings of the 20th International Congress of Phonetic Sciences},
  pages={2060--2064},
  year={2023},
  organization={Guarant International}
}

@inproceedings{conneau2023fleurs,
  title={Fleurs: Few-shot learning evaluation of universal representations of speech},
  author={Conneau, Alexis and Ma, Min and Khanuja, Simran and Zhang, Yu and Axelrod, Vera and Dalmia, Siddharth and Riesa, Jason and Rivera, Clara and Bapna, Ankur},
  booktitle={2022 IEEE Spoken Language Technology Workshop (SLT)},
  pages={798--805},
  year={2023},
  organization={IEEE}
}


@inproceedings{niesler2006language,
  title={Language identification and multilingual speech recognition using discriminatively trained acoustic models},
  author={Niesler, Thomas and Willett, Daniel},
  booktitle={Multilingual speech and language processing},
  year={2006}
}




@inproceedings{liu2023hierarchical,
  title={Hierarchical softmax for end-to-end low-resource multilingual speech recognition},
  author={Liu, Qianying and Gong, Zhuo and Yang, Zhengdong and Yang, Yuhang and Li, Sheng and Ding, Chenchen and Minematsu, Nobuaki and Huang, Hao and Cheng, Fei and Chu, Chenhui and others},
  booktitle={ICASSP 2023-2023 IEEE International Conference on Acoustics, Speech and Signal Processing (ICASSP)},
  pages={1--5},
  year={2023},
  organization={IEEE}
}


@article{heeringa2005dialect,
  title={Dialect variation in and around Frisia; classification and relationships},
  author={Heeringa, Wilbert},
  journal={Us Wurk},
  volume={54},
  number={3-4},
  pages={125--167},
  year={2005}
}


@article{yadav2022survey,
  title={A survey of multilingual models for automatic speech recognition},
  author={Yadav, Hemant and Sitaram, Sunayana},
  journal={arXiv preprint arXiv:2202.12576},
  year={2022}
}

@inproceedings{chung2021w2v,
  title={W2v-bert: Combining contrastive learning and masked language modeling for self-supervised speech pre-training},
  author={Chung, Yu-An and Zhang, Yu and Han, Wei and Chiu, Chung-Cheng and Qin, James and Pang, Ruoming and Wu, Yonghui},
  booktitle={2021 IEEE Automatic Speech Recognition and Understanding Workshop (ASRU)},
  pages={244--250},
  year={2021},
  organization={IEEE}
}


@article{bapna2022mslam,
  title={mslam: Massively multilingual joint pre-training for speech and text},
  author={Bapna, Ankur and Cherry, Colin and Zhang, Yu and Jia, Ye and Johnson, Melvin and Cheng, Yong and Khanuja, Simran and Riesa, Jason and Conneau, Alexis},
  journal={arXiv preprint arXiv:2202.01374},
  year={2022}
}

@inproceedings{yang2023learning,
  title={Learning asr pathways: A sparse multilingual asr model},
  author={Yang, Mu and Tjandra, Andros and Liu, Chunxi and Zhang, David and Le, Duc and Kalinli, Ozlem},
  booktitle={ICASSP 2023-2023 IEEE International Conference on Acoustics, Speech and Signal Processing (ICASSP)},
  pages={1--5},
  year={2023},
  organization={IEEE}
}


@article{vaswani2017attention,
  title={Attention is all you need},
  author={Vaswani, A},
  journal={Advances in Neural Information Processing Systems},
  year={2017}
}