
% Journals

% First the Full Name is given, then the abbreviation used in the AMS Math
% Reviews, with an indication if it could not be found there.
% Note the 2nd overwrites the 1st, so swap them if you want the full name.

 %{AMS}
 @String{AMSTrans = "American Mathematical Society Translations" }
 @String{AMSTrans = "Amer. Math. Soc. Transl." }
 @String{BullAMS = "Bulletin of the American Mathematical Society" }
 @String{BullAMS = "Bull. Amer. Math. Soc." }
 @String{ProcAMS = "Proceedings of the American Mathematical Society" }
 @String{ProcAMS = "Proc. Amer. Math. Soc." }
 @String{TransAMS = "Transactions of the American Mathematical Society" }
 @String{TransAMS = "Trans. Amer. Math. Soc." }

 %ACM
 @String{CACM = "Communications of the {ACM}" }
 @String{CACM = "Commun. {ACM}" }
 @String{CompServ = "Comput. Surveys" }
 @String{JACM = "J. ACM" }
 @String{ACMMathSoft = "{ACM} Transactions on Mathematical Software" }
 @String{ACMMathSoft = "{ACM} Trans. Math. Software" }
 @String{SIGNUM = "{ACM} {SIGNUM} Newsletter" }
 @String{SIGNUM = "{ACM} {SIGNUM} Newslett." }

 @String{AmerSocio = "American Journal of Sociology" }
 @String{AmerStatAssoc = "Journal of the American Statistical Association" }
 @String{AmerStatAssoc = "J. Amer. Statist. Assoc." }
 @String{ApplMathComp = "Applied Mathematics and Computation" }
 @String{ApplMathComp = "Appl. Math. Comput." }
 @String{AmerMathMonthly = "American Mathematical Monthly" }
 @String{AmerMathMonthly = "Amer. Math. Monthly" }
 @String{BIT = "{BIT}" }
 @String{BritStatPsych = "British Journal of Mathematical and Statistical
          Psychology" }
 @String{BritStatPsych = "Brit. J. Math. Statist. Psych." }
 @String{CanMathBull = "Canadian Mathematical Bulletin" }
 @String{CanMathBull = "Canad. Math. Bull." }
 @String{CompApplMath = "Journal of Computational and Applied Mathematics" }
 @String{CompApplMath = "J. Comput. Appl. Math." }
 @String{CompPhys = "Journal of Computational Physics" }
 @String{CompPhys = "J. Comput. Phys." }
 @String{CompStruct = "Computers and Structures" }
 @String{CompStruct = "Comput. \& Structures" }
 @String{CompJour = "The Computer Journal" }
 @String{CompJour = "Comput. J." }
 @String{CompSysSci = "Journal of Computer and System Sciences" }
 @String{CompSysSci = "J. Comput. System Sci." }
 @String{Computing = "Computing" }
 @String{ContempMath = "Contemporary Mathematics" }
 @String{ContempMath = "Contemp. Math." }
 @String{Crelle = "Crelle's Journal" }
 @String{GiornaleMath = "Giornale di Mathematiche" }
 @String{GiornaleMath = "Giorn. Mat." } % didn't find in AMS MR., ibid.

 %IEEE
 @String{Computer = "{IEEE} Computer" }
 @String{IEEETransComp = "{IEEE} Transactions on Computers" }
 @String{IEEETransComp = "{IEEE} Trans. Comput." }
 @String{IEEETransAC = "{IEEE} Transactions on Automatic Control" }
 @String{IEEETransAC = "{IEEE} Trans. Automat. Control" }
 @String{IEEESpec = "{IEEE} Spectrum" } % didn't find in AMS MR
 @String{ProcIEEE = "Proceedings of the {IEEE}" }
 @String{ProcIEEE = "Proc. {IEEE}" } % didn't find in AMS MR
 @String{IEEETransAeroElec = "{IEEE} Transactions on Aerospace and Electronic
     Systems" }
 @String{IEEETransAeroElec = "{IEEE} Trans. Aerospace Electron. Systems" }

 @String{IMANumerAna = "{IMA} Journal of Numerical Analysis" }
 @String{IMANumerAna = "{IMA} J. Numer. Anal." }
 @String{InfProcLet = "Information Processing Letters" }
 @String{InfProcLet = "Inform. Process. Lett." }
 @String{InstMathApp = "Journal of the Institute of Mathematics and
     its Applications" }
 @String{InstMathApp = "J. Inst. Math. Appl." }
 @String{IntControl = "International Journal of Control" }
 @String{IntControl = "Internat. J. Control" }
 @String{IntNumerEng = "International Journal for Numerical Methods in
     Engineering" }
 @String{IntNumerEng = "Internat. J. Numer. Methods Engrg." }
 @String{IntSuper = "International Journal of Supercomputing Applications" }
 @String{IntSuper = "Internat. J. Supercomputing Applic." } % didn't find
%% in AMS MR
 @String{Kibernetika = "Kibernetika" }
 @String{JResNatBurStand = "Journal of Research of the National Bureau
     of Standards" }
 @String{JResNatBurStand = "J. Res. Nat. Bur. Standards" }
 @String{LinAlgApp = "Linear Algebra and its Applications" }
 @String{LinAlgApp = "Linear Algebra Appl." }
 @String{MathAnaAppl = "Journal of Mathematical Analysis and Applications" }
 @String{MathAnaAppl = "J. Math. Anal. Appl." }
 @String{MathAnnalen = "Mathematische Annalen" }
 @String{MathAnnalen = "Math. Ann." }
 @String{MathPhys = "Journal of Mathematical Physics" }
 @String{MathPhys = "J. Math. Phys." }
 @String{MathComp = "Mathematics of Computation" }
 @String{MathComp = "Math. Comp." }
 @String{MathScand = "Mathematica Scandinavica" }
 @String{MathScand = "Math. Scand." }
 @String{TablesAidsComp = "Mathematical Tables and Other Aids to Computation" }
 @String{TablesAidsComp = "Math. Tables Aids Comput." }
 @String{NumerMath = "Numerische Mathematik" }
 @String{NumerMath = "Numer. Math." }
 @String{PacificMath = "Pacific Journal of Mathematics" }
 @String{PacificMath = "Pacific J. Math." }
 @String{ParDistComp = "Journal of Parallel and Distributed Computing" }
 @String{ParDistComp = "J. Parallel and Distrib. Comput." } % didn't find
%% in AMS MR
 @String{ParComputing = "Parallel Computing" }
 @String{ParComputing = "Parallel Comput." }
 @String{PhilMag = "Philosophical Magazine" }
 @String{PhilMag = "Philos. Mag." }
 @String{ProcNAS = "Proceedings of the National Academy of Sciences
                    of the USA" }
 @String{ProcNAS = "Proc. Nat. Acad. Sci. U. S. A." }
 @String{Psychometrika = "Psychometrika" }
 @String{QuartMath = "Quarterly Journal of Mathematics, Oxford, Series (2)" }
 @String{QuartMath = "Quart. J. Math. Oxford Ser. (2)" }
 @String{QuartApplMath = "Quarterly of Applied Mathematics" }
 @String{QuartApplMath = "Quart. Appl. Math." }
 @String{RevueInstStat = "Review of the International Statisical Institute" }
 @String{RevueInstStat = "Rev. Inst. Internat. Statist." }

 %SIAM
 @String{JSIAM = "Journal of the Society for Industrial and Applied
     Mathematics" }
 @String{JSIAM = "J. Soc. Indust. Appl. Math." }
 @String{JSIAMB = "Journal of the Society for Industrial and Applied
     Mathematics, Series B, Numerical Analysis" }
 @String{JSIAMB = "J. Soc. Indust. Appl. Math. Ser. B Numer. Anal." }
 @String{SIAMAlgMeth = "{SIAM} Journal on Algebraic and Discrete Methods" }
 @String{SIAMAlgMeth = "{SIAM} J. Algebraic Discrete Methods" }
 @String{SIAMAppMath = "{SIAM} Journal on Applied Mathematics" }
 @String{SIAMAppMath = "{SIAM} J. Appl. Math." }
 @String{SIAMComp = "{SIAM} Journal on Computing" }
 @String{SIAMComp = "{SIAM} J. Comput." }
 @String{SIAMMatrix = "{SIAM} Journal on Matrix Analysis and Applications" }
 @String{SIAMMatrix = "{SIAM} J. Matrix Anal. Appl." }
 @String{SIAMNumAnal = "{SIAM} Journal on Numerical Analysis" }
 @String{SIAMNumAnal = "{SIAM} J. Numer. Anal." }
 @String{SIAMReview = "{SIAM} Review" }
 @String{SIAMReview = "{SIAM} Rev." }
 @String{SIAMSciStat = "{SIAM} Journal on Scientific and Statistical
     Computing" }
 @String{SIAMSciStat = "{SIAM} J. Sci. Statist. Comput." }

 @String{SoftPracExp = "Software Practice and Experience" }
 @String{SoftPracExp = "Software Prac. Experience" } % didn't find in AMS MR
 @String{StatScience = "Statistical Science" }
 @String{StatScience = "Statist. Sci." }
 @String{Techno = "Technometrics" }
 @String{USSRCompMathPhys = "{USSR} Computational Mathematics and Mathematical
     Physics" }
 @String{USSRCompMathPhys = "{U. S. S. R.} Comput. Math. and Math. Phys." }
 @String{VLSICompSys = "Journal of {VLSI} and Computer Systems" }
 @String{VLSICompSys = "J. {VLSI} Comput. Syst." }
 @String{ZAngewMathMech = "Zeitschrift fur Angewandte Mathematik und
     Mechanik" }
 @String{ZAngewMathMech = "Z. Angew. Math. Mech." }
 @String{ZAngewMathPhys = "Zeitschrift fur Angewandte Mathematik und Physik" }
 @String{ZAngewMathPhys = "Z. Angew. Math. Phys." }

% Publishers % ================================================= |

 @String{Academic = "Academic Press" }
 @String{ACMPress = "{ACM} Press" }
 @String{AdamHilger = "Adam Hilger" }
 @String{AddisonWesley = "Addison-Wesley" }
 @String{AllynBacon = "Allyn and Bacon" }
 @String{AMS = "American Mathematical Society" }
 @String{Birkhauser = "Birkha{\"u}ser" }
 @String{CambridgePress = "Cambridge University Press" }
 @String{Chelsea = "Chelsea" }
 @String{ClaredonPress = "Claredon Press" }
 @String{DoverPub = "Dover Publications" }
 @String{Eyolles = "Eyolles" }
 @String{HoltRinehartWinston = "Holt, Rinehart and Winston" }
 @String{Interscience = "Interscience" }
 @String{JohnsHopkinsPress = "The Johns Hopkins University Press" }
 @String{JohnWileySons = "John Wiley and Sons" }
 @String{Macmillan = "Macmillan" }
 @String{MathWorks = "The Math Works Inc." }
 @String{McGrawHill = "McGraw-Hill" }
 @String{NatBurStd = "National Bureau of Standards" }
 @String{NorthHolland = "North-Holland" }
 @String{OxfordPress = "Oxford University Press" }  %address Oxford or London?
 @String{PergamonPress = "Pergamon Press" }
 @String{PlenumPress = "Plenum Press" }
 @String{PrenticeHall = "Prentice-Hall" }
 @String{SIAMPub = "{SIAM} Publications" }
 @String{Springer = "Springer-Verlag" }
 @String{TexasPress = "University of Texas Press" }
 @String{VanNostrand = "Van Nostrand" }
 @String{WHFreeman = "W. H. Freeman and Co." }

%Entries

%Entries

 %Citations

 @article{lakhina2005mining,
  title={Mining anomalies using traffic feature distributions},
  author={Lakhina, Anukool and Crovella, Mark and Diot, Christophe},
  journal={ACM SIGCOMM computer communication review},
  volume={35},
  number={4},
  pages={217--228},
  year={2005},
  publisher={ACM New York, NY, USA}
}

@misc{oppenheim1999discrete,
  title={Discrete-time signal processing},
  author={Oppenheim, Alan V and Schafer, Ronald W and Buck, John R},
  year={1999},
  publisher={Prentice-Hall, Inc.}
}

@article{proakis1996digital,
  title={Digital signal processing: principles, algorithms, and applications},
  author={Proakis, John G and Manolakis, Dimitris G},
  journal={Digital signal processing: principles},
  year={1996}
}

@book{kay1993fundamentals,
  title={Fundamentals of statistical signal processing: estimation theory},
  author={Kay, Steven M},
  year={1993},
  publisher={Prentice-Hall, Inc.}
}

@article{haupt2010toeplitz,
  title={Toeplitz compressed sensing matrices with applications to sparse channel estimation},
  author={Haupt, Jarvis and Bajwa, Waheed U and Raz, Gil and Nowak, Robert},
  journal={IEEE transactions on information theory},
  volume={56},
  number={11},
  pages={5862--5875},
  year={2010},
  publisher={IEEE}
}


@book{mallat2012wavelet,
  author    = {St\'{e}phane Mallat},
  title     = {A Wavelet Tour of Signal Processing: The Sparse Way},
  publisher = {Academic Press},
  year      = {2012},
  isbn      = {978-0-12-394424-4}
}

@article{dempster2019rocket,
  author  = {Michael Dempster and Geoffrey I. Webb and Eamonn J. Keogh},
  title   = {ROCKET: A Fast and Accurate Tool for Time Series Classification},
  journal = {arXiv preprint arXiv:1908.10196},
  year    = {2019},
  url     = {https://arxiv.org/abs/1908.10196}
}


@article{goodfellow2014explaining,
  author  = {Ian J. Goodfellow and Jonathon Shlens and Christian Szegedy},
  title   = {Explaining and Harnessing Adversarial Examples},
  journal = {arXiv preprint arXiv:1412.6572},
  year    = {2014},
  url     = {https://arxiv.org/abs/1412.6572}
}

@article{rahimi2007random,
  title={Random features for large-scale kernel machines},
  author={Rahimi, Ali and Recht, Benjamin},
  journal={Advances in neural information processing systems},
  volume={20},
  year={2007}
}

@article{bruna2013invariant,
  author  = {Joan Bruna and St\'{e}phane Mallat},
  title   = {Invariant Scattering Convolution Networks},
  journal = {IEEE Transactions on Pattern Analysis and Machine Intelligence},
  volume  = {35},
  number  = {8},
  pages   = {1872--1886},
  year    = {2013},
  doi     = {10.1109/TPAMI.2012.57},
  url     = {https://ieeexplore.ieee.org/document/6298094}
}

@article{cai2011orthogonal,
  title={Orthogonal matching pursuit for sparse signal recovery with noise},
  author={Cai, T Tony and Wang, Lie},
  journal={IEEE Transactions on Information theory},
  volume={57},
  number={7},
  pages={4680--4688},
  year={2011},
  publisher={IEEE}
}



@article{donoho2006compressed,
  author    = {Donoho, David L.},
  title     = {Compressed Sensing},
  journal   = {IEEE Transactions on Information Theory},
  volume    = {52},
  number    = {4},
  pages     = {1289--1306},
  year      = {2006},
  publisher = {IEEE}
}

@article{candes2008introduction,
  author    = {Cand{\`e}s, Emmanuel J. and Wakin, Michael B.},
  title     = {An Introduction to Compressive Sampling},
  journal   = {IEEE Signal Processing Magazine},
  volume    = {25},
  number    = {2},
  pages     = {21--30},
  year      = {2008},
  publisher = {IEEE}
}

@article{candes2006robust,
  author    = {Cand{\`e}s, Emmanuel J. and Romberg, Justin and Tao, Terence},
  title     = {Robust Uncertainty Principles: Exact Signal Reconstruction from Highly Incomplete Frequency Information},
  journal   = {IEEE Transactions on Information Theory},
  volume    = {52},
  number    = {2},
  pages     = {489--509},
  year      = {2006},
  publisher = {IEEE}
}

@article{baraniuk2008simple,
  author    = {Baraniuk, Richard and Davenport, Mark and DeVore, Ronald and Wakin, Michael},
  title     = {A Simple Proof of the Restricted Isometry Property for Random Matrices},
  journal   = {Constructive Approximation},
  volume    = {28},
  number    = {3},
  pages     = {253--263},
  year      = {2008},
  publisher = {Springer}
}

@article{candes2006near,
  title={Near-optimal signal recovery from random projections: Universal encoding strategies?},
  author={Candes, Emmanuel J and Tao, Terence},
  journal={IEEE transactions on information theory},
  volume={52},
  number={12},
  pages={5406--5425},
  year={2006},
  publisher={IEEE}
}

@inproceedings{tropp2006random,
  title={Random filters for compressive sampling and reconstruction},
  author={Tropp, Joel A and Wakin, Michael B and Duarte, Marco F and Baron, Dror and Baraniuk, Richard G},
  booktitle={2006 IEEE International Conference on Acoustics Speech and Signal Processing Proceedings},
  volume={3},
  pages={III--III},
  year={2006},
  organization={IEEE}
}

@article{romberg2009compressive,
  title={Compressive sensing by random convolution},
  author={Romberg, Justin},
  journal={SIAM Journal on Imaging Sciences},
  volume={2},
  number={4},
  pages={1098--1128},
  year={2009},
  publisher={SIAM}
}

@inproceedings{bajwa2007toeplitz,
  title={Toeplitz-structured compressed sensing matrices},
  author={Bajwa, Waheed U and Haupt, Jarvis D and Raz, Gil M and Wright, Stephen J and Nowak, Robert D},
  booktitle={2007 IEEE/SP 14th Workshop on Statistical Signal Processing},
  pages={294--298},
  year={2007},
  organization={IEEE}
}

@article{tropp2007signal,
  title={Signal recovery from random measurements via orthogonal matching pursuit},
  author={Tropp, Joel A and Gilbert, Anna C},
  journal={IEEE Transactions on information theory},
  volume={53},
  number={12},
  pages={4655--4666},
  year={2007},
  publisher={IEEE}
}

@article{donoho2001uncertainty,
  title={Uncertainty principles and ideal atomic decomposition},
  author={Donoho, David L and Huo, Xiaoming and others},
  journal={IEEE transactions on information theory},
  volume={47},
  number={7},
  pages={2845--2862},
  year={2001},
  publisher={Citeseer}
}

@inproceedings{dempster2021minirocket,
  title={Minirocket: A very fast (almost) deterministic transform for time series classification},
  author={Dempster, Angus and Schmidt, Daniel F and Webb, Geoffrey I},
  booktitle={Proceedings of the 27th ACM SIGKDD conference on knowledge discovery \& data mining},
  pages={248--257},
  year={2021}
}

@article{jorge2024time,
  title={Time series clustering with random convolutional kernels},
  author={Jorge, Marco-Blanco and Rub{\'e}n, Cuevas},
  journal={Data Mining and Knowledge Discovery},
  pages={1--27},
  year={2024},
  publisher={Springer}
}

@article{mallat2012group,
  title={Group invariant scattering},
  author={Mallat, St{\'e}phane},
  journal={Communications on Pure and Applied Mathematics},
  volume={65},
  number={10},
  pages={1331--1398},
  year={2012},
  publisher={Wiley Online Library}
}

@article{dau2019ucr,
  title={The UCR time series archive},
  author={Dau, Hoang Anh and Bagnall, Anthony and Kamgar, Kaveh and Yeh, Chin-Chia Michael and Zhu, Yan and Gharghabi, Shaghayegh and Ratanamahatana, Chotirat Ann and Keogh, Eamonn},
  journal={IEEE/CAA Journal of Automatica Sinica},
  volume={6},
  number={6},
  pages={1293--1305},
  year={2019},
  publisher={IEEE}
}

@inproceedings{blum2005random,
  title={Random projection, margins, kernels, and feature-selection},
  author={Blum, Avrim},
  booktitle={International Statistical and Optimization Perspectives Workshop" Subspace, Latent Structure and Feature Selection"},
  pages={52--68},
  year={2005},
  organization={Springer}
}

@article{huang2006universal,
  title={Universal approximation using incremental constructive feedforward networks with random hidden nodes},
  author={Huang, Guang-Bin and Chen, Lei and Siew, Chee-Kheong},
  journal={IEEE transactions on neural networks},
  volume={17},
  number={4},
  pages={879--892},
  year={2006},
  publisher={IEEE}
}

@article{cao2018review,
  title={A review on neural networks with random weights},
  author={Cao, Weipeng and Wang, Xizhao and Ming, Zhong and Gao, Jinzhu},
  journal={Neurocomputing},
  volume={275},
  pages={278--287},
  year={2018},
  publisher={Elsevier}
}

@article{hurley2009comparing,
  title={Comparing measures of sparsity},
  author={Hurley, Niall and Rickard, Scott},
  journal={IEEE Transactions on Information Theory},
  volume={55},
  number={10},
  pages={4723--4741},
  year={2009},
  publisher={IEEE}
}


@article{zonoobi2011gini,
  title={Gini index as sparsity measure for signal reconstruction from compressive samples},
  author={Zonoobi, Dornoosh and Kassim, Ashraf A and Venkatesh, Yedatore V},
  journal={IEEE Journal of Selected Topics in Signal Processing},
  volume={5},
  number={5},
  pages={927--932},
  year={2011},
  publisher={IEEE}
}

@article{field1987relations,
  title={Relations between the statistics of natural images and the response properties of cortical cells},
  author={Field, David J},
  journal={Josa a},
  volume={4},
  number={12},
  pages={2379--2394},
  year={1987},
  publisher={Optica Publishing Group}
}

@article{simoncelli2001natural,
  title={Natural image statistics and neural representation},
  author={Simoncelli, Eero P and Olshausen, Bruno A},
  journal={Annual review of neuroscience},
  volume={24},
  number={1},
  pages={1193--1216},
  year={2001},
  publisher={Annual Reviews 4139 El Camino Way, PO Box 10139, Palo Alto, CA 94303-0139, USA}
}

@article{ruderman1994statistics,
  title={Statistics of natural images: Scaling in the woods},
  author={Ruderman, Daniel L and Bialek, William},
  journal={Physical review letters},
  volume={73},
  number={6},
  pages={814},
  year={1994},
  publisher={APS}
}

@article{middlehurst2024bake,
  title={Bake off redux: a review and experimental evaluation of recent time series classification algorithms},
  author={Middlehurst, Matthew and Sch{\"a}fer, Patrick and Bagnall, Anthony},
  journal={Data Mining and Knowledge Discovery},
  pages={1--74},
  year={2024},
  publisher={Springer}
}

@article{dempster2023hydra,
  title={Hydra: Competing convolutional kernels for fast and accurate time series classification},
  author={Dempster, Angus and Schmidt, Daniel F and Webb, Geoffrey I},
  journal={Data Mining and Knowledge Discovery},
  volume={37},
  number={5},
  pages={1779--1805},
  year={2023},
  publisher={Springer}
}

@article{tan2022multirocket,
  title={MultiRocket: multiple pooling operators and transformations for fast and effective time series classification},
  author={Tan, Chang Wei and Dempster, Angus and Bergmeir, Christoph and Webb, Geoffrey I},
  journal={Data Mining and Knowledge Discovery},
  volume={36},
  number={5},
  pages={1623--1646},
  year={2022},
  publisher={Springer}
}

@book{foucart2013invitation,
  title={An invitation to compressive sensing},
  author={Foucart, Simon and Rauhut, Holger and Foucart, Simon and Rauhut, Holger},
  year={2013},
  publisher={Springer}
}

@inproceedings{bingham2001random,
  title={Random projection in dimensionality reduction: applications to image and text data},
  author={Bingham, Ella and Mannila, Heikki},
  booktitle={Proceedings of the seventh ACM SIGKDD international conference on Knowledge discovery and data mining},
  pages={245--250},
  year={2001}
}

@article{candes2008restricted,
  title={The restricted isometry property and its implications for compressed sensing},
  author={Candes, Emmanuel J},
  journal={Comptes rendus. Mathematique},
  volume={346},
  number={9-10},
  pages={589--592},
  year={2008}
}

@book{vershynin2018high,
  author    = {Vershynin, Roman},
  title     = {High-Dimensional Probability: An Introduction with Applications in Data Science},
  publisher = {Cambridge University Press},
  year      = {2018},
  series    = {Cambridge Series in Statistical and Probabilistic Mathematics},
}

@article{Wright09,
  author  = {Wright, John and Yang, Allen Y. and Ganesh, Arvind and Sastry, S. Shankar and Ma, Yi},
  title   = {Robust Face Recognition via Sparse Representation},
  journal = {IEEE Transactions on Pattern Analysis and Machine Intelligence},
  volume  = {31},
  number  = {2},
  pages   = {210--227},
  year    = {2009}
}

@article{Elad06,
  author  = {Elad, Michael and Aharon, Michal},
  title   = {Image denoising via sparse and redundant representations over learned dictionaries},
  journal = {IEEE Transactions on Image Processing},
  volume  = {15},
  number  = {12},
  pages   = {3736--3745},
  year    = {2006}
}

@article{keogh2005exact,
  title={Exact indexing of dynamic time warping},
  author={Keogh, Eamonn and Ratanamahatana, Chotirat Ann},
  journal={Knowledge and information systems},
  volume={7},
  pages={358--386},
  year={2005},
  publisher={Springer}
}

@inproceedings{ye2009time,
  title={Time series shapelets: a new primitive for data mining},
  author={Ye, Lexiang and Keogh, Eamonn},
  booktitle={Proceedings of the 15th ACM SIGKDD international conference on Knowledge discovery and data mining},
  pages={947--956},
  year={2009}
}

@article{bagnall2014experimental,
  title={An experimental evaluation of nearest neighbour time series classification},
  author={Bagnall, Anthony and Lines, Jason},
  journal={arXiv preprint arXiv:1406.4757},
  year={2014}
}

@article{bagnall2017great,
  title={The great time series classification bake off: a review and experimental evaluation of recent algorithmic advances},
  author={Bagnall, Anthony and Lines, Jason and Bostrom, Aaron and Large, James and Keogh, Eamonn},
  journal={Data mining and knowledge discovery},
  volume={31},
  pages={606--660},
  year={2017},
  publisher={Springer}
}

@article{ismail2019deep,
  title={Deep learning for time series classification: a review},
  author={Ismail Fawaz, Hassan and Forestier, Germain and Weber, Jonathan and Idoumghar, Lhassane and Muller, Pierre-Alain},
  journal={Data mining and knowledge discovery},
  volume={33},
  number={4},
  pages={917--963},
  year={2019},
  publisher={Springer}
}

@inproceedings{keogh2002need,
  title={On the need for time series data mining benchmarks: a survey and empirical demonstration},
  author={Keogh, Eamonn and Kasetty, Shruti},
  booktitle={Proceedings of the eighth ACM SIGKDD international conference on Knowledge discovery and data mining},
  pages={102--111},
  year={2002}
}

@article{rakthanmanon2013addressing,
  title={Addressing big data time series: Mining trillions of time series subsequences under dynamic time warping},
  author={Rakthanmanon, Thanawin and Campana, Bilson and Mueen, Abdullah and Batista, Gustavo and Westover, Brandon and Zhu, Qiang and Zakaria, Jesin and Keogh, Eamonn},
  journal={ACM Transactions on Knowledge Discovery from Data (TKDD)},
  volume={7},
  number={3},
  pages={1--31},
  year={2013},
  publisher={ACM New York, NY, USA}
}

@article{lines2018,
  title   = {Time Series Classification with HIVE-COTE: The Hierarchical Vote Collective of Transformation-Based Ensembles},
  author  = {Lines, Jamie and Taylor, Sarah and Bagnall, Anthony},
  journal = {ACM Transactions on Knowledge Discovery from Data (TKDD)},
  volume  = {12},
  number  = {5},
  pages   = {52:1--52:35},
  year    = {2018},
  publisher = {ACM}
}

@misc{davenport2012introduction,
  title={Introduction to compressed sensing.},
  author={Davenport, Mark A and Duarte, Marco F and Eldar, Yonina C and Kutyniok, Gitta},
  year={2012},
  publisher={Citeseer}
}