@inproceedings{bajwa2007toeplitz,
  title={Toeplitz-structured compressed sensing matrices},
  author={Bajwa, Waheed U and Haupt, Jarvis D and Raz, Gil M and Wright, Stephen J and Nowak, Robert D},
  booktitle={2007 IEEE/SP 14th Workshop on Statistical Signal Processing},
  pages={294--298},
  year={2007},
  organization={IEEE}
}

@article{baraniuk2008simple,
  author    = {Baraniuk, Richard and Davenport, Mark and DeVore, Ronald and Wakin, Michael},
  title     = {A Simple Proof of the Restricted Isometry Property for Random Matrices},
  journal   = {Constructive Approximation},
  volume    = {28},
  number    = {3},
  pages     = {253--263},
  year      = {2008},
  publisher = {Springer}
}

@inproceedings{bingham2001random,
  title={Random projection in dimensionality reduction: applications to image and text data},
  author={Bingham, Ella and Mannila, Heikki},
  booktitle={Proceedings of the seventh ACM SIGKDD international conference on Knowledge discovery and data mining},
  pages={245--250},
  year={2001}
}

@inproceedings{blum2005random,
  title={Random projection, margins, kernels, and feature-selection},
  author={Blum, Avrim},
  booktitle={International Statistical and Optimization Perspectives Workshop" Subspace, Latent Structure and Feature Selection"},
  pages={52--68},
  year={2005},
  organization={Springer}
}

@article{bruna2013invariant,
  author  = {Joan Bruna and St\'{e}phane Mallat},
  title   = {Invariant Scattering Convolution Networks},
  journal = {IEEE Transactions on Pattern Analysis and Machine Intelligence},
  volume  = {35},
  number  = {8},
  pages   = {1872--1886},
  year    = {2013},
  doi     = {10.1109/TPAMI.2012.57},
  url     = {https://ieeexplore.ieee.org/document/6298094}
}

@article{cai2011orthogonal,
  title={Orthogonal matching pursuit for sparse signal recovery with noise},
  author={Cai, T Tony and Wang, Lie},
  journal={IEEE Transactions on Information theory},
  volume={57},
  number={7},
  pages={4680--4688},
  year={2011},
  publisher={IEEE}
}

@article{candes2006near,
  title={Near-optimal signal recovery from random projections: Universal encoding strategies?},
  author={Candes, Emmanuel J and Tao, Terence},
  journal={IEEE transactions on information theory},
  volume={52},
  number={12},
  pages={5406--5425},
  year={2006},
  publisher={IEEE}
}

@article{candes2008introduction,
  author    = {Cand{\`e}s, Emmanuel J. and Wakin, Michael B.},
  title     = {An Introduction to Compressive Sampling},
  journal   = {IEEE Signal Processing Magazine},
  volume    = {25},
  number    = {2},
  pages     = {21--30},
  year      = {2008},
  publisher = {IEEE}
}

@article{cao2018review,
  title={A review on neural networks with random weights},
  author={Cao, Weipeng and Wang, Xizhao and Ming, Zhong and Gao, Jinzhu},
  journal={Neurocomputing},
  volume={275},
  pages={278--287},
  year={2018},
  publisher={Elsevier}
}

@article{donoho2001uncertainty,
  title={Uncertainty principles and ideal atomic decomposition},
  author={Donoho, David L and Huo, Xiaoming and others},
  journal={IEEE transactions on information theory},
  volume={47},
  number={7},
  pages={2845--2862},
  year={2001},
  publisher={Citeseer}
}

@article{donoho2006compressed,
  author    = {Donoho, David L.},
  title     = {Compressed Sensing},
  journal   = {IEEE Transactions on Information Theory},
  volume    = {52},
  number    = {4},
  pages     = {1289--1306},
  year      = {2006},
  publisher = {IEEE}
}

@article{goodfellow2014explaining,
  author  = {Ian J. Goodfellow and Jonathon Shlens and Christian Szegedy},
  title   = {Explaining and Harnessing Adversarial Examples},
  journal = {arXiv preprint arXiv:1412.6572},
  year    = {2014},
  url     = {https://arxiv.org/abs/1412.6572}
}

@article{haupt2010toeplitz,
  title={Toeplitz compressed sensing matrices with applications to sparse channel estimation},
  author={Haupt, Jarvis and Bajwa, Waheed U and Raz, Gil and Nowak, Robert},
  journal={IEEE transactions on information theory},
  volume={56},
  number={11},
  pages={5862--5875},
  year={2010},
  publisher={IEEE}
}

@article{huang2006universal,
  title={Universal approximation using incremental constructive feedforward networks with random hidden nodes},
  author={Huang, Guang-Bin and Chen, Lei and Siew, Chee-Kheong},
  journal={IEEE transactions on neural networks},
  volume={17},
  number={4},
  pages={879--892},
  year={2006},
  publisher={IEEE}
}

@article{mallat2012group,
  title={Group invariant scattering},
  author={Mallat, St{\'e}phane},
  journal={Communications on Pure and Applied Mathematics},
  volume={65},
  number={10},
  pages={1331--1398},
  year={2012},
  publisher={Wiley Online Library}
}

@book{mallat2012wavelet,
  author    = {St\'{e}phane Mallat},
  title     = {A Wavelet Tour of Signal Processing: The Sparse Way},
  publisher = {Academic Press},
  year      = {2012},
  isbn      = {978-0-12-394424-4}
}

@article{rahimi2007random,
  title={Random features for large-scale kernel machines},
  author={Rahimi, Ali and Recht, Benjamin},
  journal={Advances in neural information processing systems},
  volume={20},
  year={2007}
}

@inproceedings{tropp2006random,
  title={Random filters for compressive sampling and reconstruction},
  author={Tropp, Joel A and Wakin, Michael B and Duarte, Marco F and Baron, Dror and Baraniuk, Richard G},
  booktitle={2006 IEEE International Conference on Acoustics Speech and Signal Processing Proceedings},
  volume={3},
  pages={III--III},
  year={2006},
  organization={IEEE}
}

