@article{Ashouri2021,
  title = {Quality attributes in edge computing for the {Internet of Things} A systematic mapping study},
  volume = {13},
  ISSN = {2542-6605},
  DOI = {10.1016/j.iot.2020.100346},
  journal = {Internet of Things},
  publisher = {Elsevier BV},
  author = {Ashouri,  Majid and Davidsson,  Paul and Spalazzese,  Romina},
  year = {2021},
  month = mar,
  pages = {100346}
}

@article{baheti,
  title={Cyber-physical systems},
  author={Baheti, Radhakisan and Gill, Helen},
  journal={The impact of control technology},
  volume={12},
  number={1},
  pages={161--166},
  year={2011}
}

@article{Wang2022,
  title = {Toward human-centric smart manufacturing: A human-cyber-physical systems (HCPS) perspective},
  volume = {63},
  ISSN = {0278-6125},
  DOI = {10.1016/j.jmsy.2022.05.005},
  journal = {Journal of Manufacturing Systems},
  publisher = {Elsevier BV},
  author = {Wang,  Baicun and Zheng,  Pai and Yin,  Yue and Shih,  Albert and Wang,  Lihui},
  year = {2022},
  month = apr,
  pages = {471–490}
}

@article{Lee2015,
  title = {A Cyber-Physical Systems architecture for Industry 4.0-based manufacturing systems},
  volume = {3},
  ISSN = {2213-8463},
  DOI = {10.1016/j.mfglet.2014.12.001},
  journal = {Manufacturing Letters},
  publisher = {Elsevier BV},
  author = {Lee,  Jay and Bagheri,  Behrad and Kao,  Hung-An},
  year = {2015},
  month = jan,
  pages = {18–23}
}

@article{Oztemel2018,
  title = {Literature review of Industry 4.0 and related technologies},
  volume = {31},
  ISSN = {1572-8145},
  DOI = {10.1007/s10845-018-1433-8},
  number = {1},
  journal = {Journal of Intelligent Manufacturing},
  publisher = {Springer Science and Business Media LLC},
  author = {Oztemel,  Ercan and Gursev,  Samet},
  year = {2018},
  month = jul,
  pages = {127–182}
}

@article{Cao2020,
  title = {An Overview on Edge Computing Research},
  volume = {8},
  ISSN = {2169-3536},
  DOI = {10.1109/access.2020.2991734},
  journal = {IEEE Access},
  publisher = {Institute of Electrical and Electronics Engineers (IEEE)},
  author = {Cao,  Keyan and Liu,  Yefan and Meng,  Gongjie and Sun,  Qimeng},
  year = {2020},
  pages = {85714–85728}
}

@inproceedings{AHMADI2018,
  title = {Wireless Connectivity of CPS for Smart Manufacturing: A Survey},
  DOI = {10.1109/skima.2018.8631535},
  booktitle = {2018 12th International Conference on Software,  Knowledge,  Information Management \& Applications (SKIMA)},
  publisher = {IEEE},
  author = {Ahmadi,  Ahmadzai and Moradi,  Maisam and Cherifi,  Chantal and Cheutet,  Vincent and Ouzrout,  Yacine},
  year = {2018},
  month = dec,
  pages = {1–8}
}

@inproceedings{Bonomi2012,
  series = {SIGCOMM ’12},
  title = {Fog computing and its role in the internet of things},
  DOI = {10.1145/2342509.2342513},
  booktitle = {Proceedings of the first edition of the MCC workshop on Mobile cloud computing},
  publisher = {ACM},
  author = {Bonomi,  Flavio and Milito,  Rodolfo and Zhu,  Jiang and Addepalli,  Sateesh},
  year = {2012},
  month = aug,
  collection = {SIGCOMM ’12}
}

@inproceedings{Hong2013,
  series = {SIGCOMM’13},
  title = {Mobile fog: a programming model for large-scale applications on the internet of things},
  DOI = {10.1145/2491266.2491270},
  booktitle = {Proceedings of the second ACM SIGCOMM workshop on Mobile cloud computing},
  publisher = {ACM},
  author = {Hong,  Kirak and Lillethun,  David and Ramachandran,  Umakishore and Ottenw\"{a}lder,  Beate and Koldehofe,  Boris},
  year = {2013},
  month = aug,
  collection = {SIGCOMM’13}
}

@inbook{vanderAalst2022,
  title = {Process Mining: A 360 Degree Overview},
  ISBN = {9783031088483},
  ISSN = {1865-1356},
  DOI = {10.1007/978-3-031-08848-3_1},
  booktitle = {Process Mining Handbook},
  publisher = {Springer International Publishing},
  author = {van der Aalst,  Wil M. P.},
  year = {2022},
  pages = {3–34}
}

@article{Moreschini2022,
  title = {Cloud Continuum: The Definition},
  volume = {10},
  ISSN = {2169-3536},
  DOI = {10.1109/access.2022.3229185},
  journal = {IEEE Access},
  publisher = {Institute of Electrical and Electronics Engineers (IEEE)},
  author = {Moreschini,  Sergio and Pecorelli,  Fabiano and Li,  Xiaozhou and Naz,  Sonia and Hastbacka,  David and Taibi,  Davide},
  year = {2022},
  pages = {131876–131886}
}

@article{Ometov2022,
  title = {A Survey of Security in Cloud,  Edge,  and Fog Computing},
  volume = {22},
  ISSN = {1424-8220},
  DOI = {10.3390/s22030927},
  number = {3},
  journal = {Sensors},
  publisher = {MDPI AG},
  author = {Ometov,  Aleksandr and Molua,  Oliver and Komarov,  Mikhail and Nurmi,  Jari},
  year = {2022},
  month = jan,
  pages = {927}
}

@article{Russo2018,
  title = {Cloud Computing and the New {EU} General Data Protection Regulation},
  volume = {5},
  ISSN = {2372-2568},
  DOI = {10.1109/mcc.2018.064181121},
  number = {6},
  journal = {IEEE Cloud Computing},
  publisher = {Institute of Electrical and Electronics Engineers (IEEE)},
  author = {Russo,  Barbara and Valle,  Laura and Bonzagni,  Guido and Locatello,  Davide and Pancaldi,  Marta and Tosi,  Davide},
  year = {2018},
  month = nov,
  pages = {58–68}
}

@article{Khan2021,
  title = {Energy,  performance and cost efficient cloud datacentres: A survey},
  volume = {40},
  ISSN = {1574-0137},
  DOI = {10.1016/j.cosrev.2021.100390},
  journal = {Computer Science Review},
  publisher = {Elsevier BV},
  author = {Khan,  Ayaz Ali and Zakarya,  Muhammad},
  year = {2021},
  month = may,
  pages = {100390}
}

@inbook{Burattin2022,
  title = {Streaming Process Mining},
  ISBN = {9783031088483},
  ISSN = {1865-1356},
  DOI = {10.1007/978-3-031-08848-3_11},
  booktitle = {Process Mining Handbook},
  publisher = {Springer International Publishing},
  author = {Burattin,  Andrea},
  year = {2022},
  pages = {349–372}
}

@inbook{Foundation,
  title = {Foundations of Process Discovery},
  ISBN = {9783031088483},
  ISSN = {1865-1356},
  DOI = {10.1007/978-3-031-08848-3_2},
  booktitle = {Process Mining Handbook},
  publisher = {Springer International Publishing},
  author = {van der Aalst,  Wil M. P.},
  year = {2022},
  pages = {37–75}
}

@article{Henning2022,
  title = {A configurable method for benchmarking scalability of cloud-native applications},
  volume = {27},
  ISSN = {1573-7616},
  DOI = {10.1007/s10664-022-10162-1},
  number = {6},
  journal = {Empirical Software Engineering},
  publisher = {Springer Science and Business Media LLC},
  author = {Henning,  S\"{o}ren and Hasselbring,  Wilhelm},
  year = {2022},
  month = aug 
}

@misc{Andersen,
  doi = {10.48550/ARXIV.2405.03426},
  author = {Andersen,  Julia and Rathje,  Patrick and Imenkamp,  Christian and Koschmider,  Agnes and Landsiedel,  Olaf},
  keywords = {Databases (cs.DB),  Distributed,  Parallel,  and Cluster Computing (cs.DC),  FOS: Computer and information sciences,  FOS: Computer and information sciences},
  title = {{EdgeMiner:} Distributed Process Mining at the Data Sources},
  publisher = {arXiv},
  year = {2024},
  copyright = {arXiv.org perpetual,  non-exclusive license}
}

@inproceedings{reiter2024,
  booktitle = {ICPM Doctoral Consortium and Demo Track 2024},
  month = {October},
  title = {Distributed Event Factory: A Tool for Generating Event Streams on Distributed Data Sources},
  year = {2024},
  series = {Workshop Proceedings},
  keywords = {Event Streams},
  url = {https://ceur-ws.org/Vol-3783/paper\_323.pdf},
  issn = {1613-0073},
  author = {Reiter, Hendrik and Imenkamp, Christian and Koschmider, Agnes and Hasselbring, Wilhelm}
}

@article{FederatedPM2,
  title = {An Abstraction-Based Approach for Privacy-Aware Federated Process Mining},
  volume = {11},
  ISSN = {2169-3536},
  DOI = {10.1109/access.2023.3263673},
  journal = {IEEE Access},
  publisher = {Institute of Electrical and Electronics Engineers (IEEE)},
  author = {Rafiei,  Majid and Van Der Aalst,  Wil M. P.},
  year = {2023},
  pages = {33697–33714}
}

@inproceedings{FederatedPM,
  title = {Federated Process Mining: Exploiting Event Data Across Organizational Boundaries},
  DOI = {10.1109/smds53860.2021.00011},
  booktitle = {2021 IEEE International Conference on Smart Data Services (SMDS)},
  publisher = {IEEE},
  author = {van der Aalst,  Wil M.P.},
  year = {2021},
  month = sep 
}

@article{MapReduce,
  title = {Scalable Process Discovery Using Map-Reduce},
  volume = {9},
  ISSN = {1939-1374},
  DOI = {10.1109/tsc.2014.2367525},
  number = {3},
  journal = {IEEE Transactions on Services Computing},
  publisher = {Institute of Electrical and Electronics Engineers (IEEE)},
  author = {Evermann,  Joerg},
  year = {2016},
  month = may,
  pages = {469–481}
}

@inproceedings{FHM,
  title = {Process Discovery from Event Stream Data in the Cloud - A Scalable,  Distributed Implementation of the Flexible Heuristics Miner on the Amazon Kinesis Cloud Infrastructure},
  DOI = {10.1109/cloudcom.2016.0111},
  booktitle = {2016 IEEE International Conference on Cloud Computing Technology and Science (CloudCom)},
  publisher = {IEEE},
  author = {Evermann,  Joerg and Rehse,  Jana-Rebecca and Fettke,  Peter},
  year = {2016},
  month = dec 
}

@inbook{Vila2023,
  title = {Modeling Context-Aware Events and Responses in an IoT Environment},
  ISBN = {9783031345609},
  ISSN = {1611-3349},
  DOI = {10.1007/978-3-031-34560-9_5},
  booktitle = {Advanced Information Systems Engineering},
  publisher = {Springer Nature Switzerland},
  author = {Vila,  Marc and Sancho,  Maria-Ribera and Teniente,  Ernest},
  year = {2023},
  pages = {71–87}
}

@inbook{Bertrand2022,
  title = {A Bridging Model for Process Mining and IoT},
  ISBN = {9783030985813},
  ISSN = {1865-1356},
  DOI = {10.1007/978-3-030-98581-3_8},
  booktitle = {Process Mining Workshops},
  publisher = {Springer International Publishing},
  author = {Bertrand,  Yannis and De Weerdt,  Jochen and Serral,  Estefanía},
  year = {2022},
  pages = {98–110}
}

@article{Osman2019,
  title = {When Industry 4.0 meets Process Mining},
  volume = {159},
  ISSN = {1877-0509},
  DOI = {10.1016/j.procs.2019.09.386},
  journal = {Procedia Computer Science},
  publisher = {Elsevier BV},
  author = {Osman,  Cristina-Claudia and Ghiran,  Ana-Maria},
  year = {2019},
  pages = {2130–2136}
}

@inbook{Michael2019,
  title = {User-Centered and Privacy-Driven Process Mining System Design for IoT},
  ISBN = {9783030212971},
  ISSN = {1865-1356},
  DOI = {10.1007/978-3-030-21297-1_17},
  booktitle = {Information Systems Engineering in Responsible Information Systems},
  publisher = {Springer International Publishing},
  author = {Michael,  Judith and Koschmider,  Agnes and Mannhardt,  Felix and Baracaldo,  Nathalie and Rumpe,  Bernhard},
  year = {2019},
  pages = {194–206}
}

@article{Mass2020,
  title = {STEP-ONE: Simulated testbed for Edge-Fog processes based on the Opportunistic Network Environment simulator},
  volume = {166},
  ISSN = {0164-1212},
  DOI = {10.1016/j.jss.2020.110587},
  journal = {Journal of Systems and Software},
  publisher = {Elsevier BV},
  author = {Mass,  Jakob and Srirama,  Satish Narayana and Chang,  Chii},
  year = {2020},
  month = aug,
  pages = {110587}
}

@article{Jha2020,
  title = {IoTSim‐Edge: A simulation framework for modeling the behavior of Internet of Things and edge computing environments},
  volume = {50},
  ISSN = {1097-024X},
  DOI = {10.1002/spe.2787},
  number = {6},
  journal = {Software: Practice and Experience},
  publisher = {Wiley},
  author = {Jha,  Devki Nandan and Alwasel,  Khaled and Alshoshan,  Areeb and Huang,  Xianghua and Naha,  Ranesh Kumar and Battula,  Sudheer Kumar and Garg,  Saurabh and Puthal,  Deepak and James,  Philip and Zomaya,  Albert and Dustdar,  Schahram and Ranjan,  Rajiv},
  year = {2020},
  month = jan,
  pages = {844–867}
}

@article{Mechalikh2021,
  title = {PureEdgeSim: A simulation framework for performance evaluation of cloud,  edge and mist computing environments},
  volume = {18},
  ISSN = {2406-1018},
  DOI = {10.2298/csis200301042m},
  number = {1},
  journal = {Computer Science and Information Systems},
  publisher = {National Library of Serbia},
  author = {Mechalikh,  Charafeddine and Taktak,  Hajer and Moussa,  Faouzi},
  year = {2021},
  pages = {43–66}
}