@misc{Andersen,
  doi = {10.48550/ARXIV.2405.03426},
  author = {Andersen,  Julia and Rathje,  Patrick and Imenkamp,  Christian and Koschmider,  Agnes and Landsiedel,  Olaf},
  keywords = {Databases (cs.DB),  Distributed,  Parallel,  and Cluster Computing (cs.DC),  FOS: Computer and information sciences,  FOS: Computer and information sciences},
  title = {{EdgeMiner:} Distributed Process Mining at the Data Sources},
  publisher = {arXiv},
  year = {2024},
  copyright = {arXiv.org perpetual,  non-exclusive license}
}

@inbook{Bertrand2022,
  title = {A Bridging Model for Process Mining and IoT},
  ISBN = {9783030985813},
  ISSN = {1865-1356},
  DOI = {10.1007/978-3-030-98581-3_8},
  booktitle = {Process Mining Workshops},
  publisher = {Springer International Publishing},
  author = {Bertrand,  Yannis and De Weerdt,  Jochen and Serral,  Estefanía},
  year = {2022},
  pages = {98–110}
}

@inbook{Burattin2022,
  title = {Streaming Process Mining},
  ISBN = {9783031088483},
  ISSN = {1865-1356},
  DOI = {10.1007/978-3-031-08848-3_11},
  booktitle = {Process Mining Handbook},
  publisher = {Springer International Publishing},
  author = {Burattin,  Andrea},
  year = {2022},
  pages = {349–372}
}

@inproceedings{FHM,
  title = {Process Discovery from Event Stream Data in the Cloud - A Scalable,  Distributed Implementation of the Flexible Heuristics Miner on the Amazon Kinesis Cloud Infrastructure},
  DOI = {10.1109/cloudcom.2016.0111},
  booktitle = {2016 IEEE International Conference on Cloud Computing Technology and Science (CloudCom)},
  publisher = {IEEE},
  author = {Evermann,  Joerg and Rehse,  Jana-Rebecca and Fettke,  Peter},
  year = {2016},
  month = dec 
}

@inproceedings{FederatedPM,
  title = {Federated Process Mining: Exploiting Event Data Across Organizational Boundaries},
  DOI = {10.1109/smds53860.2021.00011},
  booktitle = {2021 IEEE International Conference on Smart Data Services (SMDS)},
  publisher = {IEEE},
  author = {van der Aalst,  Wil M.P.},
  year = {2021},
  month = sep 
}

@article{FederatedPM2,
  title = {An Abstraction-Based Approach for Privacy-Aware Federated Process Mining},
  volume = {11},
  ISSN = {2169-3536},
  DOI = {10.1109/access.2023.3263673},
  journal = {IEEE Access},
  publisher = {Institute of Electrical and Electronics Engineers (IEEE)},
  author = {Rafiei,  Majid and Van Der Aalst,  Wil M. P.},
  year = {2023},
  pages = {33697–33714}
}

@article{Jha2020,
  title = {IoTSim‐Edge: A simulation framework for modeling the behavior of Internet of Things and edge computing environments},
  volume = {50},
  ISSN = {1097-024X},
  DOI = {10.1002/spe.2787},
  number = {6},
  journal = {Software: Practice and Experience},
  publisher = {Wiley},
  author = {Jha,  Devki Nandan and Alwasel,  Khaled and Alshoshan,  Areeb and Huang,  Xianghua and Naha,  Ranesh Kumar and Battula,  Sudheer Kumar and Garg,  Saurabh and Puthal,  Deepak and James,  Philip and Zomaya,  Albert and Dustdar,  Schahram and Ranjan,  Rajiv},
  year = {2020},
  month = jan,
  pages = {844–867}
}

@article{MapReduce,
  title = {Scalable Process Discovery Using Map-Reduce},
  volume = {9},
  ISSN = {1939-1374},
  DOI = {10.1109/tsc.2014.2367525},
  number = {3},
  journal = {IEEE Transactions on Services Computing},
  publisher = {Institute of Electrical and Electronics Engineers (IEEE)},
  author = {Evermann,  Joerg},
  year = {2016},
  month = may,
  pages = {469–481}
}

@article{Mass2020,
  title = {STEP-ONE: Simulated testbed for Edge-Fog processes based on the Opportunistic Network Environment simulator},
  volume = {166},
  ISSN = {0164-1212},
  DOI = {10.1016/j.jss.2020.110587},
  journal = {Journal of Systems and Software},
  publisher = {Elsevier BV},
  author = {Mass,  Jakob and Srirama,  Satish Narayana and Chang,  Chii},
  year = {2020},
  month = aug,
  pages = {110587}
}

@article{Mechalikh2021,
  title = {PureEdgeSim: A simulation framework for performance evaluation of cloud,  edge and mist computing environments},
  volume = {18},
  ISSN = {2406-1018},
  DOI = {10.2298/csis200301042m},
  number = {1},
  journal = {Computer Science and Information Systems},
  publisher = {National Library of Serbia},
  author = {Mechalikh,  Charafeddine and Taktak,  Hajer and Moussa,  Faouzi},
  year = {2021},
  pages = {43–66}
}

@inbook{Michael2019,
  title = {User-Centered and Privacy-Driven Process Mining System Design for IoT},
  ISBN = {9783030212971},
  ISSN = {1865-1356},
  DOI = {10.1007/978-3-030-21297-1_17},
  booktitle = {Information Systems Engineering in Responsible Information Systems},
  publisher = {Springer International Publishing},
  author = {Michael,  Judith and Koschmider,  Agnes and Mannhardt,  Felix and Baracaldo,  Nathalie and Rumpe,  Bernhard},
  year = {2019},
  pages = {194–206}
}

@article{Osman2019,
  title = {When Industry 4.0 meets Process Mining},
  volume = {159},
  ISSN = {1877-0509},
  DOI = {10.1016/j.procs.2019.09.386},
  journal = {Procedia Computer Science},
  publisher = {Elsevier BV},
  author = {Osman,  Cristina-Claudia and Ghiran,  Ana-Maria},
  year = {2019},
  pages = {2130–2136}
}

@inbook{Vila2023,
  title = {Modeling Context-Aware Events and Responses in an IoT Environment},
  ISBN = {9783031345609},
  ISSN = {1611-3349},
  DOI = {10.1007/978-3-031-34560-9_5},
  booktitle = {Advanced Information Systems Engineering},
  publisher = {Springer Nature Switzerland},
  author = {Vila,  Marc and Sancho,  Maria-Ribera and Teniente,  Ernest},
  year = {2023},
  pages = {71–87}
}

