@article{sun2023simple,
  title={A simple and effective pruning approach for large language models},
  author={Sun, Mingjie and Liu, Zhuang and Bair, Anna and Kolter, J Zico},
  journal={arXiv preprint arXiv:2306.11695},
  year={2023}
}

@article{lin2024awq,
  title={AWQ: Activation-aware Weight Quantization for On-Device LLM Compression and Acceleration},
  author={Lin, Ji and Tang, Jiaming and Tang, Haotian and Yang, Shang and Chen, Wei-Ming and Wang, Wei-Chen and Xiao, Guangxuan and Dang, Xingyu and Gan, Chuang and Han, Song},
  journal={Proceedings of Machine Learning and Systems},
  volume={6},
  pages={87--100},
  year={2024}
}

@article{vaswani2017attention,
  title={Attention is all you need},
  author={Vaswani, A},
  journal={Advances in Neural Information Processing Systems},
  year={2017}
}

@article{zeng2024kan,
  title={KAN versus MLP on Irregular or Noisy Functions},
  author={Zeng, Chen and Wang, Jiahui and Shen, Haoran and Wang, Qiao},
  journal={arXiv preprint arXiv:2408.07906},
  year={2024}
}

@article{dalvi2020analyzing,
  title={Analyzing redundancy in pretrained transformer models},
  author={Dalvi, Fahim and Sajjad, Hassan and Durrani, Nadir and Belinkov, Yonatan},
  journal={arXiv preprint arXiv:2004.04010},
  year={2020}
}

@article{dai2020funnel,
  title={Funnel-transformer: Filtering out sequential redundancy for efficient language processing},
  author={Dai, Zihang and Lai, Guokun and Yang, Yiming and Le, Quoc},
  journal={Advances in neural information processing systems},
  volume={33},
  pages={4271--4282},
  year={2020}
}

@article{men2024shortgpt,
  title={Shortgpt: Layers in large language models are more redundant than you expect},
  author={Men, Xin and Xu, Mingyu and Zhang, Qingyu and Wang, Bingning and Lin, Hongyu and Lu, Yaojie and Han, Xianpei and Chen, Weipeng},
  journal={arXiv preprint arXiv:2403.03853},
  year={2024}
}

@article{venkataramanan2023skip,
  title={Skip-attention: Improving vision transformers by paying less attention},
  author={Venkataramanan, Shashanka and Ghodrati, Amir and Asano, Yuki M and Porikli, Fatih and Habibian, Amirhossein},
  journal={arXiv preprint arXiv:2301.02240},
  year={2023}
}

@article{sun2024transformer,
  title={Transformer layers as painters},
  author={Sun, Qi and Pickett, Marc and Nain, Aakash Kumar and Jones, Llion},
  journal={arXiv preprint arXiv:2407.09298},
  year={2024}
}

@article{li2022optimizing,
  title={Optimizing the Deep Neural Networks by Layer-Wise Refined Pruning and the Acceleration on FPGA},
  author={Li, Hengyi and Yue, Xuebin and Wang, Zhichen and Chai, Zhilei and Wang, Wenwen and Tomiyama, Hiroyuki and Meng, Lin},
  journal={Computational Intelligence and Neuroscience},
  volume={2022},
  number={1},
  pages={8039281},
  year={2022},
  publisher={Wiley Online Library}
}

@article{fan2021layer,
  title={Layer-wise model pruning based on mutual information},
  author={Fan, Chun and Li, Jiwei and Ao, Xiang and Wu, Fei and Meng, Yuxian and Sun, Xiaofei},
  journal={arXiv preprint arXiv:2108.12594},
  year={2021}
}

@article{gordon2020compressing,
  title={Compressing bert: Studying the effects of weight pruning on transfer learning},
  author={Gordon, Mitchell A and Duh, Kevin and Andrews, Nicholas},
  journal={arXiv preprint arXiv:2002.08307},
  year={2020}
}

@article{voita2019analyzing,
  title={Analyzing multi-head self-attention: Specialized heads do the heavy lifting, the rest can be pruned},
  author={Voita, Elena and Talbot, David and Moiseev, Fedor and Sennrich, Rico and Titov, Ivan},
  journal={arXiv preprint arXiv:1905.09418},
  year={2019}
}

@article{michel2019sixteen,
  title={Are sixteen heads really better than one?},
  author={Michel, Paul and Levy, Omer and Neubig, Graham},
  journal={Advances in neural information processing systems},
  volume={32},
  year={2019}
}

@inproceedings{nova2023gradient,
  title={Gradient-free structured pruning with unlabeled data},
  author={Nova, Azade and Dai, Hanjun and Schuurmans, Dale},
  booktitle={International Conference on Machine Learning},
  pages={26326--26341},
  year={2023},
  organization={PMLR}
}

@article{santacroce2023matters,
  title={What matters in the structured pruning of generative language models?},
  author={Santacroce, Michael and Wen, Zixin and Shen, Yelong and Li, Yuanzhi},
  journal={arXiv preprint arXiv:2302.03773},
  year={2023}
}

@article{lagunas2021block,
  title={Block pruning for faster transformers},
  author={Lagunas, Fran{\c{c}}ois and Charlaix, Ella and Sanh, Victor and Rush, Alexander M},
  journal={arXiv preprint arXiv:2109.04838},
  year={2021}
}

@article{kwon2022fast,
  title={A fast post-training pruning framework for transformers},
  author={Kwon, Woosuk and Kim, Sehoon and Mahoney, Michael W and Hassoun, Joseph and Keutzer, Kurt and Gholami, Amir},
  journal={Advances in Neural Information Processing Systems},
  volume={35},
  pages={24101--24116},
  year={2022}
}

@article{kurtic2024ziplm,
  title={Ziplm: Inference-aware structured pruning of language models},
  author={Kurti{\'c}, Eldar and Frantar, Elias and Alistarh, Dan},
  journal={Advances in Neural Information Processing Systems},
  volume={36},
  year={2024}
}

@article{kim2024shortened,
  title={Shortened llama: A simple depth pruning for large language models},
  author={Kim, Bo-Kyeong and Kim, Geonmin and Kim, Tae-Ho and Castells, Thibault and Choi, Shinkook and Shin, Junho and Song, Hyoung-Kyu},
  journal={arXiv preprint arXiv:2402.02834},
  volume={11},
  year={2024}
}

@article{schuster2022confident,
  title={Confident adaptive language modeling},
  author={Schuster, Tal and Fisch, Adam and Gupta, Jai and Dehghani, Mostafa and Bahri, Dara and Tran, Vinh and Tay, Yi and Metzler, Donald},
  journal={Advances in Neural Information Processing Systems},
  volume={35},
  pages={17456--17472},
  year={2022}
}

@article{del2023skipdecode,
  title={Skipdecode: Autoregressive skip decoding with batching and caching for efficient llm inference},
  author={Del Corro, Luciano and Del Giorno, Allie and Agarwal, Sahaj and Yu, Bin and Awadallah, Ahmed and Mukherjee, Subhabrata},
  journal={arXiv preprint arXiv:2307.02628},
  year={2023}
}

@article{raposo2024mixture,
  title={Mixture-of-Depths: Dynamically allocating compute in transformer-based language models},
  author={Raposo, David and Ritter, Sam and Richards, Blake and Lillicrap, Timothy and Humphreys, Peter Conway and Santoro, Adam},
  journal={arXiv preprint arXiv:2404.02258},
  year={2024}
}

@article{song2024sleb,
  title={SLEB: Streamlining LLMs through Redundancy Verification and Elimination of Transformer Blocks},
  author={Song, Jiwon and Oh, Kyungseok and Kim, Taesu and Kim, Hyungjun and Kim, Yulhwa and Kim, Jae-Joon},
  journal={arXiv preprint arXiv:2402.09025},
  year={2024}
}

@article{tang2024rethinking,
  title={Rethinking optimization and architecture for tiny language models},
  author={Tang, Yehui and Liu, Fangcheng and Ni, Yunsheng and Tian, Yuchuan and Bai, Zheyuan and Hu, Yi-Qi and Liu, Sichao and Jui, Shangling and Han, Kai and Wang, Yunhe},
  journal={arXiv preprint arXiv:2402.02791},
  year={2024}
}

@article{touvron2023llama,
  title={Llama: Open and efficient foundation language models},
  author={Touvron, Hugo and Lavril, Thibaut and Izacard, Gautier and Martinet, Xavier and Lachaux, Marie-Anne and Lacroix, Timoth{\'e}e and Rozi{\`e}re, Baptiste and Goyal, Naman and Hambro, Eric and Azhar, Faisal and others},
  journal={arXiv preprint arXiv:2302.13971},
  year={2023}
}

@article{chowdhery2023palm,
  title={Palm: Scaling language modeling with pathways},
  author={Chowdhery, Aakanksha and Narang, Sharan and Devlin, Jacob and Bosma, Maarten and Mishra, Gaurav and Roberts, Adam and Barham, Paul and Chung, Hyung Won and Sutton, Charles and Gehrmann, Sebastian and others},
  journal={Journal of Machine Learning Research},
  volume={24},
  number={240},
  pages={1--113},
  year={2023}
}

@article{ma2023llm,
  title={Llm-pruner: On the structural pruning of large language models},
  author={Ma, Xinyin and Fang, Gongfan and Wang, Xinchao},
  journal={Advances in neural information processing systems},
  volume={36},
  pages={21702--21720},
  year={2023}
}

@article{chiang2023vicuna,
  title={Vicuna: An open-source chatbot impressing gpt-4 with 90\%* chatgpt quality},
  author={Chiang, Wei-Lin and Li, Zhuohan and Lin, Zi and Sheng, Ying and Wu, Zhanghao and Zhang, Hao and Zheng, Lianmin and Zhuang, Siyuan and Zhuang, Yonghao and Gonzalez, Joseph E and others},
  journal={See https://vicuna. lmsys. org (accessed 14 April 2023)},
  volume={2},
  number={3},
  pages={6},
  year={2023}
}

@article{paszke2019pytorch,
  title={Pytorch: An imperative style, high-performance deep learning library},
  author={Paszke, Adam and Gross, Sam and Massa, Francisco and Lerer, Adam and Bradbury, James and Chanan, Gregory and Killeen, Trevor and Lin, Zeming and Gimelshein, Natalia and Antiga, Luca and others},
  journal={Advances in neural information processing systems},
  volume={32},
  year={2019}
}

@inproceedings{wolf2020transformers,
  title={Transformers: State-of-the-art natural language processing},
  author={Wolf, Thomas and Debut, Lysandre and Sanh, Victor and Chaumond, Julien and Delangue, Clement and Moi, Anthony and Cistac, Pierric and Rault, Tim and Louf, R{\'e}mi and Funtowicz, Morgan and others},
  booktitle={Proceedings of the 2020 conference on empirical methods in natural language processing: system demonstrations},
  pages={38--45},
  year={2020}
}

@article{raghu2021vision,
  title={Do vision transformers see like convolutional neural networks?},
  author={Raghu, Maithra and Unterthiner, Thomas and Kornblith, Simon and Zhang, Chiyuan and Dosovitskiy, Alexey},
  journal={Advances in neural information processing systems},
  volume={34},
  pages={12116--12128},
  year={2021}
}

@article{wang2021learningHISC,
  title={Learning with Hilbert--Schmidt independence criterion: A review and new perspectives},
  author={Wang, Tinghua and Dai, Xiaolu and Liu, Yuze},
  journal={Knowledge-based systems},
  volume={234},
  pages={107567},
  year={2021},
  publisher={Elsevier}
}

@article{zhu2015aligning,
  title={Aligning Books and Movies: Towards Story-like Visual Explanations by Watching Movies and Reading Books},
  author={Zhu, Yukun},
  journal={arXiv preprint arXiv:1506.06724},
  year={2015}
}

@misc{taori2023stanford,
  title={Stanford alpaca: An instruction-following llama model},
  author={Taori, Rohan and Gulrajani, Ishaan and Zhang, Tianyi and Dubois, Yann and Li, Xuechen and Guestrin, Carlos and Liang, Percy and Hashimoto, Tatsunori B},
  year={2023}
}

@article{clark2019boolq,
  title={BoolQ: Exploring the surprising difficulty of natural yes/no questions},
  author={Clark, Christopher and Lee, Kenton and Chang, Ming-Wei and Kwiatkowski, Tom and Collins, Michael and Toutanova, Kristina},
  journal={arXiv preprint arXiv:1905.10044},
  year={2019}
}

@inproceedings{bisk2020piqa,
  title={Piqa: Reasoning about physical commonsense in natural language},
  author={Bisk, Yonatan and Zellers, Rowan and Gao, Jianfeng and Choi, Yejin and others},
  booktitle={Proceedings of the AAAI conference on artificial intelligence},
  volume={34},
  pages={7432--7439},
  year={2020}
}

@article{zellers2019hellaswag,
  title={Hellaswag: Can a machine really finish your sentence?},
  author={Zellers, Rowan and Holtzman, Ari and Bisk, Yonatan and Farhadi, Ali and Choi, Yejin},
  journal={arXiv preprint arXiv:1905.07830},
  year={2019}
}

@article{sakaguchi2021winogrande,
  title={Winogrande: An adversarial winograd schema challenge at scale},
  author={Sakaguchi, Keisuke and Bras, Ronan Le and Bhagavatula, Chandra and Choi, Yejin},
  journal={Communications of the ACM},
  volume={64},
  number={9},
  pages={99--106},
  year={2021},
  publisher={ACM New York, NY, USA}
}

@article{clark2018think,
  title={Think you have solved question answering? try arc, the ai2 reasoning challenge},
  author={Clark, Peter and Cowhey, Isaac and Etzioni, Oren and Khot, Tushar and Sabharwal, Ashish and Schoenick, Carissa and Tafjord, Oyvind},
  journal={arXiv preprint arXiv:1803.05457},
  year={2018}
}

@article{mihaylov2018can,
  title={Can a suit of armor conduct electricity? a new dataset for open book question answering},
  author={Mihaylov, Todor and Clark, Peter and Khot, Tushar and Sabharwal, Ashish},
  journal={arXiv preprint arXiv:1809.02789},
  year={2018}
}

@misc{eval-harness,
  author       = {Gao, Leo and Tow, Jonathan and Abbasi, Baber and Biderman, Stella and Black, Sid and DiPofi, Anthony and Foster, Charles and Golding, Laurence and Hsu, Jeffrey and Le Noac'h, Alain and Li, Haonan and McDonell, Kyle and Muennighoff, Niklas and Ociepa, Chris and Phang, Jason and Reynolds, Laria and Schoelkopf, Hailey and Skowron, Aviya and Sutawika, Lintang and Tang, Eric and Thite, Anish and Wang, Ben and Wang, Kevin and Zou, Andy},
  title        = {A framework for few-shot language model evaluation},
  month        = 07,
  year         = 2024,
  publisher    = {Zenodo},
  version      = {v0.4.3},
  doi          = {10.5281/zenodo.12608602},
  url          = {https://zenodo.org/records/12608602}
}

@inproceedings{bhojanapalli2021understanding,
  title={Understanding robustness of transformers for image classification},
  author={Bhojanapalli, Srinadh and Chakrabarti, Ayan and Glasner, Daniel and Li, Daliang and Unterthiner, Thomas and Veit, Andreas},
  booktitle={Proceedings of the IEEE/CVF international conference on computer vision},
  pages={10231--10241},
  year={2021}
}

@inproceedings{an2024fluctuation,
  title={Fluctuation-based adaptive structured pruning for large language models},
  author={An, Yongqi and Zhao, Xu and Yu, Tao and Tang, Ming and Wang, Jinqiao},
  booktitle={Proceedings of the AAAI Conference on Artificial Intelligence},
  volume={38},
  pages={10865--10873},
  year={2024}
}

@article{yang2024laco,
  title={Laco: Large language model pruning via layer collapse},
  author={Yang, Yifei and Cao, Zouying and Zhao, Hai},
  journal={arXiv preprint arXiv:2402.11187},
  year={2024}
}

@misc{sheng2023flexgenhighthroughputgenerativeinference,
      title={FlexGen: High-Throughput Generative Inference of Large Language Models with a Single GPU}, 
      author={Ying Sheng and Lianmin Zheng and Binhang Yuan and Zhuohan Li and Max Ryabinin and Daniel Y. Fu and Zhiqiang Xie and Beidi Chen and Clark Barrett and Joseph E. Gonzalez and Percy Liang and Christopher Ré and Ion Stoica and Ce Zhang},
      year={2023},
      eprint={2303.06865},
      archivePrefix={arXiv},
      primaryClass={cs.LG},
      url={https://arxiv.org/abs/2303.06865}, 
}

@inproceedings{hulora,
  title={LoRA: Low-Rank Adaptation of Large Language Models},
  author={Hu, Edward J and Wallis, Phillip and Allen-Zhu, Zeyuan and Li, Yuanzhi and Wang, Shean and Wang, Lu and Chen, Weizhu and others},
  booktitle={International Conference on Learning Representations},
  year={2021},
}


