@article{yan2021deep,
  title={Deep multi-view learning methods: A review},
  author={Yan, Xiaoqiang and Hu, Shizhe and Mao, Yiqiao and Ye, Yangdong and Yu, Hui},
  journal={Neurocomputing},
  volume={448},
  pages={106--129},
  year={2021},
  publisher={Elsevier}
}

@article{xu2022self,
  title={Self-supervised discriminative feature learning for deep multi-view clustering},
  author={Xu, Jie and Ren, Yazhou and Tang, Huayi and Yang, Zhimeng and Pan, Lili and Yang, Yang and Pu, Xiaorong and Philip, S Yu and He, Lifang},
  journal={IEEE Transactions on Knowledge and Data Engineering},
  volume={35},
  number={7},
  pages={7470--7482},
  year={2022},
  publisher={IEEE}
}

@inproceedings{wang2018partial,
  title={Partial multi-view clustering via consistent GAN},
  author={Wang, Qianqian and Ding, Zhengming and Tao, Zhiqiang and Gao, Quanxue and Fu, Yun},
  booktitle={2018 IEEE International Conference on Data Mining (ICDM)},
  pages={1290--1295},
  year={2018},
  organization={IEEE}
}

%
@inproceedings{chao2024incomplete,
  title={Incomplete contrastive multi-view clustering with high-confidence guiding},
  author={Chao, Guoqing and Jiang, Yi and Chu, Dianhui},
  booktitle={Proceedings of the AAAI Conference on Artificial Intelligence},
  volume={38},
  pages={11221--11229},
  year={2024}
}

%
@inproceedings{hu2019one,
  title={One-pass incomplete multi-view clustering},
  author={Hu, Menglei and Chen, Songcan},
  booktitle={Proceedings of the AAAI Conference on Artificial Intelligence},
  volume={33},
  pages={3838--3845},
  year={2019}
}

@article{liu2019multiple,
  title={Multiple kernel $ k $ k-means with incomplete kernels},
  author={Liu, Xinwang and Zhu, Xinzhong and Li, Miaomiao and Wang, Lei and Zhu, En and Liu, Tongliang and Kloft, Marius and Shen, Dinggang and Yin, Jianping and Gao, Wen},
  journal={IEEE Transactions on Pattern Analysis and Machine Intelligence},
  volume={42},
  number={5},
  pages={1191--1204},
  year={2019},
  publisher={IEEE}
}

%
@inproceedings{wen2019unified,
  title={Unified embedding alignment with missing views inferring for incomplete multi-view clustering},
  author={Wen, Jie and Zhang, Zheng and Xu, Yong and Zhang, Bob and Fei, Lunke and Liu, Hong},
  booktitle={Proceedings of the AAAI Conference on Artificial Intelligence},
  volume={33},
  pages={5393--5400},
  year={2019}
}

@article{lin2022dual,
  title={Dual contrastive prediction for incomplete multi-view representation learning},
  author={Lin, Yijie and Gou, Yuanbiao and Liu, Xiaotian and Bai, Jinfeng and Lv, Jiancheng and Peng, Xi},
  journal={IEEE Transactions on Pattern Analysis and Machine Intelligence},
  volume={45},
  number={4},
  pages={4447--4461},
  year={2022},
  publisher={IEEE}
}

@inproceedings{xu2021multi,
  title={Multi-VAE: Learning disentangled view-common and view-peculiar visual representations for multi-view clustering},
  author={Xu, Jie and Ren, Yazhou and Tang, Huayi and Pu, Xiaorong and Zhu, Xiaofeng and Zeng, Ming and He, Lifang},
  booktitle={Proceedings of the IEEE/CVF International Conference on Computer Vision},
  pages={9234--9243},
  year={2021}
}

%
@inproceedings{xu2022deep,
  title={Deep incomplete multi-view clustering via mining cluster complementarity},
  author={Xu, Jie and Li, Chao and Ren, Yazhou and Peng, Liang and Mo, Yujie and Shi, Xiaoshuang and Zhu, Xiaofeng},
  booktitle={Proceedings of the AAAI Conference on Artificial Intelligence},
  volume={36},
  pages={8761--8769},
  year={2022}
}


@article{li2021incomplete,
  title={Incomplete multi-view clustering with joint partition and graph learning},
  author={Li, Lusi and Wan, Zhiqiang and He, Haibo},
  journal={IEEE Transactions on Knowledge and Data Engineering},
  volume={35},
  number={1},
  pages={589--602},
  year={2021},
  publisher={IEEE}
}

@inproceedings{liu2019efficient,
  title={Efficient and effective incomplete multi-view clustering},
  author={Liu, Xinwang and Zhu, Xinzhong and Li, Miaomiao and Tang, Chang and Zhu, En and Yin, Jianping and Gao, Wen},
  booktitle={Proceedings of the AAAI Conference on Artificial Intelligence},
  volume={33},
  pages={4392--4399},
  year={2019}
}

@article{xu2023adaptive,
  title={Adaptive feature projection with distribution alignment for deep incomplete multi-view clustering},
  author={Xu, Jie and Li, Chao and Peng, Liang and Ren, Yazhou and Shi, Xiaoshuang and Shen, Heng Tao and Zhu, Xiaofeng},
  journal={IEEE Transactions on Image Processing},
  volume={32},
  pages={1354--1366},
  year={2023},
  publisher={IEEE}
}

@article{li2023incomplete,
  title={Incomplete multi-view clustering via prototype-based imputation},
  author={Li, Haobin and Li, Yunfan and Yang, Mouxing and Hu, Peng and Peng, Dezhong and Peng, Xi},
  journal={arXiv preprint arXiv:2301.11045},
  year={2023}
}

@article{wang2021generative,
  title={Generative partial multi-view clustering with adaptive fusion and cycle consistency},
  author={Wang, Qianqian and Ding, Zhengming and Tao, Zhiqiang and Gao, Quanxue and Fu, Yun},
  journal={IEEE Transactions on Image Processing},
  volume={30},
  pages={1771--1783},
  year={2021},
  publisher={IEEE}
}

@article{liu2023self,
  title={Self-supervised graph completion for incomplete multi-view clustering},
  author={Liu, Cheng and Wu, Si and Li, Rui and Jiang, Dazhi and Wong, Hau-San},
  journal={IEEE Transactions on Knowledge and Data Engineering},
  volume={35},
  number={9},
  pages={9394--9406},
  year={2023},
  publisher={IEEE}
}

@inproceedings{zhao2016incomplete,
  title={Incomplete multi-modal visual data grouping.},
  author={Zhao, Handong and Liu, Hongfu and Fu, Yun},
  booktitle={IJCAI},
  pages={2392--2398},
  year={2016}
}

@article{hu2019doubly,
  title={Doubly aligned incomplete multi-view clustering},
  author={Hu, Menglei and Chen, Songcan},
  journal={arXiv preprint arXiv:1903.02785},
  year={2019}
}

@article{fang2021animc,
  title={Animc: A soft approach for autoweighted noisy and incomplete multiview clustering},
  author={Fang, Xiang and Hu, Yuchong and Zhou, Pan and Wu, Dapeng},
  journal={IEEE Transactions on Artificial Intelligence},
  volume={3},
  number={2},
  pages={192--206},
  year={2021},
  publisher={IEEE}
}

@article{liu2022localized,
  title={Localized sparse incomplete multi-view clustering},
  author={Liu, Chengliang and Wu, Zhihao and Wen, Jie and Xu, Yong and Huang, Chao},
  journal={IEEE Transactions on Multimedia},
  volume={25},
  pages={5539--5551},
  year={2022},
  publisher={IEEE}
}

@article{deng2023projective,
  title={Projective incomplete multi-view clustering},
  author={Deng, Shijie and Wen, Jie and Liu, Chengliang and Yan, Ke and Xu, Gehui and Xu, Yong},
  journal={IEEE Transactions on Neural Networks and Learning Systems},
  year={2023},
  publisher={IEEE}
}

@article{wang2022incomplete,
  title={Incomplete multiview clustering via cross-view relation transfer},
  author={Wang, Yiming and Chang, Dongxia and Fu, Zhiqiang and Wen, Jie and Zhao, Yao},
  journal={IEEE Transactions on Circuits and Systems for Video Technology},
  volume={33},
  number={1},
  pages={367--378},
  year={2022},
  publisher={IEEE}
}

@inproceedings{wen2021structural,
  title={Structural deep incomplete multi-view clustering network},
  author={Wen, Jie and Wu, Zhihao and Zhang, Zheng and Fei, Lunke and Zhang, Bob and Xu, Yong},
  booktitle={Proceedings of the 30th ACM International Conference on Information \& Knowledge Management},
  pages={3538--3542},
  year={2021}
}


@inproceedings{huang2020deep,
  title={Deep semantic clustering by partition confidence maximisation},
  author={Huang, Jiabo and Gong, Shaogang and Zhu, Xiatian},
  booktitle={Proceedings of the IEEE/CVF Conference on Computer Vision and Pattern Recognition},
  pages={8849--8858},
  year={2020}
}

@inproceedings{li2019deepgcns,
  title={Deepgcns: Can gcns go as deep as cnns?},
  author={Li, Guohao and Muller, Matthias and Thabet, Ali and Ghanem, Bernard},
  booktitle={Proceedings of the IEEE/CVF International Conference on Computer Vision},
  pages={9267--9276},
  year={2019}
}

@inproceedings{winn2005locus,
  title={Locus: Learning object classes with unsupervised segmentation},
  author={Winn, John and Jojic, Nebojsa},
  booktitle={Tenth IEEE International Conference on Computer Vision (ICCV'05) Volume 1},
  volume={1},
  pages={756--763},
  year={2005},
  organization={IEEE}
}

@article{mallah2013plant,
  title={Plant leaf classification using probabilistic integration of shape, texture and margin features},
  author={Mallah, Charles and Cope, James and Orwell, James and others},
  journal={Signal Processing, Pattern Recognition and Applications},
  volume={5},
  number={1},
  pages={45--54},
  year={2013}
}

@inproceedings{li2015large,
  title={Large-scale multi-view spectral clustering via bipartite graph},
  author={Li, Yeqing and Nie, Feiping and Huang, Heng and Huang, Junzhou},
  booktitle={Proceedings of the AAAI Conference on Artificial Intelligence},
  volume={29},
  year={2015}
}

@inproceedings{yang2010bag,
  title={Bag-of-visual-words and spatial extensions for land-use classification},
  author={Yang, Yi and Newsam, Shawn},
  booktitle={Proceedings of the 18th SIGSPATIAL International Conference on Advances in Geographic Information Systems},
  pages={270--279},
  year={2010}
}

@inproceedings{xu2024deep,
  title={Deep variational incomplete multi-View clustering: Exploring Shared Clustering Structures},
  author={Xu, Gehui and Wen, Jie and Liu, Chengliang and Hu, Bing and Liu, Yicheng and Fei, Lunke and Wang, Wei},
  booktitle={Proceedings of the AAAI Conference on Artificial Intelligence},
  volume={38},
  pages={16147--16155},
  year={2024}
}

@article{wang2024joint,
  title={Joint learning of data recovering and graph contrastive denoising for incomplete multi-view clustering},
  author={Wang, Haiyue and Wang, Quan and Miao, Qiguang and Ma, Xiaoke},
  journal={Information Fusion},
  volume={104},
  pages={102155},
  year={2024},
  publisher={Elsevier}
}

@article{yang2024geometric,
  title={Geometric-inspired graph-based incomplete multi-view clustering},
  author={Yang, Zequn and Zhang, Han and Wei, Yake and Wang, Zheng and Nie, Feiping and Hu, Di},
  journal={Pattern Recognition},
  volume={147},
  pages={110082},
  year={2024},
  publisher={Elsevier}
}

@article{wang2020deep,
  title={Deep multi-view subspace clustering with unified and discriminative learning},
  author={Wang, Qianqian and Cheng, Jiafeng and Gao, Quanxue and Zhao, Guoshuai and Jiao, Licheng},
  journal={IEEE Transactions on Multimedia},
  volume={23},
  pages={3483--3493},
  year={2020},
  publisher={IEEE}
}

@article{yu2024deep,
  title={Deep contrastive multi-View subspace clustering with representation and cluster interactive learning},
  author={Yu, Xuejiao and Jiang, Yi and Chao, Guoqing and Chu, Dianhui},
  journal={IEEE Transactions on Knowledge and Data Engineering},
  year={2024},
  publisher={IEEE}
}

@article{chao2022incomplete,
  title={Incomplete multi-view clustering by multiple imputation and ensemble clustering},
  author={Guoqing Chao and Songtao Wang and Shiming Yang and Chunshan Li and Dianhui Chu},
  journal={Applied Intelligence},
  volume={52},
  number={13},
  year={2022},
  pages={14811 -14821}
}

@article{chao2021survey,
  title={A survey on multi-view clustering},
  author={Chao, Guoqing and Sun, Shiliang and Bi, Jinbo},
  journal={IEEE Transactions on Artificial Intelligence},
  volume={2},
  number={2},
  year={2021},
  pages={146-168}
}