@article{li2021incomplete,
  title={Incomplete multi-view clustering with joint partition and graph learning},
  author={Li, Lusi and Wan, Zhiqiang and He, Haibo},
  journal={IEEE Transactions on Knowledge and Data Engineering},
  volume={35},
  number={1},
  pages={589--602},
  year={2021},
  publisher={IEEE}
}

@article{li2023incomplete,
  title={Incomplete multi-view clustering via prototype-based imputation},
  author={Li, Haobin and Li, Yunfan and Yang, Mouxing and Hu, Peng and Peng, Dezhong and Peng, Xi},
  journal={arXiv preprint arXiv:2301.11045},
  year={2023}
}

@article{liu2023self,
  title={Self-supervised graph completion for incomplete multi-view clustering},
  author={Liu, Cheng and Wu, Si and Li, Rui and Jiang, Dazhi and Wong, Hau-San},
  journal={IEEE Transactions on Knowledge and Data Engineering},
  volume={35},
  number={9},
  pages={9394--9406},
  year={2023},
  publisher={IEEE}
}

@article{wang2021generative,
  title={Generative partial multi-view clustering with adaptive fusion and cycle consistency},
  author={Wang, Qianqian and Ding, Zhengming and Tao, Zhiqiang and Gao, Quanxue and Fu, Yun},
  journal={IEEE Transactions on Image Processing},
  volume={30},
  pages={1771--1783},
  year={2021},
  publisher={IEEE}
}

@article{wang2022incomplete,
  title={Incomplete multiview clustering via cross-view relation transfer},
  author={Wang, Yiming and Chang, Dongxia and Fu, Zhiqiang and Wen, Jie and Zhao, Yao},
  journal={IEEE Transactions on Circuits and Systems for Video Technology},
  volume={33},
  number={1},
  pages={367--378},
  year={2022},
  publisher={IEEE}
}

@article{wang2024joint,
  title={Joint learning of data recovering and graph contrastive denoising for incomplete multi-view clustering},
  author={Wang, Haiyue and Wang, Quan and Miao, Qiguang and Ma, Xiaoke},
  journal={Information Fusion},
  volume={104},
  pages={102155},
  year={2024},
  publisher={Elsevier}
}

@inproceedings{wen2021structural,
  title={Structural deep incomplete multi-view clustering network},
  author={Wen, Jie and Wu, Zhihao and Zhang, Zheng and Fei, Lunke and Zhang, Bob and Xu, Yong},
  booktitle={Proceedings of the 30th ACM International Conference on Information \& Knowledge Management},
  pages={3538--3542},
  year={2021}
}

@inproceedings{xu2022deep,
  title={Deep incomplete multi-view clustering via mining cluster complementarity},
  author={Xu, Jie and Li, Chao and Ren, Yazhou and Peng, Liang and Mo, Yujie and Shi, Xiaoshuang and Zhu, Xiaofeng},
  booktitle={Proceedings of the AAAI Conference on Artificial Intelligence},
  volume={36},
  pages={8761--8769},
  year={2022}
}

@article{xu2023adaptive,
  title={Adaptive feature projection with distribution alignment for deep incomplete multi-view clustering},
  author={Xu, Jie and Li, Chao and Peng, Liang and Ren, Yazhou and Shi, Xiaoshuang and Shen, Heng Tao and Zhu, Xiaofeng},
  journal={IEEE Transactions on Image Processing},
  volume={32},
  pages={1354--1366},
  year={2023},
  publisher={IEEE}
}

@inproceedings{xu2024deep,
  title={Deep variational incomplete multi-View clustering: Exploring Shared Clustering Structures},
  author={Xu, Gehui and Wen, Jie and Liu, Chengliang and Hu, Bing and Liu, Yicheng and Fei, Lunke and Wang, Wei},
  booktitle={Proceedings of the AAAI Conference on Artificial Intelligence},
  volume={38},
  pages={16147--16155},
  year={2024}
}

@article{yang2024geometric,
  title={Geometric-inspired graph-based incomplete multi-view clustering},
  author={Yang, Zequn and Zhang, Han and Wei, Yake and Wang, Zheng and Nie, Feiping and Hu, Di},
  journal={Pattern Recognition},
  volume={147},
  pages={110082},
  year={2024},
  publisher={Elsevier}
}

