@article{liu2024mirror,
  title={Mirror diffusion models for constrained and watermarked generation},
  author={Liu, Guan-Horng and Chen, Tianrong and Theodorou, Evangelos and Tao, Molei},
  journal={Advances in Neural Information Processing Systems},
  volume={36},
  year={2024}
}

@article{fishman2023diffusion,
  title={Diffusion Models for Constrained Domains},
  author={Fishman, Nic and Klarner, Leo and De Bortoli, Valentin and Mathieu, Emile and Hutchinson, Michael John},
  journal={Transactions on Machine Learning Research},
  year={2023}
}

@inproceedings{lou2023reflected,
  title={Reflected diffusion models},
  author={Lou, Aaron and Ermon, Stefano},
  booktitle={International Conference on Machine Learning},
  pages={22675--22701},
  year={2023},
  organization={PMLR}
}

@inproceedings{du2023reduce,
  title={Reduce, reuse, recycle: Compositional generation with energy-based diffusion models and mcmc},
  author={Du, Yilun and Durkan, Conor and Strudel, Robin and Tenenbaum, Joshua B and Dieleman, Sander and Fergus, Rob and Sohl-Dickstein, Jascha and Doucet, Arnaud and Grathwohl, Will Sussman},
  booktitle={International conference on machine learning},
  pages={8489--8510},
  year={2023},
  organization={PMLR}
}

@inproceedings{yang2023compositional,
  title={Compositional Diffusion-Based Continuous Constraint Solvers},
  author={Yang, Zhutian and Mao, Jiayuan and Du, Yilun and Wu, Jiajun and Tenenbaum, Joshua B and Lozano-P{\'e}rez, Tom{\'a}s and Kaelbling, Leslie Pack},
  booktitle={7th Annual Conference on Robot Learning},
  year={2023}
}

@article{de2022riemannian,
  title={Riemannian score-based generative modelling},
  author={De Bortoli, Valentin and Mathieu, Emile and Hutchinson, Michael and Thornton, James and Teh, Yee Whye and Doucet, Arnaud},
  journal={Advances in Neural Information Processing Systems},
  volume={35},
  pages={2406--2422},
  year={2022}
}

@article{wu2022diffusion,
  title={Diffusion-based molecule generation with informative prior bridges},
  author={Wu, Lemeng and Gong, Chengyue and Liu, Xingchao and Ye, Mao and Liu, Qiang},
  journal={Advances in Neural Information Processing Systems},
  volume={35},
  pages={36533--36545},
  year={2022}
}

@inproceedings{richemond2023categorical,
  title={Categorical SDEs with Simplex Diffusion},
  author={Richemond, Pierre Harvey and Dieleman, Sander and Doucet, Arnaud},
  booktitle={ICML 2023 Workshop: Sampling and Optimization in Discrete Space},
  year={2023}
}

@article{fishman2024metropolis,
  title={Metropolis Sampling for Constrained Diffusion Models},
  author={Fishman, Nic and Klarner, Leo and Mathieu, Emile and Hutchinson, Michael and De Bortoli, Valentin},
  journal={Advances in Neural Information Processing Systems},
  volume={36},
  year={2024}
}

@article{kong2024diffusion,
  title={Diffusion Models as Constrained Samplers for Optimization with Unknown Constraints},
  author={Kong, Lingkai and Du, Yuanqi and Mu, Wenhao and Neklyudov, Kirill and De Bortol, Valentin and Wang, Haorui and Wu, Dongxia and Ferber, Aaron and Ma, Yi-An and Gomes, Carla P and others},
  journal={arXiv preprint arXiv:2402.18012},
  year={2024}
}

@article{garipov2023compositional,
  title={Compositional sculpting of iterative generative processes},
  author={Garipov, Timur and De Peuter, Sebastiaan and Yang, Ge and Garg, Vikas and Kaski, Samuel and Jaakkola, Tommi},
  journal={Advances in neural information processing systems},
  volume={36},
  pages={12665--12702},
  year={2023}
}

@inproceedings{zhou2024denoising,
title={Denoising Diffusion Bridge Models},
author={Linqi Zhou and Aaron Lou and Samar Khanna and Stefano Ermon},
booktitle={The Twelfth International Conference on Learning Representations},
year={2024},
url={https://openreview.net/forum?id=FKksTayvGo}
}

@inproceedings{liu2023learning,
title={Learning Diffusion Bridges on Constrained Domains},
author={Xingchao Liu and Lemeng Wu and Mao Ye and qiang liu},
booktitle={The Eleventh International Conference on Learning Representations },
year={2023},
url={https://openreview.net/forum?id=WH1yCa0TbB}
}

@article{anderson1982reverse,
  title={Reverse-time diffusion equation models},
  author={Anderson, Brian DO},
  journal={Stochastic Processes and their Applications},
  volume={12},
  number={3},
  pages={313--326},
  year={1982},
  publisher={Elsevier}
}

@article{vincent2011connection,
  title={A connection between score matching and denoising autoencoders},
  author={Vincent, Pascal},
  journal={Neural computation},
  volume={23},
  number={7},
  pages={1661--1674},
  year={2011},
  publisher={MIT Press}
}

@inproceedings{ajay2022conditional,
title={Is Conditional Generative Modeling all you need for Decision Making?},
author={Anurag Ajay and Yilun Du and Abhi Gupta and Joshua B. Tenenbaum and Tommi S. Jaakkola and Pulkit Agrawal},
booktitle={The Eleventh International Conference on Learning Representations },
year={2023},
url={https://openreview.net/forum?id=sP1fo2K9DFG}
}

@article{zhang2021understanding,
  title     = {Understanding deep learning (still) requires rethinking generalization},
  author    = {Zhang, Chiyuan and Bengio, Samy and Hardt, Moritz and Recht, Benjamin and Vinyals, Oriol},
  journal   = {Communications of the ACM},
  volume    = {64},
  number    = {3},
  pages     = {107--115},
  year      = {2021},
  publisher = {ACM New York, NY, USA}
}


@article{karras2022elucidating,
  title={Elucidating the design space of diffusion-based generative models},
  author={Karras, Tero and Aittala, Miika and Aila, Timo and Laine, Samuli},
  journal={Advances in Neural Information Processing Systems},
  volume={35},
  pages={26565--26577},
  year={2022}
}

@inproceedings{sohl2015deep,
  title={Deep unsupervised learning using nonequilibrium thermodynamics},
  author={Sohl-Dickstein, Jascha and Weiss, Eric and Maheswaranathan, Niru and Ganguli, Surya},
  booktitle={International conference on machine learning},
  pages={2256--2265},
  year={2015},
  organization={PMLR}
}

@article{song2019generative,
  title={Generative modeling by estimating gradients of the data distribution},
  author={Song, Yang and Ermon, Stefano},
  journal={Advances in neural information processing systems},
  volume={32},
  year={2019}
}

@article{ho2020denoising,
  title={Denoising diffusion probabilistic models},
  author={Ho, Jonathan and Jain, Ajay and Abbeel, Pieter},
  journal={Advances in neural information processing systems},
  volume={33},
  pages={6840--6851},
  year={2020}
}

@inproceedings{song2020score,
title={Score-Based Generative Modeling through Stochastic Differential Equations},
author={Yang Song and Jascha Sohl-Dickstein and Diederik P Kingma and Abhishek Kumar and Stefano Ermon and Ben Poole},
booktitle={International Conference on Learning Representations},
year={2021},
url={https://openreview.net/forum?id=PxTIG12RRHS}
}

@inproceedings{tan2021scenegen,
  title={Scenegen: Learning to generate realistic traffic scenes},
  author={Tan, Shuhan and Wong, Kelvin and Wang, Shenlong and Manivasagam, Sivabalan and Ren, Mengye and Urtasun, Raquel},
  booktitle={Proceedings of the IEEE/CVF Conference on Computer Vision and Pattern Recognition},
  pages={892--901},
  year={2021}
}

@article{zwartsenberg2022conditional,
title={Conditional Permutation Invariant Flows},
author={Berend Zwartsenberg and Adam {\'S}cibior and Matthew Niedoba and Vasileios Lioutas and Justice Sefas and Yunpeng Liu and Setareh Dabiri and Jonathan Wilder Lavington and Trevor Campbell and Frank Wood},
journal={Transactions on Machine Learning Research},
issn={2835-8856},
year={2023},
url={https://openreview.net/forum?id=DUsgPi3oCC},
note={}
}

@inproceedings{naderiparizi2024dont,
title={Don't be so Negative! Score-based Generative Modeling with Oracle-assisted Guidance},
author={Saeid Naderiparizi and Xiaoxuan Liang and Setareh Cohan and Berend Zwartsenberg and Frank Wood},
booktitle={Forty-first International Conference on Machine Learning},
year={2024},
url={https://openreview.net/forum?id=H8pMSJwRD5}
}

@inproceedings{hanneke2018actively,
  title={Actively avoiding nonsense in generative models},
  author={Hanneke, Steve and Kalai, Adam Tauman and Kamath, Gautam and Tzamos, Christos},
  booktitle={Conference On Learning Theory},
  pages={209--227},
  year={2018},
  organization={PMLR}
}

@inproceedings{kong2023data,
  title        = {Data redaction from pre-trained gans},
  author       = {Kong, Zhifeng and Chaudhuri, Kamalika},
  booktitle    = {2023 IEEE Conference on Secure and Trustworthy Machine Learning (SaTML)},
  pages        = {638--677},
  year         = {2023},
  organization = {IEEE}
}

@article{dhariwal2021diffusion,
  title={Diffusion models beat gans on image synthesis},
  author={Dhariwal, Prafulla and Nichol, Alexander},
  journal={Advances in neural information processing systems},
  volume={34},
  pages={8780--8794},
  year={2021}
}

@article{vaswani2017attention,
  title   = {Attention is all you need},
  author  = {Vaswani, Ashish and Shazeer, Noam and Parmar, Niki and Uszkoreit, Jakob and Jones, Llion and Gomez, Aidan N and Kaiser, {\L}ukasz and Polosukhin, Illia},
  journal = {Advances in neural information processing systems},
  volume  = {30},
  year    = {2017}
}

@article{zwartsenberg2023conditional,
  title   = {Conditional Permutation Invariant Flows},
  author  = {Berend Zwartsenberg and Adam Scibior and Matthew Niedoba and Vasileios Lioutas and Justice Sefas and Yunpeng Liu and Setareh Dabiri and Jonathan Wilder Lavington and Trevor Campbell and Frank Wood},
  journal = {Transactions on Machine Learning Research},
  issn    = {2835-8856},
  year    = {2023},
  url     = {https://openreview.net/forum?id=DUsgPi3oCC},
  note    = {}
}

@article{brunke2022safe,
  title={Safe learning in robotics: From learning-based control to safe reinforcement learning},
  author={Brunke, Lukas and Greeff, Melissa and Hall, Adam W and Yuan, Zhaocong and Zhou, Siqi and Panerati, Jacopo and Schoellig, Angela P},
  journal={Annual Review of Control, Robotics, and Autonomous Systems},
  volume={5},
  pages={411--444},
  year={2022},
  publisher={Annual Reviews}
}

@article{lioutas2022titrated,
  title={Titrated: Learned human driving behavior without infractions via amortized inference},
  author={Lioutas, Vasileios and Scibior, Adam and Wood, Frank},
  journal={Transactions on Machine Learning Research},
  year={2022}
}


@inproceedings{lioutas2022critic,
title={Critic Sequential Monte Carlo},
author={Vasileios Lioutas and Jonathan Wilder Lavington and Justice Sefas and Matthew Niedoba and Yunpeng Liu and Berend Zwartsenberg and Setareh Dabiri and Frank Wood and Adam Scibior},
booktitle={The Eleventh International Conference on Learning Representations },
year={2023},
url={https://openreview.net/forum?id=ObtGcyKmwna}
}


@article{lecun1998gradient,
  title={Gradient-based learning applied to document recognition},
  author={LeCun, Yann and Bottou, L{\'e}on and Bengio, Yoshua and Haffner, Patrick},
  journal={Proceedings of the IEEE},
  volume={86},
  number={11},
  pages={2278--2324},
  year={1998},
  publisher={Ieee}
}


@article{kingma2014adam,
  title={Adam: A method for stochastic optimization},
  author={Kingma, Diederik P and Ba, Jimmy},
  journal={arXiv preprint arXiv:1412.6980},
  year={2014}
}

@inproceedings{shaw2018self,
  title={Self-Attention with Relative Position Representations},
  author={Shaw, Peter and Uszkoreit, Jakob and Vaswani, Ashish},
  booktitle={Proceedings of the 2018 Conference of the North American Chapter of the Association for Computational Linguistics: Human Language Technologies, Volume 2 (Short Papers)},
  year={2018},
  organization={Association for Computational Linguistics}
}

@inproceedings{wu2021rethinking,
  title={Rethinking and improving relative position encoding for vision transformer},
  author={Wu, Kan and Peng, Houwen and Chen, Minghao and Fu, Jianlong and Chao, Hongyang},
  booktitle={Proceedings of the IEEE/CVF International Conference on Computer Vision},
  pages={10033--10041},
  year={2021}
}

@article{harvey2022flexible,
  title={Flexible diffusion modeling of long videos},
  author={Harvey, William and Naderiparizi, Saeid and Masrani, Vaden and Weilbach, Christian and Wood, Frank},
  journal={Advances in Neural Information Processing Systems},
  volume={35},
  pages={27953--27965},
  year={2022}
}

@inproceedings{janner2022planning,
  title={Planning with Diffusion for Flexible Behavior Synthesis},
  author={Janner, Michael and Du, Yilun and Tenenbaum, Joshua and Levine, Sergey},
  booktitle={International Conference on Machine Learning},
  pages={9902--9915},
  year={2022},
  organization={PMLR}
}

@inproceedings{zhong2022guided,
  title={Guided conditional diffusion for controllable traffic simulation},
  author={Zhong, Ziyuan and Rempe, Davis and Xu, Danfei and Chen, Yuxiao and Veer, Sushant and Che, Tong and Ray, Baishakhi and Pavone, Marco},
  booktitle={2023 IEEE International Conference on Robotics and Automation (ICRA)},
  pages={3560--3566},
  year={2023},
  organization={IEEE}
}

@article{azamfirei2023large,
  title={Large language models and the perils of their hallucinations},
  author={Azamfirei, Razvan and Kudchadkar, Sapna R and Fackler, James},
  journal={Critical Care},
  volume={27},
  number={1},
  pages={120},
  year={2023},
  publisher={Springer}
}


@article{huang2023survey,
  title={A survey on hallucination in large language models: Principles, taxonomy, challenges, and open questions},
  author={Huang, Lei and Yu, Weijiang and Ma, Weitao and Zhong, Weihong and Feng, Zhangyin and Wang, Haotian and Chen, Qianglong and Peng, Weihua and Feng, Xiaocheng and Qin, Bing and others},
  journal={arXiv preprint arXiv:2311.05232},
  year={2023}
}

@article{de2021diffusion,
  title={Diffusion schr{\"o}dinger bridge with applications to score-based generative modeling},
  author={De Bortoli, Valentin and Thornton, James and Heng, Jeremy and Doucet, Arnaud},
  journal={Advances in Neural Information Processing Systems},
  volume={34},
  pages={17695--17709},
  year={2021}
}

@inproceedings{chen2021likelihood,
title={Likelihood Training of Schr\"odinger Bridge using Forward-Backward {SDE}s Theory},
author={Tianrong Chen and Guan-Horng Liu and Evangelos Theodorou},
booktitle={International Conference on Learning Representations},
year={2022},
url={https://openreview.net/forum?id=nioAdKCEdXB}
}


@article{shi2024diffusion,
  title={Diffusion Schr{\"o}dinger bridge matching},
  author={Shi, Yuyang and De Bortoli, Valentin and Campbell, Andrew and Doucet, Arnaud},
  journal={Advances in Neural Information Processing Systems},
  volume={36},
  year={2024}
}


@inproceedings{wang2021deep,
  title={Deep generative learning via schr{\"o}dinger bridge},
  author={Wang, Gefei and Jiao, Yuling and Xu, Qian and Wang, Yang and Yang, Can},
  booktitle={International conference on machine learning},
  pages={10794--10804},
  year={2021},
  organization={PMLR}
}

@inproceedings{knight2002safety,
  title={Safety critical systems: challenges and directions},
  author={Knight, John C},
  booktitle={Proceedings of the 24th international conference on software engineering},
  pages={547--550},
  year={2002}
}

@article{niedoba2024diffusion,
  title={A Diffusion-Model of Joint Interactive Navigation},
  author={Niedoba, Matthew and Lavington, Jonathan and Liu, Yunpeng and Lioutas, Vasileios and Sefas, Justice and Liang, Xiaoxuan and Green, Dylan and Dabiri, Setareh and Zwartsenberg, Berend and Scibior, Adam and others},
  journal={Advances in Neural Information Processing Systems},
  volume={36},
  year={2024}
}

@article{paszke2019pytorch,
  title={Pytorch: An imperative style, high-performance deep learning library},
  author={Paszke, Adam and Gross, Sam and Massa, Francisco and Lerer, Adam and Bradbury, James and Chanan, Gregory and Killeen, Trevor and Lin, Zeming and Gimelshein, Natalia and Antiga, Luca and others},
  journal={Advances in neural information processing systems},
  volume={32},
  year={2019}
}

@book{ascher1998computer,
  title={Computer methods for ordinary differential equations and differential-algebraic equations},
  author={Ascher, Uri M and Petzold, Linda R},
  year={1998},
  publisher={SIAM}
}

@article{schulman2014motion,
  title={Motion planning with sequential convex optimization and convex collision checking},
  author={Schulman, John and Duan, Yan and Ho, Jonathan and Lee, Alex and Awwal, Ibrahim and Bradlow, Henry and Pan, Jia and Patil, Sachin and Goldberg, Ken and Abbeel, Pieter},
  journal={The International Journal of Robotics Research},
  volume={33},
  number={9},
  pages={1251--1270},
  year={2014},
  publisher={SAGE Publications Sage UK: London, England}
}

@article{heng2021simulating,
  title={Simulating diffusion bridges with score matching},
  author={Heng, Jeremy and De Bortoli, Valentin and Doucet, Arnaud and Thornton, James},
  journal={arXiv preprint arXiv:2111.07243},
  year={2021}
}

@article{schauer2017guided,
author = {Moritz Schauer and Frank van der Meulen and Harry van Zanten},
title = {{Guided proposals for simulating multi-dimensional diffusion bridges}},
volume = {23},
journal = {Bernoulli},
number = {4A},
publisher = {Bernoulli Society for Mathematical Statistics and Probability},
pages = {2917 -- 2950},
keywords = {Change of measure, Data augmentation, linear processes, Multidimensional diffusion bridge},
year = {2017},
doi = {10.3150/16-BEJ833},
URL = {https://doi.org/10.3150/16-BEJ833}
}

@inproceedings{
christopher2024constrained,
title={Constrained Synthesis with Projected Diffusion Models},
author={Jacob K Christopher and Stephen Baek and Ferdinando Fioretto},
booktitle={The Thirty-eighth Annual Conference on Neural Information Processing Systems},
year={2024},
url={https://openreview.net/forum?id=FsdB3I9Y24}
}

@inproceedings{welling2011bayesian,
  title={Bayesian learning via stochastic gradient Langevin dynamics},
  author={Welling, Max and Teh, Yee W},
  booktitle={Proceedings of the 28th international conference on machine learning (ICML-11)},
  pages={681--688},
  year={2011},
  organization={Citeseer}
}

@inproceedings{jiang2024scenediffuser,
title={SceneDiffuser: Efficient and Controllable Driving Simulation Initialization and Rollout},
author={Chiyu Max Jiang and Yijing Bai and Andre Cornman and Christopher Davis and Xiukun Huang and Hong Jeon and Sakshum Kulshrestha and John Wheatley Lambert and Shuangyu Li and Xuanyu Zhou and Carlos Fuertes and Chang Yuan and Mingxing Tan and Yin Zhou and Dragomir Anguelov},
booktitle={The Thirty-eighth Annual Conference on Neural Information Processing Systems},
year={2024},
url={https://openreview.net/forum?id=a4qT29Levh}
}

@inproceedings{chang2024safe,
  title={SAFE-SIM: Safety-Critical Closed-Loop Traffic Simulation with Diffusion-Controllable Adversaries},
  author={Chang, Wei-Jer and Pittaluga, Francesco and Tomizuka, Masayoshi and Zhan, Wei and Chandraker, Manmohan},
  booktitle={European Conference on Computer Vision},
  pages={242--258},
  year={2024},
  organization={Springer}
}

@article{huang2024versatile,
  title={Versatile Scene-Consistent Traffic Scenario Generation as Optimization with Diffusion},
  author={Huang, Zhiyu and Zhang, Zixu and Vaidya, Ameya and Chen, Yuxiao and Lv, Chen and Fisac, Jaime Fern{\'a}ndez},
  journal={arXiv preprint arXiv:2404.02524},
  year={2024}
}

@inproceedings{choi2020stargan,
  title={Stargan v2: Diverse image synthesis for multiple domains},
  author={Choi, Yunjey and Uh, Youngjung and Yoo, Jaejun and Ha, Jung-Woo},
  booktitle={Proceedings of the IEEE/CVF conference on computer vision and pattern recognition},
  pages={8188--8197},
  year={2020}
}

@article{heusel2017gans,
  title={Gans trained by a two time-scale update rule converge to a local nash equilibrium},
  author={Heusel, Martin and Ramsauer, Hubert and Unterthiner, Thomas and Nessler, Bernhard and Hochreiter, Sepp},
  journal={Advances in neural information processing systems},
  volume={30},
  year={2017}
}