@article{fishman2023diffusion,
  title={Diffusion Models for Constrained Domains},
  author={Fishman, Nic and Klarner, Leo and De Bortoli, Valentin and Mathieu, Emile and Hutchinson, Michael John},
  journal={Transactions on Machine Learning Research},
  year={2023}
}

@article{fishman2024metropolis,
  title={Metropolis Sampling for Constrained Diffusion Models},
  author={Fishman, Nic and Klarner, Leo and Mathieu, Emile and Hutchinson, Michael and De Bortoli, Valentin},
  journal={Advances in Neural Information Processing Systems},
  volume={36},
  year={2024}
}

@inproceedings{hanneke2018actively,
  title={Actively avoiding nonsense in generative models},
  author={Hanneke, Steve and Kalai, Adam Tauman and Kamath, Gautam and Tzamos, Christos},
  booktitle={Conference On Learning Theory},
  pages={209--227},
  year={2018},
  organization={PMLR}
}

@inproceedings{kong2023data,
  title        = {Data redaction from pre-trained gans},
  author       = {Kong, Zhifeng and Chaudhuri, Kamalika},
  booktitle    = {2023 IEEE Conference on Secure and Trustworthy Machine Learning (SaTML)},
  pages        = {638--677},
  year         = {2023},
  organization = {IEEE}
}

@inproceedings{liu2023learning,
title={Learning Diffusion Bridges on Constrained Domains},
author={Xingchao Liu and Lemeng Wu and Mao Ye and qiang liu},
booktitle={The Eleventh International Conference on Learning Representations },
year={2023},
url={https://openreview.net/forum?id=WH1yCa0TbB}
}

@article{liu2024mirror,
  title={Mirror diffusion models for constrained and watermarked generation},
  author={Liu, Guan-Horng and Chen, Tianrong and Theodorou, Evangelos and Tao, Molei},
  journal={Advances in Neural Information Processing Systems},
  volume={36},
  year={2024}
}

@inproceedings{lou2023reflected,
  title={Reflected diffusion models},
  author={Lou, Aaron and Ermon, Stefano},
  booktitle={International Conference on Machine Learning},
  pages={22675--22701},
  year={2023},
  organization={PMLR}
}

@inproceedings{naderiparizi2024dont,
title={Don't be so Negative! Score-based Generative Modeling with Oracle-assisted Guidance},
author={Saeid Naderiparizi and Xiaoxuan Liang and Setareh Cohan and Berend Zwartsenberg and Frank Wood},
booktitle={Forty-first International Conference on Machine Learning},
year={2024},
url={https://openreview.net/forum?id=H8pMSJwRD5}
}

@inproceedings{welling2011bayesian,
  title={Bayesian learning via stochastic gradient Langevin dynamics},
  author={Welling, Max and Teh, Yee W},
  booktitle={Proceedings of the 28th international conference on machine learning (ICML-11)},
  pages={681--688},
  year={2011},
  organization={Citeseer}
}

@article{wu2022diffusion,
  title={Diffusion-based molecule generation with informative prior bridges},
  author={Wu, Lemeng and Gong, Chengyue and Liu, Xingchao and Ye, Mao and Liu, Qiang},
  journal={Advances in Neural Information Processing Systems},
  volume={35},
  pages={36533--36545},
  year={2022}
}

