@IEEEtranBSTCTL{IEEEexample:BSTcontrol,
    CTLuse_article_number = "yes",
    CTLuse_paper = "yes",
    CTLuse_forced_etal = "no",
    CTLmax_names_forced_etal = "4",
    CTLnames_show_etal = "3",
    CTLuse_alt_spacing = "yes",
    CTLalt_stretch_factor = "4",
    CTLdash_repeated_names = "no",
    CTLname_format_string = "{f{.}.~}{vv~}{ll}{, jj}",
    CTLname_latex_cmd = "",
    CTLname_url_prefix = "[Online]. Available:"
}

@ARTICLE{9598915,
  author={Alsabah, Muntadher and others},
  journal={IEEE Access}, 
  title={6{G} Wireless Communications Networks: A Comprehensive Survey}, 
  year={2021},
  volume={9},
  number={},
  pages={148191-148243}}

@ARTICLE{7562568,
  author={Mosenia, Arsalan and Jha, Niraj K.},
  journal={IEEE Transactions on Emerging Topics in Computing}, 
  title={A Comprehensive Study of Security of Internet-of-Things}, 
  year={2017},
  volume={5},
  number={4},
  pages={586-602}}


@inproceedings{NIPS2017_3f5ee243,
 author = {Vaswani, Ashish and Shazeer, Noam and Parmar, Niki and Uszkoreit, Jakob and Jones, Llion and Gomez, Aidan N and Kaiser, \L ukasz and Polosukhin, Illia},
 booktitle = {Advances in Neural Information Processing Systems (NIPS)},
 pages = {},
 title = {Attention is All you Need},
 volume = {30},
 year = {2017}
}

@ARTICLE{Collobert2011,
   author = {Ronan Collobert and Jason Weston and Jweston@google Com and Michael Karlen and Koray Kavukcuoglu and Pavel Kuksa},
   title = {Natural Language Processing (Almost) from Scratch},
   pages = {2493-2537},
   journal = {Journal of Machine Learning Research},
   volume = {12},
   year = {2011}}


@ARTICLE{VFP,
      title={Vortex Feature Positioning: Bridging Tabular IIoT Data and Image-Based Deep Learning}, 
      author={Jong-Ik Park and Sihoon Seong and JunKyu Lee and Cheol-Ho Hong},
      year={2024},
      journal={arXiv:2303.09068}
}


@inproceedings{NIPS2014_5ca3e9b1,
 author = {Goodfellow, Ian and others},
 booktitle = {Advances in Neural Information Processing Systems (NIPS)},
 pages = {},
 title = {Generative Adversarial Nets},
 volume = {27},
 year = {2014}
}



@INPROCEEDINGS{5377998,
  author={Govindarajan, M. and Chandrasekaran, RM.},
  booktitle={First International Conference on Advanced Computing}, 
  title={Intrusion detection using k-Nearest Neighbor}, 
  year={pp. 13-20, 2009}}

@INPROCEEDINGS{9019921,
  author={Sharmila, B S and Nagapadma, Rohini},
  booktitle={IEEE International WIE Conference on Electrical and Computer Engineering}, 
  title={Intrusion Detection System using Naive Bayes algorithm}, 
  year={pp. 1-4, 2019}}


@INPROCEEDINGS{9994392,
  author={Aditya, Rifky and Nuha, Hilal H. and Prabowo, Sidik},
  booktitle={IEEE International Conference on Communication, Networks and Satellite}, 
  title={Intrusion Detection using Support Vector Machine on Internet of Things Dataset}, 
  year={pp. 62-66, 2022}}

@INPROCEEDINGS{8080566,
  author={Almseidin, Mohammad and Alzubi, Maen and Kovacs, Szilveszter and Alkasassbeh, Mouhammd},
  booktitle={IEEE 15th Int. Symp. on Intelligent Systems and Informatics}, 
  title={Evaluation of machine learning algorithms for intrusion detection system}, 
  year={pp. 277-282, 2017}}


@INPROCEEDINGS{9826188,
  author={Lightbody, Dominic and Ngo, Duc-Minh and Temko, Andriy and Murphy, Colin and Popovici, Emanuel},
  booktitle={33rd Irish Signals and Systems Conference}, 
  title={Host-Based Intrusion Detection System for IoT using Convolutional Neural Networks}, 
  year={pp. 1-7, 2022}}


@INPROCEEDINGS{9817245,
  author={Saurabh, Kumar and others},
  booktitle={IEEE World AI IoT Congress}, 
  title={{LBDMIDS}: {LSTM} Based Deep Learning Model for Intrusion Detection Systems for {IoT} Networks}, 
  year={pp. 753-759, 2022}}


@article{Hussain2016,
  title={A two-stage hybrid classification technique for network intrusion detection system},
  author={Jamal Hussain and Samuel Lalmuanawma and Lalrinfela Chhakchhuak},
  year={2016},
  journal={International Journal of Computational Intelligence Systems},
  pages={863-875}
}


@ARTICLE{10064274,
  author={Du, Jiawei and Yang, Kai and Hu, Yanjing and Jiang, Lingjie},
  journal={IEEE Access}, 
  title={{NIDS-CNNLSTM}: Network Intrusion Detection Classification Model Based on Deep Learning}, 
  year={2023},
  volume={11},
  number={},
  pages={24808-24821}}

@ARTICLE{8449272,
  author={Xu, Congyuan and Shen, Jizhong and Du, Xin and Zhang, Fan},
  journal={IEEE Access}, 
  title={An Intrusion Detection System Using a Deep Neural Network With Gated Recurrent Units}, 
  year={2018},
  volume={6},
  number={},
  pages={48697-48707}}

@ARTICLE{8463474,
  author={Al-Qatf, Majjed and Lasheng, Yu and Al-Habib, Mohammed and Al-Sabahi, Kamal},
  journal={IEEE Access}, 
  title={Deep Learning Approach Combining Sparse Autoencoder With {SVM} for Network Intrusion Detection}, 
  year={2018},
  volume={6},
  number={},
  pages={52843-52856}}

@INPROCEEDINGS{9984320,
  author={Walling, Supongmen and Lodh, Sibesh},
  booktitle={13th Int. Conf. on Computing Com. and Networking Technologies}, 
  title={A Survey on Intrusion Detection Systems: Types, Datasets, Machine Learning methods for NIDS and Challenges}, 
  year={pp. 1-7, 2022}}


@ARTICLE{10185955,
  author={Azam, Zahedi and Islam, Md. Motaharul and Huda, Mohammad Nurul},
  journal={IEEE Access}, 
  title={Comparative Analysis of Intrusion Detection Systems and Machine Learning-Based Model Analysis Through Decision Tree}, 
  year={2023},
  volume={11},
  number={},
  pages={80348-80391}}


@ARTICLE{9620099,
  author={Ozkan-Okay, Merve and others},
  journal={IEEE Access}, 
  title={A Comprehensive Systematic Literature Review on Intrusion Detection Systems}, 
  year={2021},
  number={},
  pages={157727-157760}}

@inproceedings{50650,
title	= {An Image is Worth 16x16 Words: Transformers for Image Recognition at Scale},
author	= {Alexander Kolesnikov and Alexey Dosovitskiy and Dirk Weissenborn and Georg Heigold and Jakob Uszkoreit and Lucas Beyer and Matthias Minderer and Mostafa Dehghani and Neil Houlsby and Sylvain Gelly and Thomas Unterthiner and Xiaohua Zhai},
booktitle = {International Conference on Learning Representations (ICLR)},
year	= {2021}}


@article{10.1145/1007730.1007735,
author = {Batista, Gustavo E. A. P. A. and Prati, Ronaldo C. and Monard, Maria Carolina},
title = {A study of the behavior of several methods for balancing machine learning training data},
year = {2004},
publisher = {Association for Computing Machinery},
volume = {6},
journal = {ACM SIGKDD Explor. Newsl.},
pages = {20–29}
}


@article{10.5555/1622407.1622416,
author = {Chawla, Nitesh V. and Bowyer, Kevin W. and Hall, Lawrence O. and Kegelmeyer, W. Philip},
title = {{SMOTE}: synthetic minority over-sampling technique},
year = {2002},
volume = {16},
journal = {Journal of Artificial Intelligence Research},
pages = {321–357},
}

@ARTICLE{9583228,
  author={Mezina, Anzhelika and Burget, Radim and Travieso-González, Carlos M.},
  journal={IEEE Access}, 
  title={Network Anomaly Detection With Temporal Convolutional Network and {U-Net} Model}, 
  year={2021},
  volume={9},
  number={},
  pages={143608-143622}}

@INPROCEEDINGS{9172014,
  author={Fitni, Qusyairi Ridho Saeful and Ramli, Kalamullah},
  booktitle={IEEE Int. Conference on Industry 4.0, Artificial Intelligence, and Communications Technology}, 
  title={Implementation of Ensemble Learning and Feature Selection for Performance Improvements in Anomaly-Based Intrusion Detection Systems}, 
  year={pp. 118-124, 2020}}

@ARTICLE{10044208,
  author={Thakkar, Ankit and Lohiya, Ritika},
  journal={IEEE Internet of Things Journal}, 
  title={Attack Classification of Imbalanced Intrusion Data for {IoT} Network Using Ensemble-Learning-Based Deep Neural Network}, 
  year={pp. 11888-11895, 2023},
  volume={10},
  number={13}}

@inproceedings{Sharafaldin2018,
   author = {Iman Sharafaldin and Arash Habibi Lashkari and Ali A. Ghorbani},
    booktitle = {4th Int. Conf. on Inform. Systems Secur. and Privacy},
   title = {Toward generating a new intrusion detection dataset and intrusion traffic characterization},
   year={pp. 108-116, 2018}
}

@INPROCEEDINGS{menssouri,
  title={Enhanced Intrusion Detection System for Multiclass Classification in {UAV} Networks},
booktitle={IEEE 35rd Annual Int. Symposium on Personal, Indoor and Mobile Radio Communications},
  author={Menssouri, Safaa and Delamou, Mamady and Ibrahimi, Khalil and Amhoud, El Mehdi},
  year={2024}
}

@INPROCEEDINGS{8962490,
  author={Zhang, Xiaoxuan and Ran, Jing and Mi, Jize},
  booktitle={7th Int. Conf. on Computer Science and Network Technology }, 
  title={An Intrusion Detection System Based on Convolutional Neural Network for Imbalanced Network Traffic}, 
  organization={},
year={pp. 456-460, 2019}}

@INPROCEEDINGS{7881684,
  author={Jin Kim and Nara Shin and Jo, Seung Yeon and Sang Hyun Kim},
  booktitle={IEEE International Conference on Big Data and Smart Computing (BigComp)}, 
  title={Method of intrusion detection using deep neural network}, 
  year={pp. 313-316, 2017}
  }

@inproceedings{NEURIPS2019_254ed7d2,
 author = {Xu, Lei and Skoularidou, Maria and Cuesta-Infante, Alfredo and Veeramachaneni, Kalyan},
 booktitle = {Advances in Neural Information Processing Systems (NIPS)},
 pages = {},
 title = {Modeling Tabular data using Conditional {GAN}},
 volume = {32},
 year = {2019}
}

@ARTICLE{10419091,
  author={Zerhouni, Kawtar and Gaba, Gurjot Singh and Hedabou, Mustapha and Maksymyuk, Taras and Gurtov, Andrei and Amhoud, El Mehdi},
  journal={IEEE Transactions on Machine Learning in Communications and Networking}, 
  title={{GAN}-Based Evasion Attack in Filtered Multicarrier Waveforms Systems}, 
  year={2024},
  volume={2},
  number={},
  pages={210-220}}

@ARTICLE{9324926,
  author={Fernando, K. Ruwani M. and Tsokos, Chris P.},
  journal={IEEE Trans. Neural Netw. Learn. Syst.}, 
  title={Dynamically Weighted Balanced Loss: Class Imbalanced Learning and Confidence Calibration of Deep Neural Networks}, 
  year={2022},
  volume={33}
  }







































































