@ARTICLE{10044208,
  author={Thakkar, Ankit and Lohiya, Ritika},
  journal={IEEE Internet of Things Journal}, 
  title={Attack Classification of Imbalanced Intrusion Data for {IoT} Network Using Ensemble-Learning-Based Deep Neural Network}, 
  year={pp. 11888-11895, 2023},
  volume={10},
  number={13}}

@ARTICLE{10064274,
  author={Du, Jiawei and Yang, Kai and Hu, Yanjing and Jiang, Lingjie},
  journal={IEEE Access}, 
  title={{NIDS-CNNLSTM}: Network Intrusion Detection Classification Model Based on Deep Learning}, 
  year={2023},
  volume={11},
  number={},
  pages={24808-24821}}

@ARTICLE{10419091,
  author={Zerhouni, Kawtar and Gaba, Gurjot Singh and Hedabou, Mustapha and Maksymyuk, Taras and Gurtov, Andrei and Amhoud, El Mehdi},
  journal={IEEE Transactions on Machine Learning in Communications and Networking}, 
  title={{GAN}-Based Evasion Attack in Filtered Multicarrier Waveforms Systems}, 
  year={2024},
  volume={2},
  number={},
  pages={210-220}}

@INPROCEEDINGS{8080566,
  author={Almseidin, Mohammad and Alzubi, Maen and Kovacs, Szilveszter and Alkasassbeh, Mouhammd},
  booktitle={IEEE 15th Int. Symp. on Intelligent Systems and Informatics}, 
  title={Evaluation of machine learning algorithms for intrusion detection system}, 
  year={pp. 277-282, 2017}}

@ARTICLE{8449272,
  author={Xu, Congyuan and Shen, Jizhong and Du, Xin and Zhang, Fan},
  journal={IEEE Access}, 
  title={An Intrusion Detection System Using a Deep Neural Network With Gated Recurrent Units}, 
  year={2018},
  volume={6},
  number={},
  pages={48697-48707}}

@INPROCEEDINGS{9172014,
  author={Fitni, Qusyairi Ridho Saeful and Ramli, Kalamullah},
  booktitle={IEEE Int. Conference on Industry 4.0, Artificial Intelligence, and Communications Technology}, 
  title={Implementation of Ensemble Learning and Feature Selection for Performance Improvements in Anomaly-Based Intrusion Detection Systems}, 
  year={pp. 118-124, 2020}}

@INPROCEEDINGS{9817245,
  author={Saurabh, Kumar and others},
  booktitle={IEEE World AI IoT Congress}, 
  title={{LBDMIDS}: {LSTM} Based Deep Learning Model for Intrusion Detection Systems for {IoT} Networks}, 
  year={pp. 753-759, 2022}}

@INPROCEEDINGS{9994392,
  author={Aditya, Rifky and Nuha, Hilal H. and Prabowo, Sidik},
  booktitle={IEEE International Conference on Communication, Networks and Satellite}, 
  title={Intrusion Detection using Support Vector Machine on Internet of Things Dataset}, 
  year={pp. 62-66, 2022}}

@INPROCEEDINGS{menssouri,
  title={Enhanced Intrusion Detection System for Multiclass Classification in {UAV} Networks},
booktitle={IEEE 35rd Annual Int. Symposium on Personal, Indoor and Mobile Radio Communications},
  author={Menssouri, Safaa and Delamou, Mamady and Ibrahimi, Khalil and Amhoud, El Mehdi},
  year={2024}
}

