@article{Assis,
  title={Exactly solvable flat-foldable quadrilateral origami tilings},
  volume={98},
  ISSN={2470-0045, 2470-0053},
  DOI={10.1103/PhysRevE.98.032112},
  note={arXiv: 1705.04710},
  number={3},
  journal={Physical Review E},
  author={Assis, Michael},
  year={2018},
  month={Sep},
  pages={032112} }

@book{GFALOP,
 author               = {Erik D. Demaine and Joseph O'Rourke},
 publisher            = {Cambridge University Press},
 title                = {Geometric Folding Algorithms: Linkages, Origami, Polyhedra},
 year                 = {2007},
 address={Cambridge}
 }

@article{Ginepro,
  title = {Counting {M}iura-ori foldings},
  author = {Ginepro, Jessica and Thomas C. Hull},
  journal = {Journal of Integer Sequences},
  mrnumber = {3275876},
  number = {10},
  pages = {Article 14.10.8},
  volume = {17},
  year = {2014}
}

@book{Ida,
 author               = {Tetsuo Ida},
 publisher            = {Springer},
 title                = {Introduction to Computational Origami},
 year                 = {2020},
 address={Cham, Switzerland},
doi={https://doi.org/10.1007/978-3-319-59189-6}
 }

@book{Origametry,
title={Origametry: Mathematical Methods in Paper Folding},
author={Thomas C. Hull},
publisher={Cambridge University Press},
location={New York, NY},
year={2020}
}

@book{Uehara1,
 author               = {Ryuhei Uehara},
 publisher            = {Springer Singapore},
 title                = {Introduction to Computational Origami},
 year                 = {2020},
 address={Singapore},
doi={https://doi.org/10.1007/978-981-15-4470-5}
 }

@article{anari2021spectral,
  title={Spectral independence in high-dimensional expanders and applications to the hardcore model},
  author={Anari, Nima and Liu, Kuikui and Gharan, Shayan Oveis},
  journal={SIAM Journal on Computing},
  number={0},
  pages={FOCS20--1},
  year={2021},
  publisher={SIAM}
}

@inproceedings{chen2021optimal,
  title={Optimal mixing of {G}lauber dynamics: Entropy factorization via high-dimensional expansion},
  author={Chen, Zongchen and Liu, Kuikui and Vigoda, Eric},
  booktitle={Proceedings of the 53rd Annual ACM SIGACT Symposium on Theory of Computing},
  pages={1537--1550},
  year={2021}
}

@book{grimmett2018probability,
  title={Probability on graphs: random processes on graphs and lattices},
  author={Grimmett, Geoffrey},
  volume={8},
  year={2018},
  publisher={Cambridge University Press}
}

@book{levin2017markov,
  title={Markov chains and mixing times},
  author={Levin, David A and Peres, Yuval},
  volume={107},
  year={2017},
  publisher={American Mathematical Soc.}
}

@article{metropolis1953equation,
  title={Equation of state calculations by fast computing machines},
  author={Metropolis, Nicholas and Rosenbluth, Arianna W and Rosenbluth, Marshall N and Teller, Augusta H and Teller, Edward},
  journal={The Journal of Chemical Physics},
  volume={21},
  number={6},
  pages={1087--1092},
  year={1953},
  publisher={American Institute of Physics}
}

@misc{nakajima1,
      title={A Spin model for global flat-foldability of random origami}, 
      author={Chihiro Nakajima},
      year={2024},
      eprint={2403.07306},
      archivePrefix={arXiv},
      primaryClass={cond-mat.dis-nn},
      url={https://arxiv.org/abs/2403.07306}, 
}

@misc{nakajima2,
      title={An Efficient Enumeration of Flat-Foldings : Study on Random Single Vertex Origami}, 
      author={Chihiro Nakajima},
      year={2024},
      eprint={2409.03240},
      archivePrefix={arXiv},
      primaryClass={cond-mat.stat-mech},
      url={https://arxiv.org/abs/2409.03240}, 
}

