 @inbook{CL, 
 series={Proceedings}, 
 title={An FPTAS for the square lattice six-vertex and eight-vertex models at low temperatures},
 url={https://epubs.siam.org/doi/10.1137/1.9781611976465.92},
 DOI={10.1137/1.9781611976465.92}, booktitle={Proceedings of the 2021 ACM-SIAM Symposium on Discrete Algorithms (SODA)},
 publisher={Society for Industrial and Applied Mathematics},
 author={Cai, Jin-Yi and Liu, Tianyu}, 
 year={2021}, 
 month={Jan}, 
 pages={1520â€“1534}, 
 collection={Proceedings} }
 
  @article{Assis,
  title={Exactly solvable flat-foldable quadrilateral origami tilings},
  volume={98},
  ISSN={2470-0045, 2470-0053},
  DOI={10.1103/PhysRevE.98.032112},
  note={arXiv: 1705.04710},
  number={3},
  journal={Physical Review E},
  author={Assis, Michael},
  year={2018},
  month={Sep},
  pages={032112} }

@Article{JGAA-605,
   author = {{Thomas} C. {Hull} and {Manuel} {Morales} and {Sarah} {Nash} and {Natalya} {Ter-Saakov}},
   title = {Maximal origami flip graphs of flat-foldable vertices: properties and algorithms},
   journal = {Journal of Graph Algorithms and Applications},
   year = {2022},
   volume = {26},
   number = {4},
   pages = {503--517},
   doi = {10.7155/jgaa.00605},
   note={\url{https://jgaa.info/getPaper?id=605}}
}

@article{faceflips,
 author               = {Hugo A. Akitaya and Vida Dujmovi{\'c} and David Eppstein and Thomas C. Hull and Kshitij Jain and Anna Lubiw},
 journal              = {Journal of Computational Geometry},
 title                = {Face flips in origami tessellations},
 volume               = {7},
 number               = {1},
 year                 = {2016},
 doi={10.20382/jocg.v11i1a15},
 url={https://jocg.org/index.php/jocg/article/view/3105}
 }

@article{Tom2,
  title={Counting mountain-valley assignments for flat folds},
  author={Thomas C. Hull},
  journal={Ars Combinatoria},
  volume={67},
  year={2003},
  pages={175--188}
}

@article{Tom1,
title={On the mathematics of flat origamis}, 
author={Thomas C. Hull},
journal={Congressus Numerantium},
volume={100},
year={1994}, 
pages={215--224}
}

@book{Origametry,
title={Origametry: Mathematical Methods in Paper Folding},
author={Thomas C. Hull},
publisher={Cambridge University Press},
location={New York, NY},
year={2020}
}

@book{GFALOP,
 author               = {Erik D. Demaine and Joseph O'Rourke},
 publisher            = {Cambridge University Press},
 title                = {Geometric Folding Algorithms: Linkages, Origami, Polyhedra},
 year                 = {2007},
 address={Cambridge}
 }

@book{Ida,
 author               = {Tetsuo Ida},
 publisher            = {Springer},
 title                = {Introduction to Computational Origami},
 year                 = {2020},
 address={Cham, Switzerland},
doi={https://doi.org/10.1007/978-3-319-59189-6}
 }

@book{Uehara1,
 author               = {Ryuhei Uehara},
 publisher            = {Springer Singapore},
 title                = {Introduction to Computational Origami},
 year                 = {2020},
 address={Singapore},
doi={https://doi.org/10.1007/978-981-15-4470-5}
 }

@article{Robertson,
  author={S. A. Robertson},
  title={Isometric folding of {R}iemannian manifolds},
  journal={Proceedings of the Royal Society of Edinburgh},
  volume={79},
  number={3--4},
  year={1977--1978},
  pages={275--284}
}

@InProceedings{boxpleat,
author="Akitaya, Hugo A.
and Cheung, Kenneth C.
and Demaine, Erik D.
and Horiyama, Takashi
and Hull, Thomas C.
and Ku, Jason S.
and Tachi, Tomohiro
and Uehara, Ryuhei",
editor="Akiyama, Jin
and Ito, Hiro
and Sakai, Toshinori
and Uno, Yushi",
title="Box Pleating is Hard",
booktitle="Discrete and Computational Geometry and Graphs",
year="2016",
publisher="Springer International Publishing",
address="Cham",
pages="167--179",
isbn="978-3-319-48532-4"
}

@book{levin2017markov,
  title={Markov chains and mixing times},
  author={Levin, David A and Peres, Yuval},
  volume={107},
  year={2017},
  publisher={American Mathematical Soc.}
}


@article{Liu,
	Author = {Liu, Bin and Silverberg, Jesse L. and Evans, Arthur A. and Santangelo, Christian D. and Lang, Robert J. and Hull, Thomas C. and Cohen, Itai},
	Isbn = {1745-2481},
	Journal = {Nature Physics},
	Number = {8},
	Pages = {811--815},
	Read = {0},
	Title = {Topological kinematics of origami metamaterials},
	Ty = {JOUR},
	Url = {https://doi.org/10.1038/s41567-018-0150-8},
	Volume = {14},
	Year = {2018}
	}

@article{YouSci14,
author = {Zhong You },
title = {Folding structures out of flat materials},
journal = {Science},
volume = {345},
number = {6197},
pages = {623--624},
year = {2014},
doi = {10.1126/science.1257841},
URL = {https://www.science.org/doi/abs/10.1126/science.1257841}
}


@article {Maleczek2018,
title = {Curved folded wooden assemblies},
journal = {Proceedings of IASS Annual Symposia},
year = {2018},
volume = {2018},
number = {20},
pages = {1--8},
issn = {2518-6582},
eissn = {2518-6582},
url = {https://www.ingentaconnect.com/content/iass/piass/2018/00002018/00000020/art00010},
author = {Maleczek, Rupert and Stern, Gabriel and Preisinger, Clemens and Heimrath, Moritz and Krieg, Oliver D and Metzler, Astrid}
}

@book{YOrigami,
title={Y Origami?: Explorations in Folding},
author={Davic C. Morgan and Denise M. Halverson and Spencer P. Magleby and Terri C. Bateman and Larry L. Howell},
publisher={American Mathematical Society},
year={2017},
location={Providence, RI}
}

@book{Active,
title={Active Origami: Modeling, Design, and Applications},
author={Edwin A. Peraza Hernandez and Darren J. Hartl and Dimitris C. Lagoudas},
publisher={Springer},
year={2019},
location={Cham, Switzerland},
url={https://doi.org/10.1007/978-3-319-91866-2}
}

@misc{TessLang,
  title = {{Tessellatica 11.1}},
  author = {Robert J. Lang},
  howpublished = {Software},
  url = {https://langorigami.com/article/tessellatica/},
  year = {2018}}


@article{Silverberg,
  title = {{Origami structures with a critical transition to bistability arising from hidden degrees of freedom}},
  author = {Jesse L. Silverberg and Jun-Hee Na and Arthur A. Evans and Bin Liu and Thomas C. Hull and Christian D. Santangelo and Robert J. Lang and Ryan C. Hayward and Itai Cohen},
  doi = {10.1038/nmat4232},
  journal = {Nature Materials},
  number = {4},
  pages = {389{--}393},
  volume = {14},
  year = {2015}}

@book{Gjerde,
 author               = {Eric Gjerde},
 title                = {Origami Tessellations: Awe-Inspiring Geometric Designs},
 year                 = {2008},
  publisher            = {{A K Peters}},
 address={Wellesley, MA}
}

@article {Silverberg1,
	author = {Silverberg, Jesse L. and Evans, Arthur A. and McLeod, Lauren and Hayward, Ryan C. and Hull, Thomas and Santangelo, Christian D. and Cohen, Itai},
	title = {Using origami design principles to fold reprogrammable mechanical metamaterials},
	volume = {345},
	number = {6197},
	pages = {647--650},
	year = {2014},
	doi = {10.1126/science.1252876},
	publisher = {American Association for the Advancement of Science},
	issn = {0036-8075},
	URL = {https://science.sciencemag.org/content/345/6197/647},
	eprint = {https://science.sciencemag.org/content/345/6197/647.full.pdf},
	journal = {Science}
}

@article{Ginepro,
  title = {Counting {M}iura-ori foldings},
  author = {Ginepro, Jessica and Thomas C. Hull},
  journal = {Journal of Integer Sequences},
  mrnumber = {3275876},
  number = {10},
  pages = {Article 14.10.8},
  volume = {17},
  year = {2014}
}

@article{Goldberg,
  title={Random sampling of 3-colorings in $\mathbb{Z}^2$},
  author={Goldberg, Leslie Ann and Martin, Russell and Paterson, Mike},
  journal={Random Structures \& Algorithms},
  volume={24},
  number={3},
  pages={279--302},
  year={2004},
  publisher={Wiley Online Library}
}

@article{lunnon1,
  author={W. F. Lunnon},
  title={A map-folding problem},
  journal={Mathematics of Computation},
  volume={22},
  number={101},
  year={1968},
  pages={193--199}
}

@article{koehler,
  author={J. Koehler},
  title={Folding a strip of stamps},
  journal={Journal of Combinatorial Theory},
  volume={5},
  year={1968},
  pages={135--152}
}

@inproceedings{Justin,
 author               = {Jacques Justin},
 booktitle            = {Origami Science \& Art: Proceedings of the Second International Meeting of Origami Science and Scientific Origami},
 editor               = {Koryo Miura},
 pages                = {15--29},
 title                = {Toward a mathematical theory of origami},
 year                 = {1997},
 publisher={Seian University of Art and Design},
 address={Otsu, Japan}
}

@article{DiF,
  title={Folding and coloring problems in mathematics and physics},
  author={Philippe Di Francesco},
  journal={Bulletin of the American Mathematical Society},
  volume={37},
  year={2000},
  pages={251--307}
}

@misc{nakajima1,
      title={A Spin model for global flat-foldability of random origami}, 
      author={Chihiro Nakajima},
      year={2024},
      eprint={2403.07306},
      archivePrefix={arXiv},
      primaryClass={cond-mat.dis-nn},
      url={https://arxiv.org/abs/2403.07306}, 
}

@misc{nakajima2,
      title={An Efficient Enumeration of Flat-Foldings : Study on Random Single Vertex Origami}, 
      author={Chihiro Nakajima},
      year={2024},
      eprint={2409.03240},
      archivePrefix={arXiv},
      primaryClass={cond-mat.stat-mech},
      url={https://arxiv.org/abs/2409.03240}, 
}

@article{wilson2004mixing,
  title={Mixing times of lozenge tiling and card shuffling {M}arkov chains},
  author={Wilson, David Bruce},
  journal={The Annals of Applied Probability},
  volume={14},
  number={1},
  pages={274--325},
  year={2004},
  publisher={Institute of Mathematical Statistics}
}

@article{peres2015mixing,
  title={Mixing times are hitting times of large sets},
  author={Peres, Yuval and Sousi, Perla},
  journal={Journal of Theoretical Probability},
  volume={28},
  number={2},
  pages={488--519},
  year={2015},
  publisher={Springer}
}

@book{grimmett2018probability,
  title={Probability on graphs: random processes on graphs and lattices},
  author={Grimmett, Geoffrey},
  volume={8},
  year={2018},
  publisher={Cambridge University Press}
}

@article{metropolis1953equation,
  title={Equation of state calculations by fast computing machines},
  author={Metropolis, Nicholas and Rosenbluth, Arianna W and Rosenbluth, Marshall N and Teller, Augusta H and Teller, Edward},
  journal={The Journal of Chemical Physics},
  volume={21},
  number={6},
  pages={1087--1092},
  year={1953},
  publisher={American Institute of Physics}
}

@article{anari2021spectral,
  title={Spectral independence in high-dimensional expanders and applications to the hardcore model},
  author={Anari, Nima and Liu, Kuikui and Gharan, Shayan Oveis},
  journal={SIAM Journal on Computing},
  number={0},
  pages={FOCS20--1},
  year={2021},
  publisher={SIAM}
}

@inproceedings{chen2021optimal,
  title={Optimal mixing of {G}lauber dynamics: Entropy factorization via high-dimensional expansion},
  author={Chen, Zongchen and Liu, Kuikui and Vigoda, Eric},
  booktitle={Proceedings of the 53rd Annual ACM SIGACT Symposium on Theory of Computing},
  pages={1537--1550},
  year={2021}
}

@article{capobianco2008multidimensional,
  title={Multidimensional cellular automata and generalization of {F}ekete's lemma},
  author={Capobianco, Silvio},
  journal={Discrete Mathematics \& Theoretical Computer Science},
  volume={10},
  number={Automata, Logic and Semantics},
  year={2008},
  publisher={Episciences. org}
}

@inproceedings{Ball,
  title = {{Minimum forcing sets for Miura folding patterns}},
  author = {Brad Ballinger and Mirela Damian and David Eppstein and Robin Y. Flatland and Ginepro, Jessica and Thomas Hull},
  booktitle = {Proc. 26th ACM-SIAM Symp. Discrete Algorithms, San Diego, California, 2015},
  doi = {10.1137/1.9781611973730.11},
  eprint = {1410.2231},
  pages = {136{--}147},
  year = {2015}}

@article{bernstein,
  title={Theory of probability},
  author={Bernstein, Sergei},
  journal={Gostekhizdat, Moscow},
  year={1946}
}

@book{wainwright,
  title={High-dimensional statistics: A non-asymptotic viewpoint},
  author={Wainwright, Martin J},
  volume={48},
  year={2019},
  publisher={Cambridge university press}
}

@book{vershynin,
  title={High-dimensional probability: An introduction with applications in data science},
  author={Vershynin, Roman},
  volume={47},
  year={2018},
  publisher={Cambridge university press}
}