@inproceedings{ajay2023is,
title={Is Conditional Generative Modeling all you need for Decision Making?},
author={Anurag Ajay and Yilun Du and Abhi Gupta and Joshua B. Tenenbaum and Tommi S. Jaakkola and Pulkit Agrawal},
booktitle={The Eleventh International Conference on Learning Representations },
year={2023},
url={https://openreview.net/forum?id=sP1fo2K9DFG}
}

@article{alonso2024diffusion,
  title={Diffusion for World Modeling: Visual Details Matter in Atari},
  author={Alonso, Eloi and Jelley, Adam and Micheli, Vincent and Kanervisto, Anssi and Storkey, Amos and Pearce, Tim and Fleuret, Fran{\c{c}}ois},
  journal={arXiv preprint arXiv:2405.12399},
  year={2024}
}

@article{bai2024constrained,
  title={Constrained Ensemble Exploration for Unsupervised Skill Discovery},
  author={Bai, Chenjia and Yang, Rushuai and Zhang, Qiaosheng and Xu, Kang and Chen, Yi and Xiao, Ting and Li, Xuelong},
  journal={arXiv preprint arXiv:2405.16030},
  year={2024}
}

@inproceedings{burda2018exploration,
  title={Exploration by random network distillation},
  author={Burda, Yuri and Edwards, Harrison and Storkey, Amos and Klimov, Oleg},
  booktitle={International Conference on Learning Representations},
  year={2018}
}

@inproceedings{campos2020explore,
  title={Explore, discover and learn: Unsupervised discovery of state-covering skills},
  author={Campos, V{\'\i}ctor and Trott, Alexander and Xiong, Caiming and Socher, Richard and Gir{\'o}-i-Nieto, Xavier and Torres, Jordi},
  booktitle={International Conference on Machine Learning},
  pages={1317--1327},
  year={2020},
  organization={PMLR}
}

@inproceedings{chen2023offline,
title={Offline Reinforcement Learning via High-Fidelity Generative Behavior Modeling},
author={Huayu Chen and Cheng Lu and Chengyang Ying and Hang Su and Jun Zhu},
booktitle={The Eleventh International Conference on Learning Representations },
year={2023},
url={https://openreview.net/forum?id=42zs3qa2kpy}
}

@article{chen2024aligning,
  title={Aligning Diffusion Behaviors with Q-functions for Efficient Continuous Control},
  author={Chen, Huayu and Zheng, Kaiwen and Su, Hang and Zhu, Jun},
  journal={arXiv preprint arXiv:2407.09024},
  year={2024}
}

@article{chen2024diffusion,
  title={Diffusion forcing: Next-token prediction meets full-sequence diffusion},
  author={Chen, Boyuan and Monso, Diego Marti and Du, Yilun and Simchowitz, Max and Tedrake, Russ and Sitzmann, Vincent},
  journal={arXiv preprint arXiv:2407.01392},
  year={2024}
}

@article{chen2024simple,
  title={Simple hierarchical planning with diffusion},
  author={Chen, Chang and Deng, Fei and Kawaguchi, Kenji and Gulcehre, Caglar and Ahn, Sungjin},
  journal={arXiv preprint arXiv:2401.02644},
  year={2024}
}

@article{chi2023diffusion,
  title={Diffusion policy: Visuomotor policy learning via action diffusion},
  author={Chi, Cheng and Xu, Zhenjia and Feng, Siyuan and Cousineau, Eric and Du, Yilun and Burchfiel, Benjamin and Tedrake, Russ and Song, Shuran},
  journal={The International Journal of Robotics Research},
  pages={02783649241273668},
  year={2023},
  publisher={SAGE Publications Sage UK: London, England}
}

@article{ding2024diffusion,
  title={Diffusion world model},
  author={Ding, Zihan and Zhang, Amy and Tian, Yuandong and Zheng, Qinqing},
  journal={arXiv preprint arXiv:2402.03570},
  year={2024}
}

@inproceedings{eysenbach2018diversity,
  title={Diversity is All You Need: Learning Skills without a Reward Function},
  author={Eysenbach, Benjamin and Gupta, Abhishek and Ibarz, Julian and Levine, Sergey},
  booktitle={International Conference on Learning Representations},
  year={2018}
}

@article{hansen2023idql,
  title={Idql: Implicit q-learning as an actor-critic method with diffusion policies},
  author={Hansen-Estruch, Philippe and Kostrikov, Ilya and Janner, Michael and Kuba, Jakub Grudzien and Levine, Sergey},
  journal={arXiv preprint arXiv:2304.10573},
  year={2023}
}

@article{he2023diffusion,
  title={Diffusion model is an effective planner and data synthesizer for multi-task reinforcement learning},
  author={He, Haoran and Bai, Chenjia and Xu, Kang and Yang, Zhuoran and Zhang, Weinan and Wang, Dong and Zhao, Bin and Li, Xuelong},
  journal={Advances in neural information processing systems},
  volume={36},
  pages={64896--64917},
  year={2023}
}

@inproceedings{janner2022planning,
  title={Planning with Diffusion for Flexible Behavior Synthesis},
  author={Janner, Michael and Du, Yilun and Tenenbaum, Joshua and Levine, Sergey},
  booktitle={International Conference on Machine Learning},
  pages={9902--9915},
  year={2022},
  organization={PMLR}
}

@article{kang2024efficient,
  title={Efficient diffusion policies for offline reinforcement learning},
  author={Kang, Bingyi and Ma, Xiao and Du, Chao and Pang, Tianyu and Yan, Shuicheng},
  journal={Advances in Neural Information Processing Systems},
  volume={36},
  year={2024}
}

@inproceedings{kim2021unsupervised,
  title={Unsupervised Skill Discovery with Bottleneck Option Learning},
  author={Kim, Jaekyeom and Park, Seohong and Kim, Gunhee},
  booktitle={International Conference on Machine Learning},
  pages={5572--5582},
  year={2021},
  organization={PMLR}
}

@article{laskin2022unsupervised,
  title={Unsupervised reinforcement learning with contrastive intrinsic control},
  author={Laskin, Michael and Liu, Hao and Peng, Xue Bin and Yarats, Denis and Rajeswaran, Aravind and Abbeel, Pieter},
  journal={Advances in Neural Information Processing Systems},
  volume={35},
  pages={34478--34491},
  year={2022}
}

@article{lee2019efficient,
  title={Efficient exploration via state marginal matching},
  author={Lee, Lisa and Eysenbach, Benjamin and Parisotto, Emilio and Xing, Eric and Levine, Sergey and Salakhutdinov, Ruslan},
  journal={arXiv preprint arXiv:1906.05274},
  year={2019}
}

@inproceedings{li2023hierarchical,
  title={Hierarchical diffusion for offline decision making},
  author={Li, Wenhao and Wang, Xiangfeng and Jin, Bo and Zha, Hongyuan},
  booktitle={International Conference on Machine Learning},
  pages={20035--20064},
  year={2023},
  organization={PMLR}
}

@article{li2024learning,
  title={Learning Multimodal Behaviors from Scratch with Diffusion Policy Gradient},
  author={Li, Zechu and Krohn, Rickmer and Chen, Tao and Ajay, Anurag and Agrawal, Pulkit and Chalvatzaki, Georgia},
  journal={arXiv preprint arXiv:2406.00681},
  year={2024}
}

@inproceedings{liang2023adaptdiffuser,
  title={AdaptDiffuser: Diffusion Models as Adaptive Self-evolving Planners},
  author={Liang, Zhixuan and Mu, Yao and Ding, Mingyu and Ni, Fei and Tomizuka, Masayoshi and Luo, Ping},
  booktitle={International Conference on Machine Learning},
  pages={20725--20745},
  year={2023},
  organization={PMLR}
}

@inproceedings{liu2021aps,
  title={Aps: Active pretraining with successor features},
  author={Liu, Hao and Abbeel, Pieter},
  booktitle={International Conference on Machine Learning},
  pages={6736--6747},
  year={2021},
  organization={PMLR}
}

@article{liu2021behavior,
  title={Behavior from the void: Unsupervised active pre-training},
  author={Liu, Hao and Abbeel, Pieter},
  journal={Advances in Neural Information Processing Systems},
  volume={34},
  pages={18459--18473},
  year={2021}
}

@article{liu2024energy,
  title={Energy-guided diffusion sampling for offline-to-online reinforcement learning},
  author={Liu, Xu-Hui and Liu, Tian-Shuo and Jiang, Shengyi and Chen, Ruifeng and Zhang, Zhilong and Chen, Xinwei and Yu, Yang},
  journal={arXiv preprint arXiv:2407.12448},
  year={2024}
}

@inproceedings{lu2023contrastive,
  title={Contrastive energy prediction for exact energy-guided diffusion sampling in offline reinforcement learning},
  author={Lu, Cheng and Chen, Huayu and Chen, Jianfei and Su, Hang and Li, Chongxuan and Zhu, Jun},
  booktitle={International Conference on Machine Learning},
  pages={22825--22855},
  year={2023},
  organization={PMLR}
}

@article{lu2024synthetic,
  title={Synthetic experience replay},
  author={Lu, Cong and Ball, Philip and Teh, Yee Whye and Parker-Holder, Jack},
  journal={Advances in Neural Information Processing Systems},
  volume={36},
  year={2024}
}

@article{mark2024policy,
  title={Policy Agnostic RL: Offline RL and Online RL Fine-Tuning of Any Class and Backbone},
  author={Mark, Max Sobol and Gao, Tian and Sampaio, Georgia Gabriela and Srirama, Mohan Kumar and Sharma, Archit and Finn, Chelsea and Kumar, Aviral},
  journal={arXiv preprint arXiv:2412.06685},
  year={2024}
}

@inproceedings{mazzaglia2022curiosity,
  title={Curiosity-driven exploration via latent bayesian surprise},
  author={Mazzaglia, Pietro and Catal, Ozan and Verbelen, Tim and Dhoedt, Bart},
  booktitle={Proceedings of the AAAI Conference on Artificial Intelligence},
  volume={36},
  number={7},
  pages={7752--7760},
  year={2022}
}

@inproceedings{park2022lipschitz,
  title={Lipschitz-constrained unsupervised skill discovery},
  author={Park, Seohong and Choi, Jongwook and Kim, Jaekyeom and Lee, Honglak and Kim, Gunhee},
  booktitle={International Conference on Learning Representations},
  year={2022}
}

@article{park2023metra,
  title={Metra: Scalable unsupervised rl with metric-aware abstraction},
  author={Park, Seohong and Rybkin, Oleh and Levine, Sergey},
  journal={arXiv preprint arXiv:2310.08887},
  year={2023}
}

@inproceedings{pathak2017curiosity,
  title={Curiosity-driven exploration by self-supervised prediction},
  author={Pathak, Deepak and Agrawal, Pulkit and Efros, Alexei A and Darrell, Trevor},
  booktitle={International conference on machine learning},
  pages={2778--2787},
  year={2017},
  organization={PMLR}
}

@inproceedings{pathak2019self,
  title={Self-supervised exploration via disagreement},
  author={Pathak, Deepak and Gandhi, Dhiraj and Gupta, Abhinav},
  booktitle={International conference on machine learning},
  pages={5062--5071},
  year={2019},
  organization={PMLR}
}

@article{psenka2023learning,
  title={Learning a diffusion model policy from rewards via q-score matching},
  author={Psenka, Michael and Escontrela, Alejandro and Abbeel, Pieter and Ma, Yi},
  journal={arXiv preprint arXiv:2312.11752},
  year={2023}
}

@article{ren2024diffusion,
  title={Diffusion policy policy optimization},
  author={Ren, Allen Z and Lidard, Justin and Ankile, Lars L and Simeonov, Anthony and Agrawal, Pulkit and Majumdar, Anirudha and Burchfiel, Benjamin and Dai, Hongkai and Simchowitz, Max},
  journal={arXiv preprint arXiv:2409.00588},
  year={2024}
}

@inproceedings{wang2023diffusion,
title={Diffusion Policies as an Expressive Policy Class for Offline Reinforcement Learning},
author={Zhendong Wang and Jonathan J Hunt and Mingyuan Zhou},
booktitle={The Eleventh International Conference on Learning Representations },
year={2023},
url={https://openreview.net/forum?id=AHvFDPi-FA}
}

@article{wang2024prioritized,
  title={Prioritized Generative Replay},
  author={Wang, Renhao and Frans, Kevin and Abbeel, Pieter and Levine, Sergey and Efros, Alexei A},
  journal={arXiv preprint arXiv:2410.18082},
  year={2024}
}

@inproceedings{yang2023behavior,
  title={Behavior contrastive learning for unsupervised skill discovery},
  author={Yang, Rushuai and Bai, Chenjia and Guo, Hongyi and Li, Siyuan and Zhao, Bin and Wang, Zhen and Liu, Peng and Li, Xuelong},
  booktitle={International Conference on Machine Learning},
  pages={39183--39204},
  year={2023},
  organization={PMLR}
}

@article{ying2024peac,
  title={PEAC: Unsupervised Pre-training for Cross-Embodiment Reinforcement Learning},
  author={Ying, Chengyang and Hao, Zhongkai and Zhou, Xinning and Xu, Xuezhou and Su, Hang and Zhang, Xingxing and Zhu, Jun},
  journal={arXiv preprint arXiv:2405.14073},
  year={2024}
}

@article{zhao2022mixture,
  title={A mixture of surprises for unsupervised reinforcement learning},
  author={Zhao, Andrew and Lin, Matthieu and Li, Yangguang and Liu, Yong-Jin and Huang, Gao},
  journal={Advances in Neural Information Processing Systems},
  volume={35},
  pages={26078--26090},
  year={2022}
}

@article{zhu2023diffusion,
  title={Diffusion models for reinforcement learning: A survey},
  author={Zhu, Zhengbang and Zhao, Hanye and He, Haoran and Zhong, Yichao and Zhang, Shenyu and Guo, Haoquan and Chen, Tingting and Zhang, Weinan},
  journal={arXiv preprint arXiv:2311.01223},
  year={2023}
}

