@article{agarwal2022reincarnating,
  title={Reincarnating reinforcement learning: Reusing prior computation to accelerate progress},
  author={Agarwal, Rishabh and Schwarzer, Max and Castro, Pablo Samuel and Courville, Aaron C and Bellemare, Marc},
  journal={Advances in neural information processing systems},
  volume={35},
  pages={28955--28971},
  year={2022}
}

@article{andrychowicz2020learning,
  title={Learning dexterous in-hand manipulation},
  author={Andrychowicz, OpenAI: Marcin and Baker, Bowen and Chociej, Maciek and Jozefowicz, Rafal and McGrew, Bob and Pachocki, Jakub and Petron, Arthur and Plappert, Matthias and Powell, Glenn and Ray, Alex and others},
  journal={The International Journal of Robotics Research},
  volume={39},
  number={1},
  pages={3--20},
  year={2020},
  publisher={SAGE Publications Sage UK: London, England}
}

@inproceedings{barreto2018transfer,
  title={Transfer in deep reinforcement learning using successor features and generalised policy improvement},
  author={Barreto, Andre and Borsa, Diana and Quan, John and Schaul, Tom and Silver, David and Hessel, Matteo and Mankowitz, Daniel and Zidek, Augustin and Munos, Remi},
  booktitle={International Conference on Machine Learning},
  pages={501--510},
  year={2018},
  organization={PMLR}
}

@article{berner2019dota,
  title={Dota 2 with large scale deep reinforcement learning},
  author={Berner, Christopher and Brockman, Greg and Chan, Brooke and Cheung, Vicki and Debiak, Przemys{\l}aw and Dennison, Christy and Farhi, David and Fischer, Quirin and Hashme, Shariq and Hesse, Chris and others},
  journal={arXiv preprint arXiv:1912.06680},
  year={2019}
}

@inproceedings{du2024position,
  title={Position: Compositional Generative Modeling: A Single Model is Not All You Need},
  author={Du, Yilun and Kaelbling, Leslie Pack},
  booktitle={Forty-first International Conference on Machine Learning},
  year={2024}
}

@inproceedings{janner2022planning,
  title={Planning with Diffusion for Flexible Behavior Synthesis},
  author={Janner, Michael and Du, Yilun and Tenenbaum, Joshua and Levine, Sergey},
  booktitle={International Conference on Machine Learning},
  pages={9902--9915},
  year={2022},
  organization={PMLR}
}

@inproceedings{kessler2020unclear,
  title={UNCLEAR: A straightforward method for continual reinforcement learning},
  author={Kessler, Samuel and Parker-Holder, Jack and Ball, Philip and Zohren, Stefan and Roberts, Stephen J},
  booktitle={Proceedings of the 37th International Conference on Machine Learning},
  year={2020}
}

@article{kim2024unsupervised,
  title={Unsupervised-to-Online Reinforcement Learning},
  author={Kim, Junsu and Park, Seohong and Levine, Sergey},
  journal={arXiv preprint arXiv:2408.14785},
  year={2024}
}

@article{lecun2006tutorial,
  title={A tutorial on energy-based learning},
  author={LeCun, Yann and Chopra, Sumit and Hadsell, Raia and Ranzato, M and Huang, Fujie and others},
  journal={Predicting structured data},
  volume={1},
  number={0},
  year={2006}
}

@inproceedings{lee2022offline,
  title={Offline-to-online reinforcement learning via balanced replay and pessimistic q-ensemble},
  author={Lee, Seunghyun and Seo, Younggyo and Lee, Kimin and Abbeel, Pieter and Shin, Jinwoo},
  booktitle={Conference on Robot Learning},
  pages={1702--1712},
  year={2022},
  organization={PMLR}
}

@article{li2019hierarchical,
  title={Hierarchical reinforcement learning with advantage-based auxiliary rewards},
  author={Li, Siyuan and Wang, Rui and Tang, Minxue and Zhang, Chongjie},
  journal={Advances in Neural Information Processing Systems},
  volume={32},
  year={2019}
}

@inproceedings{liu2022compositional,
  title={Compositional visual generation with composable diffusion models},
  author={Liu, Nan and Li, Shuang and Du, Yilun and Torralba, Antonio and Tenenbaum, Joshua B},
  booktitle={European Conference on Computer Vision},
  pages={423--439},
  year={2022},
  organization={Springer}
}

@article{liu2023tail,
  title={Tail: Task-specific adapters for imitation learning with large pretrained models},
  author={Liu, Zuxin and Zhang, Jesse and Asadi, Kavosh and Liu, Yao and Zhao, Ding and Sabach, Shoham and Fakoor, Rasool},
  journal={arXiv preprint arXiv:2310.05905},
  year={2023}
}

@article{liu2024continual,
  title={Continual Offline Reinforcement Learning via Diffusion-based Dual Generative Replay},
  author={Liu, Jinmei and Li, Wenbin and Yue, Xiangyu and Zhang, Shilin and Chen, Chunlin and Wang, Zhi},
  journal={arXiv preprint arXiv:2404.10662},
  year={2024}
}

@inproceedings{luo2024potential,
  title={Potential Based Diffusion Motion Planning},
  author={Luo, Yunhao and Sun, Chen and Tenenbaum, Joshua B and Du, Yilun},
  booktitle={Forty-first International Conference on Machine Learning},
  year={2024}
}

@article{merel2020catch,
  title={Catch \& carry: reusable neural controllers for vision-guided whole-body tasks},
  author={Merel, Josh and Tunyasuvunakool, Saran and Ahuja, Arun and Tassa, Yuval and Hasenclever, Leonard and Pham, Vu and Erez, Tom and Wayne, Greg and Heess, Nicolas},
  journal={ACM Transactions on Graphics (TOG)},
  volume={39},
  number={4},
  pages={39--1},
  year={2020},
  publisher={ACM New York, NY, USA}
}

@article{nair2020awac,
  title={Awac: Accelerating online reinforcement learning with offline datasets},
  author={Nair, Ashvin and Gupta, Abhishek and Dalal, Murtaza and Levine, Sergey},
  journal={arXiv preprint arXiv:2006.09359},
  year={2020}
}

@article{peng2019mcp,
  title={Mcp: Learning composable hierarchical control with multiplicative compositional policies},
  author={Peng, Xue Bin and Chang, Michael and Zhang, Grace and Abbeel, Pieter and Levine, Sergey},
  journal={Advances in neural information processing systems},
  volume={32},
  year={2019}
}

@inproceedings{peng2023ideal,
  title={The ideal continual learner: An agent that never forgets},
  author={Peng, Liangzu and Giampouras, Paris and Vidal, Ren{\'e}},
  booktitle={International Conference on Machine Learning},
  pages={27585--27610},
  year={2023},
  organization={PMLR}
}

@inproceedings{pertsch2021accelerating,
  title={Accelerating reinforcement learning with learned skill priors},
  author={Pertsch, Karl and Lee, Youngwoon and Lim, Joseph},
  booktitle={Conference on robot learning},
  pages={188--204},
  year={2021},
  organization={PMLR}
}

@inproceedings{qureshi2020composing,
  title={Composing Task-Agnostic Policies with Deep Reinforcement Learning},
  author={Qureshi, Ahmed H and Johnson, Jacob J and Qin, Yuzhe and Henderson, Taylor and Boots, Byron and Yip, Michael C},
  booktitle={International Conference on Learning Representations},
  year={2020}
}

@article{silver2017mastering,
  title={Mastering the game of go without human knowledge},
  author={Silver, David and Schrittwieser, Julian and Simonyan, Karen and Antonoglou, Ioannis and Huang, Aja and Guez, Arthur and Hubert, Thomas and Baker, Lucas and Lai, Matthew and Bolton, Adrian and others},
  journal={nature},
  volume={550},
  number={7676},
  pages={354--359},
  year={2017},
  publisher={Nature Publishing Group}
}

@article{smith2023continual,
  title={Continual diffusion: Continual customization of text-to-image diffusion with c-lora},
  author={Smith, James Seale and Hsu, Yen-Chang and Zhang, Lingyu and Hua, Ting and Kira, Zsolt and Shen, Yilin and Jin, Hongxia},
  journal={arXiv preprint arXiv:2304.06027},
  year={2023}
}

@article{vinyals2019grandmaster,
  title={Grandmaster level in StarCraft II using multi-agent reinforcement learning},
  author={Vinyals, Oriol and Babuschkin, Igor and Czarnecki, Wojciech M and Mathieu, Micha{\"e}l and Dudzik, Andrew and Chung, Junyoung and Choi, David H and Powell, Richard and Ewalds, Timo and Georgiev, Petko and others},
  journal={nature},
  volume={575},
  number={7782},
  pages={350--354},
  year={2019},
  publisher={Nature Publishing Group}
}

@article{wang2024poco,
  title={Poco: Policy composition from and for heterogeneous robot learning},
  author={Wang, Lirui and Zhao, Jialiang and Du, Yilun and Adelson, Edward H and Tedrake, Russ},
  journal={arXiv preprint arXiv:2402.02511},
  year={2024}
}

@article{wang2024train,
  title={Train once, get a family: State-adaptive balances for offline-to-online reinforcement learning},
  author={Wang, Shenzhi and Yang, Qisen and Gao, Jiawei and Lin, Matthieu and Chen, Hao and Wu, Liwei and Jia, Ning and Song, Shiji and Huang, Gao},
  journal={Advances in Neural Information Processing Systems},
  volume={36},
  year={2024}
}

@inproceedings{zhang2023policy,
  title={Policy Expansion for Bridging Offline-to-Online Reinforcement Learning},
  author={Zhang, Haichao and Xu, Wei and Yu, Haonan},
  booktitle={The Eleventh International Conference on Learning Representations},
  year={2023}
}

