@incollection{Bengio+chapter2007,
author = {Bengio, Yoshua and LeCun, Yann},
booktitle = {Large Scale Kernel Machines},
publisher = {MIT Press},
title = {Scaling Learning Algorithms Towards {AI}},
year = {2007}
}

@article{Hinton06,
author = {Hinton, Geoffrey E. and Osindero, Simon and Teh, Yee Whye},
journal = {Neural Computation},
pages = {1527--1554},
title = {A Fast Learning Algorithm for Deep Belief Nets},
volume = {18},
year = {2006}
}

@book{goodfellow2016deep,
title={Deep learning},
author={Goodfellow, Ian and Bengio, Yoshua and Courville, Aaron and Bengio, Yoshua},
volume={1},
year={2016},
publisher={MIT Press}
}



@book{li2023reinforcement,
  title={Reinforcement learning for sequential decision and optimal control},
  author={Li, Shengbo Eben},
  year={2023},
  publisher={Springer}
}

@inproceedings{choi2021robust,
  title={Robust control barrier--value functions for safety-critical control},
  author={Choi, Jason J and Lee, Donggun and Sreenath, Koushil and Tomlin, Claire J and Herbert, Sylvia L},
  booktitle={2021 60th IEEE Conference on Decision and Control (CDC)},
  pages={6814--6821},
  year={2021},
  organization={IEEE}
}

@article{gu2022review,
  title={A review of safe reinforcement learning: Methods, theory and applications},
  author={Gu, Shangding and Yang, Long and Du, Yali and Chen, Guang and Walter, Florian and Wang, Jun and Yang, Yaodong and Knoll, Alois},
  journal={arXiv preprint arXiv:2205.10330},
  year={2022}
}

@article{levine2020offline,
  title={Offline reinforcement learning: Tutorial, review, and perspectives on open problems},
  author={Levine, Sergey and Kumar, Aviral and Tucker, George and Fu, Justin},
  journal={arXiv preprint arXiv:2005.01643},
  year={2020}
}

@article{hansen2023idql,
  title={Idql: Implicit q-learning as an actor-critic method with diffusion policies},
  author={Hansen-Estruch, Philippe and Kostrikov, Ilya and Janner, Michael and Kuba, Jakub Grudzien and Levine, Sergey},
  journal={arXiv preprint arXiv:2304.10573},
  year={2023}
}

@misc{jaxrl,
  author = {Kostrikov, Ilya},
  doi = {10.5281/zenodo.5535154},
  month = {10},
  title = {{JAXRL: Implementations of Reinforcement Learning algorithms in JAX}},
  url = {https://github.com/ikostrikov/jaxrl},
  year = {2021}
}

@article{kaiser2019model,
  title={Model-based reinforcement learning for atari},
  author={Kaiser, Lukasz and Babaeizadeh, Mohammad and Milos, Piotr and Osinski, Blazej and Campbell, Roy H and Czechowski, Konrad and Erhan, Dumitru and Finn, Chelsea and Kozakowski, Piotr and Levine, Sergey and others},
  journal={arXiv preprint arXiv:1903.00374},
  year={2019}
}

@article{schrittwieser2020mastering,
  title={Mastering atari, go, chess and shogi by planning with a learned model},
  author={Schrittwieser, Julian and Antonoglou, Ioannis and Hubert, Thomas and Simonyan, Karen and Sifre, Laurent and Schmitt, Simon and Guez, Arthur and Lockhart, Edward and Hassabis, Demis and Graepel, Thore and others},
  journal={Nature},
  volume={588},
  number={7839},
  pages={604--609},
  year={2020},
  publisher={Nature Publishing Group UK London}
}

@article{ho2020denoising,
  title={Denoising diffusion probabilistic models},
  author={Ho, Jonathan and Jain, Ajay and Abbeel, Pieter},
  journal={Advances in neural information processing systems},
  volume={33},
  pages={6840--6851},
  year={2020}
}

@article{saxena2021generative,
  title={Generative adversarial networks (GANs) challenges, solutions, and future directions},
  author={Saxena, Divya and Cao, Jiannong},
  journal={ACM Computing Surveys (CSUR)},
  volume={54},
  number={3},
  pages={1--42},
  year={2021},
  publisher={ACM New York, NY, USA}
}

@article{ouyang2022training,
  title={Training language models to follow instructions with human feedback},
  author={Ouyang, Long and Wu, Jeffrey and Jiang, Xu and Almeida, Diogo and Wainwright, Carroll and Mishkin, Pamela and Zhang, Chong and Agarwal, Sandhini and Slama, Katarina and Ray, Alex and others},
  journal={Advances in Neural Information Processing Systems},
  volume={35},
  pages={27730--27744},
  year={2022}
}

@inproceedings{zhan2022deepthermal,
  title={Deepthermal: Combustion optimization for thermal power generating units using offline reinforcement learning},
  author={Zhan, Xianyuan and Xu, Haoran and Zhang, Yue and Zhu, Xiangyu and Yin, Honglei and Zheng, Yu},
  booktitle={Proceedings of the AAAI Conference on Artificial Intelligence},
  volume={36},
  number={4},
  pages={4680--4688},
  year={2022}
}

@article{kiran2021deep,
  title={Deep reinforcement learning for autonomous driving: A survey},
  author={Kiran, B Ravi and Sobh, Ibrahim and Talpaert, Victor and Mannion, Patrick and Al Sallab, Ahmad A and Yogamani, Senthil and P{\'e}rez, Patrick},
  journal={IEEE Transactions on Intelligent Transportation Systems},
  volume={23},
  number={6},
  pages={4909--4926},
  year={2021},
  publisher={IEEE}
}

@article{chang2019neural,
  title={Neural lyapunov control},
  author={Chang, Ya-Chien and Roohi, Nima and Gao, Sicun},
  journal={Advances in neural information processing systems},
  volume={32},
  year={2019}
}

@inproceedings{choi2020reinforcement,
  title={Reinforcement Learning for Safety-Critical Control under Model Uncertainty, using Control Lyapunov Functions and Control Barrier Functions},
  author={Choi, Jason and Casta{\~n}eda, Fernando and Tomlin, Claire J and Sreenath, Koushil},
  booktitle={Robotics: Science and Systems (RSS)},
  year={2020}
}

@article{yang2023model,
  title={Model-free safe reinforcement learning through neural barrier certificate},
  author={Yang, Yujie and Jiang, Yuxuan and Liu, Yichen and Chen, Jianyu and Li, Shengbo Eben},
  journal={IEEE Robotics and Automation Letters},
  volume={8},
  number={3},
  pages={1295--1302},
  year={2023},
  publisher={IEEE}
}

@article{yang2023feasible,
  title={Feasible Policy Iteration},
  author={Yang, Yujie and Zheng, Zhilong and Li, Shengbo Eben},
  journal={arXiv preprint arXiv:2304.08845},
  year={2023}
}

@inproceedings{ma2022joint,
  title={Joint synthesis of safety certificate and safe control policy using constrained reinforcement learning},
  author={Ma, Haitong and Liu, Changliu and Li, Shengbo Eben and Zheng, Sifa and Chen, Jianyu},
  booktitle={Learning for Dynamics and Control Conference},
  pages={97--109},
  year={2022},
  organization={PMLR}
}

@inproceedings{tessler2018reward,
  title={Reward Constrained Policy Optimization},
  author={Tessler, Chen and Mankowitz, Daniel J and Mannor, Shie},
  booktitle={International Conference on Learning Representations},
  year={2018}
}

@book{altman2021constrained,
  title={Constrained Markov decision processes},
  author={Altman, Eitan},
  year={2021},
  publisher={Routledge}
}

@inproceedings{achiam2017constrained,
  title={Constrained policy optimization},
  author={Achiam, Joshua and Held, David and Tamar, Aviv and Abbeel, Pieter},
  booktitle={International conference on machine learning},
  pages={22--31},
  year={2017},
  organization={PMLR}
}

@article{zhang2020first,
  title={First order constrained optimization in policy space},
  author={Zhang, Yiming and Vuong, Quan and Ross, Keith},
  journal={Advances in Neural Information Processing Systems},
  volume={33},
  pages={15338--15349},
  year={2020}
}

@inproceedings{yang2020projection,
  title={Projection-Based Constrained Policy Optimization},
  author={Yang, Tsung-Yen and Rosca, Justinian and Narasimhan, Karthik and Ramadge, Peter J},
  booktitle={International Conference on Learning Representations},
  year={2020}
}

@inproceedings{xu2022constraints,
  title={Constraints penalized q-learning for safe offline reinforcement learning},
  author={Xu, Haoran and Zhan, Xianyuan and Zhu, Xiangyu},
  booktitle={Proceedings of the AAAI Conference on Artificial Intelligence},
  volume={36},
  number={8},
  pages={8753--8760},
  year={2022}
}

@inproceedings{lee2022coptidice,
  title={COptiDICE: Offline Constrained Reinforcement Learning via Stationary Distribution Correction Estimation},
  author={Lee, Jongmin and Paduraru, Cosmin and Mankowitz, Daniel J and Heess, Nicolas and Precup, Doina and Kim, Kee-Eung and Guez, Arthur},
  booktitle={International Conference on Learning Representations},
  year={2022}
}


@inproceedings{liu2023constrained,
  title={Constrained decision transformer for offline safe reinforcement learning},
  author={Liu, Zuxin and Guo, Zijian and Yao, Yihang and Cen, Zhepeng and Yu, Wenhao and Zhang, Tingnan and Zhao, Ding},
  booktitle={International Conference on Machine Learning},
  year={2023}
}

@inproceedings{lin2023safe,
  title={Safe Offline Reinforcement Learning with Real-Time Budget Constraints},
  author={Lin, Qian and Tang, Bo and Wu, Zifan and Yu, Chao and Mao, Shangqin and Xie, Qianlong and Wang, Xingxing and Wang, Dong},
  booktitle={International Conference on Machine Learning},
  year={2023}
}

@article{ma2021feasible,
  title={Feasible actor-critic: Constrained reinforcement learning for ensuring statewise safety},
  author={Ma, Haitong and Guan, Yang and Li, Shegnbo Eben and Zhang, Xiangteng and Zheng, Sifa and Chen, Jianyu},
  journal={arXiv preprint arXiv:2105.10682},
  year={2021}
}

@inproceedings{bajcsy2019efficient,
  title={An efficient reachability-based framework for provably safe autonomous navigation in unknown environments},
  author={Bajcsy, Andrea and Bansal, Somil and Bronstein, Eli and Tolani, Varun and Tomlin, Claire J},
  booktitle={2019 IEEE 58th Conference on Decision and Control (CDC)},
  pages={1758--1765},
  year={2019},
  organization={IEEE}
}

@article{dawson2023safe,
  title={Safe control with learned certificates: A survey of neural lyapunov, barrier, and contraction methods for robotics and control},
  author={Dawson, Charles and Gao, Sicun and Fan, Chuchu},
  journal={IEEE Transactions on Robotics},
  year={2023},
  publisher={IEEE}
}

@inproceedings{fisac2019bridging,
  title={Bridging hamilton-jacobi safety analysis and reinforcement learning},
  author={Fisac, Jaime F and Lugovoy, Neil F and Rubies-Royo, Vicen{\c{c}} and Ghosh, Shromona and Tomlin, Claire J},
  booktitle={2019 International Conference on Robotics and Automation (ICRA)},
  pages={8550--8556},
  year={2019},
  organization={IEEE}
}

@inproceedings{yu2022reachability,
  title={Reachability constrained reinforcement learning},
  author={Yu, Dongjie and Ma, Haitong and Li, Shengbo and Chen, Jianyu},
  booktitle={International Conference on Machine Learning},
  pages={25636--25655},
  year={2022},
  organization={PMLR}
}

@inproceedings{fujimoto2019off,
  title={Off-policy deep reinforcement learning without exploration},
  author={Fujimoto, Scott and Meger, David and Precup, Doina},
  booktitle={International conference on machine learning},
  pages={2052--2062},
  year={2019},
  organization={PMLR}
}

@article{kumar2020conservative,
  title={Conservative q-learning for offline reinforcement learning},
  author={Kumar, Aviral and Zhou, Aurick and Tucker, George and Levine, Sergey},
  journal={Advances in Neural Information Processing Systems},
  volume={33},
  pages={1179--1191},
  year={2020}
}

@inproceedings{kostrikov2021offline,
  title={Offline Reinforcement Learning with Implicit Q-Learning},
  author={Kostrikov, Ilya and Nair, Ashvin and Levine, Sergey},
  booktitle={International Conference on Learning Representations},
  year={2022}
}


@article{nair2020awac,
  title={Awac: Accelerating online reinforcement learning with offline datasets},
  author={Nair, Ashvin and Gupta, Abhishek and Dalal, Murtaza and Levine, Sergey},
  journal={arXiv preprint arXiv:2006.09359},
  year={2020}
}

@article{peng2019advantage,
  title={Advantage-weighted regression: Simple and scalable off-policy reinforcement learning},
  author={Peng, Xue Bin and Kumar, Aviral and Zhang, Grace and Levine, Sergey},
  journal={arXiv preprint arXiv:1910.00177},
  year={2019}
}

% datasets
@article{liu2023datasets,
  title={Datasets and Benchmarks for Offline Safe Reinforcement Learning},
  author={Liu, Zuxin and Guo, Zijian and Lin, Haohong and Yao, Yihang and Zhu, Jiacheng and Cen, Zhepeng and Hu, Hanjiang and Yu, Wenhao and Zhang, Tingnan and Tan, Jie and others},
  journal={arXiv preprint arXiv:2306.09303},
  year={2023}
}

% environment
@article{Ray2019,
    author = {Ray, Alex and Achiam, Joshua and Amodei, Dario},
    title = {{Benchmarking Safe Exploration in Deep Reinforcement Learning}},
    year = {2019}
}

@article{ji2023omnisafe,
  title={OmniSafe: An Infrastructure for Accelerating Safe Reinforcement Learning Research},
  author={Ji, Jiaming and Zhou, Jiayi and Zhang, Borong and Dai, Juntao and Pan, Xuehai and Sun, Ruiyang and Huang, Weidong and Geng, Yiran and Liu, Mickel and Yang, Yaodong},
  journal={arXiv preprint arXiv:2305.09304},
  year={2023}
}

@article{gronauer2022bullet,
  title={Bullet-safety-gym: A framework for constrained reinforcement learning},
  author={Gronauer, Sven},
  year={2022}
}

@article{li2022metadrive,
  title={Metadrive: Composing diverse driving scenarios for generalizable reinforcement learning},
  author={Li, Quanyi and Peng, Zhenghao and Feng, Lan and Zhang, Qihang and Xue, Zhenghai and Zhou, Bolei},
  journal={IEEE transactions on pattern analysis and machine intelligence},
  volume={45},
  number={3},
  pages={3461--3475},
  year={2022},
  publisher={IEEE}
}

@inproceedings{stooke2020responsive,
  title={Responsive safety in reinforcement learning by pid lagrangian methods},
  author={Stooke, Adam and Achiam, Joshua and Abbeel, Pieter},
  booktitle={International Conference on Machine Learning},
  pages={9133--9143},
  year={2020},
  organization={PMLR}
}

@inproceedings{bansal2017hamilton,
  title={Hamilton-jacobi reachability: A brief overview and recent advances},
  author={Bansal, Somil and Chen, Mo and Herbert, Sylvia and Tomlin, Claire J},
  booktitle={2017 IEEE 56th Annual Conference on Decision and Control (CDC)},
  pages={2242--2253},
  year={2017},
  organization={IEEE}
}

@inproceedings{lee2021optidice,
  title={Optidice: Offline policy optimization via stationary distribution correction estimation},
  author={Lee, Jongmin and Jeon, Wonseok and Lee, Byungjun and Pineau, Joelle and Kim, Kee-Eung},
  booktitle={International Conference on Machine Learning},
  pages={6120--6130},
  year={2021},
  organization={PMLR}
}

@inproceedings{
xu2023offline,
title={Offline {RL} with No {OOD} Actions: In-Sample Learning via Implicit Value Regularization},
author={Haoran Xu and Li Jiang and Jianxiong Li and Zhuoran Yang and Zhaoran Wang and Victor Wai Kin Chan and Xianyuan Zhan},
booktitle={The Eleventh International Conference on Learning Representations },
year={2023},
}

@article{garg2023extreme,
  title={Extreme q-learning: Maxent RL without entropy},
  author={Garg, Divyansh and Hejna, Joey and Geist, Matthieu and Ermon, Stefano},
  journal={arXiv preprint arXiv:2301.02328},
  year={2023}
}

@inproceedings{lu2023contrastive,
  title={Contrastive Energy Prediction for Exact Energy-Guided Diffusion Sampling in Offline Reinforcement Learning},
  author={Lu, Cheng and Chen, Huayu and Chen, Jianfei and Su, Hang and Li, Chongxuan and Zhu, Jun},
  booktitle={International Conference on Machine Learning},
  year={2023},
  organization={PMLR}
}

@inproceedings{janner2022planning,
  title={Planning with Diffusion for Flexible Behavior Synthesis},
  author={Janner, Michael and Du, Yilun and Tenenbaum, Joshua and Levine, Sergey},
  booktitle={International Conference on Machine Learning},
  pages={9902--9915},
  year={2022},
  organization={PMLR}
}

@article{chow2017risk,
  title={Risk-constrained reinforcement learning with percentile risk criteria},
  author={Chow, Yinlam and Ghavamzadeh, Mohammad and Janson, Lucas and Pavone, Marco},
  journal={The Journal of Machine Learning Research},
  volume={18},
  number={1},
  pages={6070--6120},
  year={2017},
  publisher={JMLR. org}
}

@article{ding2020natural,
  title={Natural policy gradient primal-dual method for constrained markov decision processes},
  author={Ding, Dongsheng and Zhang, Kaiqing and Basar, Tamer and Jovanovic, Mihailo},
  journal={Advances in Neural Information Processing Systems},
  volume={33},
  pages={8378--8390},
  year={2020}
}

@article{chen2021decision,
  title={Decision transformer: Reinforcement learning via sequence modeling},
  author={Chen, Lili and Lu, Kevin and Rajeswaran, Aravind and Lee, Kimin and Grover, Aditya and Laskin, Misha and Abbeel, Pieter and Srinivas, Aravind and Mordatch, Igor},
  journal={Advances in neural information processing systems},
  volume={34},
  pages={15084--15097},
  year={2021}
}


@inproceedings{
li2023when,
title={When Data Geometry Meets Deep Function: Generalizing Offline Reinforcement Learning},
author={Jianxiong Li and Xianyuan Zhan and Haoran Xu and Xiangyu Zhu and Jingjing Liu and Ya-Qin Zhang},
booktitle={The Eleventh International Conference on Learning Representations },
year={2023},
}


@incollection{baird1995residual,
  title={Residual algorithms: Reinforcement learning with function approximation},
  author={Baird, Leemon},
  booktitle={Machine Learning Proceedings 1995},
  pages={30--37},
  year={1995},
  publisher={Elsevier}
}

@inproceedings{ames2019control,
  title={Control barrier functions: Theory and applications},
  author={Ames, Aaron D and Coogan, Samuel and Egerstedt, Magnus and Notomista, Gennaro and Sreenath, Koushil and Tabuada, Paulo},
  booktitle={2019 18th European control conference (ECC)},
  pages={3420--3431},
  year={2019},
  organization={IEEE}
}

@article{kumar2019stabilizing,
  title={Stabilizing off-policy q-learning via bootstrapping error reduction},
  author={Kumar, Aviral and Fu, Justin and Soh, Matthew and Tucker, George and Levine, Sergey},
  journal={Advances in Neural Information Processing Systems},
  volume={32},
  year={2019}
}

@inproceedings{f-brc,
  title={Offline reinforcement learning with fisher divergence critic regularization},
  author={Kostrikov, Ilya and Fergus, Rob and Tompson, Jonathan and Nachum, Ofir},
  booktitle={International Conference on Machine Learning},
  pages={5774--5783},
  year={2021},
  organization={PMLR}
}

@inproceedings{wang2023diffusion,
  title={Diffusion Policies as an Expressive Policy Class for Offline Reinforcement Learning},
  author={Wang, Zhendong and Hunt, Jonathan J and Zhou, Mingyuan},
  booktitle={The Eleventh International Conference on Learning Representations},
  year={2023}
}

@article{kang2023efficient,
  title={Efficient Diffusion Policies for Offline Reinforcement Learning},
  author={Kang, Bingyi and Ma, Xiao and Du, Chao and Pang, Tianyu and Yan, Shuicheng},
  journal={arXiv preprint arXiv:2305.20081},
  year={2023}
}

@inproceedings{song2021score,
  title={Score-Based Generative Modeling through Stochastic Differential Equations},
  author={Song, Yang and Sohl-Dickstein, Jascha and Kingma, Diederik P and Kumar, Abhishek and Ermon, Stefano and Poole, Ben},
  booktitle={International Conference on Learning Representations},
  year={2021}
}

@article{dalal2018safe,
  title={Safe exploration in continuous action spaces},
  author={Dalal, Gal and Dvijotham, Krishnamurthy and Vecerik, Matej and Hester, Todd and Paduraru, Cosmin and Tassa, Yuval},
  journal={arXiv preprint arXiv:1801.08757},
  year={2018}
}

@article{thananjeyan2021recovery,
  title={Recovery rl: Safe reinforcement learning with learned recovery zones},
  author={Thananjeyan, Brijen and Balakrishna, Ashwin and Nair, Suraj and Luo, Michael and Srinivasan, Krishnan and Hwang, Minho and Gonzalez, Joseph E and Ibarz, Julian and Finn, Chelsea and Goldberg, Ken},
  journal={IEEE Robotics and Automation Letters},
  volume={6},
  number={3},
  pages={4915--4922},
  year={2021},
  publisher={IEEE}
}

@article{song2019generative,
  title={Generative modeling by estimating gradients of the data distribution},
  author={Song, Yang and Ermon, Stefano},
  journal={Advances in neural information processing systems},
  volume={32},
  year={2019}
}

@inproceedings{ajay2023conditional,
  title={Is Conditional Generative Modeling all you need for Decision Making?},
  author={Ajay, Anurag and Du, Yilun and Gupta, Abhi and Tenenbaum, Joshua B and Jaakkola, Tommi S and Agrawal, Pulkit},
  booktitle={The Eleventh International Conference on Learning Representations},
  year={2023}
}

@inproceedings{chen2023offline,
  title={Offline Reinforcement Learning via High-Fidelity Generative Behavior Modeling},
  author={Chen, Huayu and Lu, Cheng and Ying, Chengyang and Su, Hang and Zhu, Jun},
  booktitle={The Eleventh International Conference on Learning Representations},
  year={2023}
}

@article{dhariwal2021diffusion,
  title={Diffusion models beat gans on image synthesis},
  author={Dhariwal, Prafulla and Nichol, Alexander},
  journal={Advances in neural information processing systems},
  volume={34},
  pages={8780--8794},
  year={2021}
}

@inproceedings{ho2022classifier,
  title={Classifier-Free Diffusion Guidance},
  author={Ho, Jonathan and Salimans, Tim},
  booktitle={NeurIPS 2021 Workshop on Deep Generative Models and Downstream Applications},
  year={2021}
}


@inproceedings{le2019batch,
  title={Batch policy learning under constraints},
  author={Le, Hoang and Voloshin, Cameron and Yue, Yisong},
  booktitle={International Conference on Machine Learning},
  pages={3703--3712},
  year={2019},
  organization={PMLR}
}

@book{boyd2004convex,
  title={Convex optimization},
  author={Boyd, Stephen P and Vandenberghe, Lieven},
  year={2004},
  publisher={Cambridge university press}
}

@article{yu2022safe,
  title={Safe Model-Based Reinforcement Learning with an Uncertainty-Aware Reachability Certificate},
  author={Yu, Dongjie and Zou, Wenjun and Yang, Yujie and Ma, Haitong and Li, Shengbo Eben and Duan, Jingliang and Chen, Jianyu},
  journal={arXiv preprint arXiv:2210.07553},
  year={2022}
}

@inproceedings{fujimoto2018addressing,
  title={Addressing function approximation error in actor-critic methods},
  author={Fujimoto, Scott and Hoof, Herke and Meger, David},
  booktitle={International conference on machine learning},
  pages={1587--1596},
  year={2018},
  organization={PMLR}
}

@article{brandfonbrener2021offline,
  title={Offline rl without off-policy evaluation},
  author={Brandfonbrener, David and Whitney, Will and Ranganath, Rajesh and Bruna, Joan},
  journal={Advances in neural information processing systems},
  volume={34},
  pages={4933--4946},
  year={2021}
}


@book{sutton2018reinforcement,
  title={Reinforcement learning: An introduction},
  author={Sutton, Richard S and Barto, Andrew G},
  year={2018}
}

@inproceedings{schulman2015trust,
  title={Trust region policy optimization},
  author={Schulman, John and Levine, Sergey and Abbeel, Pieter and Jordan, Michael and Moritz, Philipp},
  booktitle={International conference on machine learning},
  pages={1889--1897},
  year={2015},
  organization={PMLR}
}

@inproceedings{kakade2002approximately,
  title={Approximately optimal approximate reinforcement learning},
  author={Kakade, Sham and Langford, John},
  booktitle={Proceedings of the Nineteenth International Conference on Machine Learning},
  pages={267--274},
  year={2002}
}
@article{bradbury2018jax,
  title={JAX: composable transformations of Python+ NumPy programs},
  author={Bradbury, James and Frostig, Roy and Hawkins, Peter and Johnson, Matthew James and Leary, Chris and Maclaurin, Dougal and Necula, George and Paszke, Adam and VanderPlas, Jake and Wanderman-Milne, Skye and others},
  year={2018}
}


@article{fujimoto2021minimalist,
  title={A minimalist approach to offline reinforcement learning},
  author={Fujimoto, Scott and Gu, Shixiang Shane},
  journal={Advances in neural information processing systems},
  volume={34},
  pages={20132--20145},
  year={2021}
}


@inproceedings{
xiao2023the,
title={The In-Sample Softmax for Offline Reinforcement Learning},
author={Chenjun Xiao and Han Wang and Yangchen Pan and Adam White and Martha White},
booktitle={The Eleventh International Conference on Learning Representations },
year={2023},
}

@article{zhao2023state,
  title={State-wise safe reinforcement learning: A survey},
  author={Zhao, Weiye and He, Tairan and Chen, Rui and Wei, Tianhao and Liu, Changliu},
  journal={arXiv preprint arXiv:2302.03122},
  year={2023}
}

@inproceedings{robey2020learning,
  title={Learning control barrier functions from expert demonstrations},
  author={Robey, Alexander and Hu, Haimin and Lindemann, Lars and Zhang, Hanwen and Dimarogonas, Dimos V and Tu, Stephen and Matni, Nikolai},
  booktitle={2020 59th IEEE Conference on Decision and Control (CDC)},
  pages={3717--3724},
  year={2020},
  organization={IEEE}
}

@inproceedings{zhao2021model,
  title={Model-free safe control for zero-violation reinforcement learning},
  author={Zhao, Weiye and He, Tairan and Liu, Changliu},
  booktitle={5th Annual Conference on Robot Learning},
  year={2021}
}

@inproceedings{wang2023enforcing,
  title={Enforcing hard constraints with soft barriers: Safe reinforcement learning in unknown stochastic environments},
  author={Wang, Yixuan and Zhan, Simon Sinong and Jiao, Ruochen and Wang, Zhilu and Jin, Wanxin and Yang, Zhuoran and Wang, Zhaoran and Huang, Chao and Zhu, Qi},
  booktitle={International Conference on Machine Learning},
  pages={36593--36604},
  year={2023},
  organization={PMLR}
}

@inproceedings{wachi2020safe,
  title={Safe reinforcement learning in constrained Markov decision processes},
  author={Wachi, Akifumi and Sui, Yanan},
  booktitle={International Conference on Machine Learning},
  pages={9797--9806},
  year={2020},
  organization={PMLR}
}

@inproceedings{sootla2022saute,
  title={Saut{\'e} rl: Almost surely safe reinforcement learning using state augmentation},
  author={Sootla, Aivar and Cowen-Rivers, Alexander I and Jafferjee, Taher and Wang, Ziyan and Mguni, David H and Wang, Jun and Ammar, Haitham},
  booktitle={International Conference on Machine Learning},
  pages={20423--20443},
  year={2022},
  organization={PMLR}
}

@article{niu2022trust,
  title={When to trust your simulator: Dynamics-aware hybrid offline-and-online reinforcement learning},
  author={Niu, Haoyi and Qiu, Yiwen and Li, Ming and Zhou, Guyue and HU, Jianming and Zhan, Xianyuan and others},
  journal={Advances in Neural Information Processing Systems},
  volume={35},
  pages={36599--36612},
  year={2022}
}

@article{xu2022policy,
  title={A policy-guided imitation approach for offline reinforcement learning},
  author={Xu, Haoran and Jiang, Li and Jianxiong, Li and Zhan, Xianyuan},
  journal={Advances in Neural Information Processing Systems},
  volume={35},
  pages={4085--4098},
  year={2022}
}

@article{li2023proto,
  title={PROTO: Iterative Policy Regularized Offline-to-Online Reinforcement Learning},
  author={Li, Jianxiong and Hu, Xiao and Xu, Haoran and Liu, Jingjing and Zhan, Xianyuan and Zhang, Ya-Qin},
  journal={arXiv preprint arXiv:2305.15669},
  year={2023}
}

@inproceedings{wang2023offline,
  title={Offline Multi-Agent Reinforcement Learning with Implicit Global-to-Local Value Regularization},
  author={Wang, Xiangsen and Xu, Haoran and Zheng, Yinan and Zhan, Xianyuan},
  booktitle={Thirty-seventh Conference on Neural Information Processing Systems},
  year={2023}
}

@inproceedings{cheng2023look,
  title={Look Beneath the Surface: Exploiting Fundamental Symmetry for Sample-Efficient Offline RL},
  author={Cheng, Peng and Zhan, Xianyuan and Wu, Zhihao and Zhang, Wenjia and Song, Shoucheng and Wang, Han and Lin, Youfang and Jiang, Li},
  booktitle={Thirty-seventh Conference on Neural Information Processing Systems},
  year={2023}
}

@article{yang2022rorl,
  title={Rorl: Robust offline reinforcement learning via conservative smoothing},
  author={Yang, Rui and Bai, Chenjia and Ma, Xiaoteng and Wang, Zhaoran and Zhang, Chongjie and Han, Lei},
  journal={Advances in Neural Information Processing Systems},
  volume={35},
  pages={23851--23866},
  year={2022}
}

@article{lyu2022mildly,
  title={Mildly conservative Q-learning for offline reinforcement learning},
  author={Lyu, Jiafei and Ma, Xiaoteng and Li, Xiu and Lu, Zongqing},
  journal={Advances in Neural Information Processing Systems},
  volume={35},
  pages={1711--1724},
  year={2022}
}

@article{ma2021offline,
  title={Offline reinforcement learning with value-based episodic memory},
  author={Ma, Xiaoteng and Yang, Yiqin and Hu, Hao and Liu, Qihan and Yang, Jun and Zhang, Chongjie and Zhao, Qianchuan and Liang, Bin},
  journal={arXiv preprint arXiv:2110.09796},
  year={2021}
}

@article{wabersich2023data,
  title={Data-driven safety filters: Hamilton-jacobi reachability, control barrier functions, and predictive methods for uncertain systems},
  author={Wabersich, Kim P and Taylor, Andrew J and Choi, Jason J and Sreenath, Koushil and Tomlin, Claire J and Ames, Aaron D and Zeilinger, Melanie N},
  journal={IEEE Control Systems Magazine},
  volume={43},
  number={5},
  pages={137--177},
  year={2023},
  publisher={IEEE}
}

@article{lee2023data,
  title={A Data-driven Method for Safety-critical Control: Designing Control Barrier Functions from State Constraints},
  author={Lee, Jaemin and Kim, Jeeseop and Ames, Aaron D},
  journal={arXiv preprint arXiv:2312.07786},
  year={2023}
}

@article{kim2023safety,
  title={Safety-Critical Coordination of Legged Robots via Layered Controllers and Forward Reachable Set based Control Barrier Functions},
  author={Kim, Jeeseop and Lee, Jaemin and Ames, Aaron D},
  journal={arXiv preprint arXiv:2312.08689},
  year={2023}
}

@inproceedings{mao2023revealing,
  title={Revealing the Mystery of Distribution Correction Estimation via Orthogonal-gradient Update},
  author={Mao, Liyuan and Xu, Haoran and Zhang, Weinan and Zhan, Xianyuan},
  booktitle={The Twelfth International Conference on Learning Representations},
  year={2023}
}

@article{niu2023h2o+,
  title={H2O+: An Improved Framework for Hybrid Offline-and-Online RL with Dynamics Gaps},
  author={Niu, Haoyi and Ji, Tianying and Liu, Bingqi and Zhao, Haocheng and Zhu, Xiangyu and Zheng, Jianying and Huang, Pengfei and Zhou, Guyue and Hu, Jianming and Zhan, Xianyuan},
  journal={arXiv preprint arXiv:2309.12716},
  year={2023}
}

@article{ganai2024iterative,
  title={Iterative Reachability Estimation for Safe Reinforcement Learning},
  author={Ganai, Milan and Gong, Zheng and Yu, Chenning and Herbert, Sylvia and Gao, Sicun},
  journal={Advances in Neural Information Processing Systems},
  volume={36},
  year={2024}
}

@article{rizzolatti2001neurophysiological,
  title={Neurophysiological mechanisms underlying the understanding and imitation of action},
  author={Rizzolatti, Giacomo and Fogassi, Leonardo and Gallese, Vittorio},
  journal={Nature reviews neuroscience},
  volume={2},
  number={9},
  pages={661--670},
  year={2001},
  publisher={Nature Publishing Group UK London}
}


@article{kang2024efficient,
  title={Efficient diffusion policies for offline reinforcement learning},
  author={Kang, Bingyi and Ma, Xiao and Du, Chao and Pang, Tianyu and Yan, Shuicheng},
  journal={Advances in Neural Information Processing Systems},
  volume={36},
  year={2024}
}

@article{peng2019mcp,
  title={Mcp: Learning composable hierarchical control with multiplicative compositional policies},
  author={Peng, Xue Bin and Chang, Michael and Zhang, Grace and Abbeel, Pieter and Levine, Sergey},
  journal={Advances in neural information processing systems},
  volume={32},
  year={2019}
}

@inproceedings{qureshi2020composing,
  title={Composing Task-Agnostic Policies with Deep Reinforcement Learning},
  author={Qureshi, Ahmed H and Johnson, Jacob J and Qin, Yuzhe and Henderson, Taylor and Boots, Byron and Yip, Michael C},
  booktitle={International Conference on Learning Representations},
  year={2020}
}

@article{hu2021lora,
  title={Lora: Low-rank adaptation of large language models},
  author={Hu, Edward J and Shen, Yelong and Wallis, Phillip and Allen-Zhu, Zeyuan and Li, Yuanzhi and Wang, Shean and Wang, Lu and Chen, Weizhu},
  journal={arXiv preprint arXiv:2106.09685},
  year={2021}
}

@article{eppe2022intelligent,
  title={Intelligent problem-solving as integrated hierarchical reinforcement learning},
  author={Eppe, Manfred and Gumbsch, Christian and Kerzel, Matthias and Nguyen, Phuong DH and Butz, Martin V and Wermter, Stefan},
  journal={Nature Machine Intelligence},
  volume={4},
  number={1},
  pages={11--20},
  year={2022},
  publisher={Nature Publishing Group UK London}
}

@article{rizzolatti2016mirror,
  title={The mirror mechanism: a basic principle of brain function},
  author={Rizzolatti, Giacomo and Sinigaglia, Corrado},
  journal={Nature Reviews Neuroscience},
  volume={17},
  number={12},
  pages={757--765},
  year={2016},
  publisher={Nature Publishing Group}
}

@inproceedings{luo2024potential,
  title={Potential Based Diffusion Motion Planning},
  author={Luo, Yunhao and Sun, Chen and Tenenbaum, Joshua B and Du, Yilun},
  booktitle={Forty-first International Conference on Machine Learning},
  year={2024}
}

@inproceedings{du2024position,
  title={Position: Compositional Generative Modeling: A Single Model is Not All You Need},
  author={Du, Yilun and Kaelbling, Leslie Pack},
  booktitle={Forty-first International Conference on Machine Learning},
  year={2024}
}

@article{urain2024deep,
  title={Deep Generative Models in Robotics: A Survey on Learning from Multimodal Demonstrations},
  author={Urain, Julen and Mandlekar, Ajay and Du, Yilun and Shafiullah, Mahi and Xu, Danfei and Fragkiadaki, Katerina and Chalvatzaki, Georgia and Peters, Jan},
  journal={arXiv preprint arXiv:2408.04380},
  year={2024}
}

@article{wang2024poco,
  title={Poco: Policy composition from and for heterogeneous robot learning},
  author={Wang, Lirui and Zhao, Jialiang and Du, Yilun and Adelson, Edward H and Tedrake, Russ},
  journal={arXiv preprint arXiv:2402.02511},
  year={2024}
}

@article{ren2024diffusion,
  title={Diffusion Policy Policy Optimization},
  author={Ren, Allen Z and Lidard, Justin and Ankile, Lars L and Simeonov, Anthony and Agrawal, Pulkit and Majumdar, Anirudha and Burchfiel, Benjamin and Dai, Hongkai and Simchowitz, Max},
  journal={arXiv preprint arXiv:2409.00588},
  year={2024}
}

@article{eichenbaum2017prefrontal,
  title={Prefrontal--hippocampal interactions in episodic memory},
  author={Eichenbaum, Howard},
  journal={Nature Reviews Neuroscience},
  volume={18},
  number={9},
  pages={547--558},
  year={2017},
  publisher={Nature Publishing Group}
}
@article{courellis2024abstract,
  title={Abstract representations emerge in human hippocampal neurons during inference},
  author={Courellis, Hristos S and Minxha, Juri and Cardenas, Araceli R and Kimmel, Daniel L and Reed, Chrystal M and Valiante, Taufik A and Salzman, C Daniel and Mamelak, Adam N and Fusi, Stefano and Rutishauser, Ueli},
  journal={Nature},
  pages={1--9},
  year={2024},
  publisher={Nature Publishing Group UK London}
}

@article{driscoll2024flexible,
  title={Flexible multitask computation in recurrent networks utilizes shared dynamical motifs},
  author={Driscoll, Laura N and Shenoy, Krishna and Sussillo, David},
  journal={Nature Neuroscience},
  pages={1--15},
  year={2024},
  publisher={Nature Publishing Group US New York}
}


@article{agarwal2022reincarnating,
  title={Reincarnating reinforcement learning: Reusing prior computation to accelerate progress},
  author={Agarwal, Rishabh and Schwarzer, Max and Castro, Pablo Samuel and Courville, Aaron C and Bellemare, Marc},
  journal={Advances in neural information processing systems},
  volume={35},
  pages={28955--28971},
  year={2022}
}

@article{akkaya2019solving,
  title={Solving rubik's cube with a robot hand},
  author={Akkaya, Ilge and Andrychowicz, Marcin and Chociej, Maciek and Litwin, Mateusz and McGrew, Bob and Petron, Arthur and Paino, Alex and Plappert, Matthias and Powell, Glenn and Ribas, Raphael and others},
  journal={arXiv preprint arXiv:1910.07113},
  year={2019}
}

@article{berner2019dota,
  title={Dota 2 with large scale deep reinforcement learning},
  author={Berner, Christopher and Brockman, Greg and Chan, Brooke and Cheung, Vicki and Debiak, Przemys{\l}aw and Dennison, Christy and Farhi, David and Fischer, Quirin and Hashme, Shariq and Hesse, Chris and others},
  journal={arXiv preprint arXiv:1912.06680},
  year={2019}
}


@article{silver2016mastering,
  title={Mastering the game of Go with deep neural networks and tree search},
  author={Silver, David and Huang, Aja and Maddison, Chris J and Guez, Arthur and Sifre, Laurent and Van Den Driessche, George and Schrittwieser, Julian and Antonoglou, Ioannis and Panneershelvam, Veda and Lanctot, Marc and others},
  journal={nature},
  volume={529},
  number={7587},
  pages={484--489},
  year={2016},
  publisher={Nature Publishing Group}
}

@article{liu2024continual,
  title={Continual Offline Reinforcement Learning via Diffusion-based Dual Generative Replay},
  author={Liu, Jinmei and Li, Wenbin and Yue, Xiangyu and Zhang, Shilin and Chen, Chunlin and Wang, Zhi},
  journal={arXiv preprint arXiv:2404.10662},
  year={2024}
}

@article{gai2024single,
  title={Single-Task Continual Offline Reinforcement Learning},
  author={Gai, Sibo and Wang, Donglin},
  journal={arXiv preprint arXiv:2404.12639},
  year={2024}
}

@article{shafiullah2022behavior,
  title={Behavior transformers: Cloning $ k $ modes with one stone},
  author={Shafiullah, Nur Muhammad and Cui, Zichen and Altanzaya, Ariuntuya Arty and Pinto, Lerrel},
  journal={Advances in neural information processing systems},
  volume={35},
  pages={22955--22968},
  year={2022}
}

@inproceedings{hu2022lora,
  title={LoRA: Low-Rank Adaptation of Large Language Models},
  author={Hu, Edward J and Wallis, Phillip and Allen-Zhu, Zeyuan and Li, Yuanzhi and Wang, Shean and Wang, Lu and Chen, Weizhu and others},
  booktitle={International Conference on Learning Representations},
  year={2022}
}

@article{fu2020d4rl,
  title={D4rl: Datasets for deep data-driven reinforcement learning},
  author={Fu, Justin and Kumar, Aviral and Nachum, Ofir and Tucker, George and Levine, Sergey},
  journal={arXiv preprint arXiv:2004.07219},
  year={2020}
}

@article{tassa2018deepmind,
  title={Deepmind control suite},
  author={Tassa, Yuval and Doron, Yotam and Muldal, Alistair and Erez, Tom and Li, Yazhe and Casas, Diego de Las and Budden, David and Abdolmaleki, Abbas and Merel, Josh and Lefrancq, Andrew and others},
  journal={arXiv preprint arXiv:1801.00690},
  year={2018}
}

@article{silver2017mastering,
  title={Mastering the game of go without human knowledge},
  author={Silver, David and Schrittwieser, Julian and Simonyan, Karen and Antonoglou, Ioannis and Huang, Aja and Guez, Arthur and Hubert, Thomas and Baker, Lucas and Lai, Matthew and Bolton, Adrian and others},
  journal={nature},
  volume={550},
  number={7676},
  pages={354--359},
  year={2017},
  publisher={Nature Publishing Group}
}

@article{andrychowicz2020learning,
  title={Learning dexterous in-hand manipulation},
  author={Andrychowicz, OpenAI: Marcin and Baker, Bowen and Chociej, Maciek and Jozefowicz, Rafal and McGrew, Bob and Pachocki, Jakub and Petron, Arthur and Plappert, Matthias and Powell, Glenn and Ray, Alex and others},
  journal={The International Journal of Robotics Research},
  volume={39},
  number={1},
  pages={3--20},
  year={2020},
  publisher={SAGE Publications Sage UK: London, England}
}

@article{vinyals2019grandmaster,
  title={Grandmaster level in StarCraft II using multi-agent reinforcement learning},
  author={Vinyals, Oriol and Babuschkin, Igor and Czarnecki, Wojciech M and Mathieu, Micha{\"e}l and Dudzik, Andrew and Chung, Junyoung and Choi, David H and Powell, Richard and Ewalds, Timo and Georgiev, Petko and others},
  journal={nature},
  volume={575},
  number={7782},
  pages={350--354},
  year={2019},
  publisher={Nature Publishing Group}
}

@article{lecun2006tutorial,
  title={A tutorial on energy-based learning},
  author={LeCun, Yann and Chopra, Sumit and Hadsell, Raia and Ranzato, M and Huang, Fujie and others},
  journal={Predicting structured data},
  volume={1},
  number={0},
  year={2006}
}

@inproceedings{liu2022compositional,
  title={Compositional visual generation with composable diffusion models},
  author={Liu, Nan and Li, Shuang and Du, Yilun and Torralba, Antonio and Tenenbaum, Joshua B},
  booktitle={European Conference on Computer Vision},
  pages={423--439},
  year={2022},
  organization={Springer}
}

@article{smith2023continual,
  title={Continual diffusion: Continual customization of text-to-image diffusion with c-lora},
  author={Smith, James Seale and Hsu, Yen-Chang and Zhang, Lingyu and Hua, Ting and Kira, Zsolt and Shen, Yilin and Jin, Hongxia},
  journal={arXiv preprint arXiv:2304.06027},
  year={2023}
}

@inproceedings{kessler2020unclear,
  title={UNCLEAR: A straightforward method for continual reinforcement learning},
  author={Kessler, Samuel and Parker-Holder, Jack and Ball, Philip and Zohren, Stefan and Roberts, Stephen J},
  booktitle={Proceedings of the 37th International Conference on Machine Learning},
  year={2020}
}

@inproceedings{peng2023ideal,
  title={The ideal continual learner: An agent that never forgets},
  author={Peng, Liangzu and Giampouras, Paris and Vidal, Ren{\'e}},
  booktitle={International Conference on Machine Learning},
  pages={27585--27610},
  year={2023},
  organization={PMLR}
}

@inproceedings{zhang2023policy,
  title={Policy Expansion for Bridging Offline-to-Online Reinforcement Learning},
  author={Zhang, Haichao and Xu, Wei and Yu, Haonan},
  booktitle={The Eleventh International Conference on Learning Representations},
  year={2023}
}

@article{wang2024train,
  title={Train once, get a family: State-adaptive balances for offline-to-online reinforcement learning},
  author={Wang, Shenzhi and Yang, Qisen and Gao, Jiawei and Lin, Matthieu and Chen, Hao and Wu, Liwei and Jia, Ning and Song, Shiji and Huang, Gao},
  journal={Advances in Neural Information Processing Systems},
  volume={36},
  year={2024}
}

@article{kim2024unsupervised,
  title={Unsupervised-to-Online Reinforcement Learning},
  author={Kim, Junsu and Park, Seohong and Levine, Sergey},
  journal={arXiv preprint arXiv:2408.14785},
  year={2024}
}

@inproceedings{lee2022offline,
  title={Offline-to-online reinforcement learning via balanced replay and pessimistic q-ensemble},
  author={Lee, Seunghyun and Seo, Younggyo and Lee, Kimin and Abbeel, Pieter and Shin, Jinwoo},
  booktitle={Conference on Robot Learning},
  pages={1702--1712},
  year={2022},
  organization={PMLR}
}

@inproceedings{barreto2018transfer,
  title={Transfer in deep reinforcement learning using successor features and generalised policy improvement},
  author={Barreto, Andre and Borsa, Diana and Quan, John and Schaul, Tom and Silver, David and Hessel, Matteo and Mankowitz, Daniel and Zidek, Augustin and Munos, Remi},
  booktitle={International Conference on Machine Learning},
  pages={501--510},
  year={2018},
  organization={PMLR}
}

@article{li2019hierarchical,
  title={Hierarchical reinforcement learning with advantage-based auxiliary rewards},
  author={Li, Siyuan and Wang, Rui and Tang, Minxue and Zhang, Chongjie},
  journal={Advances in Neural Information Processing Systems},
  volume={32},
  year={2019}
}

@article{ding2023parameter,
  title={Parameter-efficient fine-tuning of large-scale pre-trained language models},
  author={Ding, Ning and Qin, Yujia and Yang, Guang and Wei, Fuchao and Yang, Zonghan and Su, Yusheng and Hu, Shengding and Chen, Yulin and Chan, Chi-Min and Chen, Weize and others},
  journal={Nature Machine Intelligence},
  volume={5},
  number={3},
  pages={220--235},
  year={2023},
  publisher={Nature Publishing Group UK London}
}


@inproceedings{
clark2024directly,
title={Directly Fine-Tuning Diffusion Models on Differentiable Rewards},
author={Kevin Clark and Paul Vicol and Kevin Swersky and David J. Fleet},
booktitle={The Twelfth International Conference on Learning Representations},
year={2024},
}


@inproceedings{wang2024emiff,
  title={Emiff: Enhanced multi-scale image feature fusion for vehicle-infrastructure cooperative 3d object detection},
  author={Wang, Zhe and Fan, Siqi and Huo, Xiaoliang and Xu, Tongda and Wang, Yan and Liu, Jingjing and Chen, Yilun and Zhang, Ya-Qin},
  booktitle={ICRA},
  year={2024}
}

@inproceedings{gadzicki2020early,
  title={Early vs late fusion in multimodal convolutional neural networks},
  author={Gadzicki, Konrad and Khamsehashari, Razieh and Zetzsche, Christoph},
  booktitle={2020 IEEE 23rd international conference on information fusion (FUSION)},
  pages={1--6},
  year={2020},
  organization={IEEE}
}

@article{ajay2024compositional,
  title={Compositional foundation models for hierarchical planning},
  author={Ajay, Anurag and Han, Seungwook and Du, Yilun and Li, Shuang and Gupta, Abhi and Jaakkola, Tommi and Tenenbaum, Josh and Kaelbling, Leslie and Srivastava, Akash and Agrawal, Pulkit},
  journal={Advances in Neural Information Processing Systems},
  volume={36},
  year={2024}
}


@article{zheng2024safe,
  title={Safe offline reinforcement learning with feasibility-guided diffusion model},
  author={Zheng, Yinan and Li, Jianxiong and Yu, Dongjie and Yang, Yujie and Li, Shengbo Eben and Zhan, Xianyuan and Liu, Jingjing},
  journal={arXiv preprint arXiv:2401.10700},
  year={2024}
}

@article{chen2022offline,
  title={Offline reinforcement learning via high-fidelity generative behavior modeling},
  author={Chen, Huayu and Lu, Cheng and Ying, Chengyang and Su, Hang and Zhu, Jun},
  journal={arXiv preprint arXiv:2209.14548},
  year={2022}
}


@inproceedings{
luo2024ompo,
title={{OMPO}: A Unified Framework for {RL} under Policy and Dynamics Shifts},
author={Yu Luo and Tianying Ji and Fuchun Sun and Jianwei Zhang and Huazhe Xu and Xianyuan Zhan},
booktitle={Forty-first International Conference on Machine Learning},
year={2024},
url={https://openreview.net/forum?id=R83VIZtHXA}
}

@inproceedings{chenoffline,
  title={Offline Reinforcement Learning via High-Fidelity Generative Behavior Modeling},
  author={Chen, Huayu and Lu, Cheng and Ying, Chengyang and Su, Hang and Zhu, Jun},
  booktitle={The Eleventh International Conference on Learning Representations},
  year={2023}
}


@article{yu2020mopo,
  title={Mopo: Model-based offline policy optimization},
  author={Yu, Tianhe and Thomas, Garrett and Yu, Lantao and Ermon, Stefano and Zou, James Y and Levine, Sergey and Finn, Chelsea and Ma, Tengyu},
  journal={Advances in Neural Information Processing Systems},
  volume={33},
  pages={14129--14142},
  year={2020}
}


@article{liu2023tail,
  title={Tail: Task-specific adapters for imitation learning with large pretrained models},
  author={Liu, Zuxin and Zhang, Jesse and Asadi, Kavosh and Liu, Yao and Zhao, Ding and Sabach, Shoham and Fakoor, Rasool},
  journal={arXiv preprint arXiv:2310.05905},
  year={2023}
}

@article{zhang2023composing,
  title={Composing parameter-efficient modules with arithmetic operation},
  author={Zhang, Jinghan and Liu, Junteng and He, Junxian and others},
  journal={Advances in Neural Information Processing Systems},
  volume={36},
  pages={12589--12610},
  year={2023}
}


@inproceedings{du2023reduce,
  title={Reduce, reuse, recycle: Compositional generation with energy-based diffusion models and mcmc},
  author={Du, Yilun and Durkan, Conor and Strudel, Robin and Tenenbaum, Joshua B and Dieleman, Sander and Fergus, Rob and Sohl-Dickstein, Jascha and Doucet, Arnaud and Grathwohl, Will Sussman},
  booktitle={International conference on machine learning},
  pages={8489--8510},
  year={2023},
  organization={PMLR}
}


@inproceedings{
wang2024sparse,
title={Sparse Diffusion Policy:  A Sparse, Reusable, and Flexible Policy for Robot Learning},
author={Yixiao Wang and Yifei Zhang and Mingxiao Huo and Thomas Tian and Xiang Zhang and Yichen Xie and Chenfeng Xu and Pengliang Ji and Wei Zhan and Mingyu Ding and Masayoshi Tomizuka},
booktitle={8th Annual Conference on Robot Learning},
year={2024},
url={https://openreview.net/forum?id=zeYaLS2tw5}
}


@inproceedings{shazeer2016outrageously,
  title={Outrageously Large Neural Networks: The Sparsely-Gated Mixture-of-Experts Layer},
  author={Shazeer, Noam and Mirhoseini, Azalia and Maziarz, Krzysztof and Davis, Andy and Le, Quoc and Hinton, Geoffrey and Dean, Jeff},
  booktitle={International Conference on Learning Representations},
  year={2016}
}

@inproceedings{o2024open,
  title={Open X-Embodiment: Robotic Learning Datasets and RT-X Models: Open X-Embodiment Collaboration 0},
  author={O’Neill, Abby and Rehman, Abdul and Maddukuri, Abhiram and Gupta, Abhishek and Padalkar, Abhishek and Lee, Abraham and Pooley, Acorn and Gupta, Agrim and Mandlekar, Ajay and Jain, Ajinkya and others},
  booktitle={2024 IEEE International Conference on Robotics and Automation (ICRA)},
  pages={6892--6903},
  year={2024},
  organization={IEEE}
}

@inproceedings{tobin2017domain,
  title={Domain randomization for transferring deep neural networks from simulation to the real world},
  author={Tobin, Josh and Fong, Rachel and Ray, Alex and Schneider, Jonas and Zaremba, Wojciech and Abbeel, Pieter},
  booktitle={2017 IEEE/RSJ international conference on intelligent robots and systems (IROS)},
  pages={23--30},
  year={2017},
  organization={IEEE}
}

@article{xue2024state,
  title={State regularized policy optimization on data with dynamics shift},
  author={Xue, Zhenghai and Cai, Qingpeng and Liu, Shuchang and Zheng, Dong and Jiang, Peng and Gai, Kun and An, Bo},
  journal={Advances in neural information processing systems},
  volume={36},
  year={2024}
}

@article{van2008visualizing,
  title={Visualizing data using t-SNE.},
  author={Van der Maaten, Laurens and Hinton, Geoffrey},
  journal={Journal of machine learning research},
  volume={9},
  number={11},
  year={2008}
}

@article{yang2020multi,
  title={Multi-task reinforcement learning with soft modularization},
  author={Yang, Ruihan and Xu, Huazhe and Wu, Yi and Wang, Xiaolong},
  journal={Advances in Neural Information Processing Systems},
  volume={33},
  pages={4767--4777},
  year={2020}
}

@article{sun2022paco,
  title={Paco: Parameter-compositional multi-task reinforcement learning},
  author={Sun, Lingfeng and Zhang, Haichao and Xu, Wei and Tomizuka, Masayoshi},
  journal={Advances in Neural Information Processing Systems},
  volume={35},
  pages={21495--21507},
  year={2022}
}


@article{sun2023efficient,
  title={Efficient multi-task and transfer reinforcement learning with parameter-compositional framework},
  author={Sun, Lingfeng and Zhang, Haichao and Xu, Wei and Tomizuka, Masayoshi},
  journal={IEEE Robotics and Automation Letters},
  volume={8},
  number={8},
  pages={4569--4576},
  year={2023},
  publisher={IEEE}
}

@article{kingma2014adam,
  title={Adam: A method for stochastic optimization},
  author={Kingma, Diederik P and Ba, Jimmy},
  journal={arXiv preprint arXiv:1412.6980},
  year={2014}
}

@article{schmied2024learning,
  title={Learning to Modulate pre-trained Models in RL},
  author={Schmied, Thomas and Hofmarcher, Markus and Paischer, Fabian and Pascanu, Razvan and Hochreiter, Sepp},
  journal={Advances in Neural Information Processing Systems},
  volume={36},
  year={2024}
}

@article{bai2024pessimistic,
  title={Pessimistic value iteration for multi-task data sharing in Offline Reinforcement Learning},
  author={Bai, Chenjia and Wang, Lingxiao and Hao, Jianye and Yang, Zhuoran and Zhao, Bin and Wang, Zhen and Li, Xuelong},
  journal={Artificial Intelligence},
  volume={326},
  pages={104048},
  year={2024},
  publisher={Elsevier}
}

@inproceedings{pertsch2021accelerating,
  title={Accelerating reinforcement learning with learned skill priors},
  author={Pertsch, Karl and Lee, Youngwoon and Lim, Joseph},
  booktitle={Conference on robot learning},
  pages={188--204},
  year={2021},
  organization={PMLR}
}

@inproceedings{
merel2018neural,
title={Neural Probabilistic Motor Primitives for Humanoid Control},
author={Josh Merel and Leonard Hasenclever and Alexandre Galashov and Arun Ahuja and Vu Pham and Greg Wayne and Yee Whye Teh and Nicolas Heess},
booktitle={International Conference on Learning Representations},
year={2019},
url={https://openreview.net/forum?id=BJl6TjRcY7},
}

@article{merel2020catch,
  title={Catch \& carry: reusable neural controllers for vision-guided whole-body tasks},
  author={Merel, Josh and Tunyasuvunakool, Saran and Ahuja, Arun and Tassa, Yuval and Hasenclever, Leonard and Pham, Vu and Erez, Tom and Wayne, Greg and Heess, Nicolas},
  journal={ACM Transactions on Graphics (TOG)},
  volume={39},
  number={4},
  pages={39--1},
  year={2020},
  publisher={ACM New York, NY, USA}
}

@inproceedings{eysenbachdiversity,
  title={Diversity is All You Need: Learning Skills without a Reward Function},
  author={Eysenbach, Benjamin and Gupta, Abhishek and Ibarz, Julian and Levine, Sergey},
  booktitle={International Conference on Learning Representations}
}

@inproceedings{ponti2023combining,
  title={Combining parameter-efficient modules for task-level generalisation},
  author={Ponti, Edoardo Maria and Sordoni, Alessandro and Bengio, Yoshua and Reddy, Siva},
  booktitle={Proceedings of the 17th Conference of the European Chapter of the Association for Computational Linguistics},
  pages={687--702},
  year={2023}
}

@article{huang2023lorahub,
  title={Lorahub: Efficient cross-task generalization via dynamic lora composition},
  author={Huang, Chengsong and Liu, Qian and Lin, Bill Yuchen and Pang, Tianyu and Du, Chao and Lin, Min},
  journal={arXiv preprint arXiv:2307.13269},
  year={2023}
}

@article{zhong2024multi,
  title={Multi-lora composition for image generation},
  author={Zhong, Ming and Shen, Yelong and Wang, Shuohang and Lu, Yadong and Jiao, Yizhu and Ouyang, Siru and Yu, Donghan and Han, Jiawei and Chen, Weizhu},
  journal={arXiv preprint arXiv:2402.16843},
  year={2024}
}

@article{huang2024solving,
  title={Solving Continual Offline Reinforcement Learning with Decision Transformer},
  author={Huang, Kaixin and Shen, Li and Zhao, Chen and Yuan, Chun and Tao, Dacheng},
  journal={arXiv preprint arXiv:2401.08478},
  year={2024}
}

@article{prabhakar2024lora,
  title={LoRA Soups: Merging LoRAs for Practical Skill Composition Tasks},
  author={Prabhakar, Akshara and Li, Yuanzhi and Narasimhan, Karthik and Kakade, Sham and Malach, Eran and Jelassi, Samy},
  journal={arXiv preprint arXiv:2410.13025},
  year={2024}
}

@article{leon2021nutshell,
  title={In a nutshell, the human asked for this: Latent goals for following temporal specifications},
  author={Le{\'o}n, Borja G and Shanahan, Murray and Belardinelli, Francesco},
  journal={arXiv preprint arXiv:2110.09461},
  year={2021}
}

@inproceedings{araki2021logical,
  title={The logical options framework},
  author={Araki, Brandon and Li, Xiao and Vodrahalli, Kiran and DeCastro, Jonathan and Fry, Micah and Rus, Daniela},
  booktitle={International Conference on Machine Learning},
  pages={307--317},
  year={2021},
  organization={PMLR}
}

@article{happel1994design,
  title={Design and evolution of modular neural network architectures},
  author={Happel, Bart LM and Murre, Jacob MJ},
  journal={Neural networks},
  volume={7},
  number={6-7},
  pages={985--1004},
  year={1994},
  publisher={Elsevier}
}

@article{sharkey1996combining,
  title={On combining artificial neural nets},
  author={SHARKEY, AMANDA J C},
  journal={Connection science},
  volume={8},
  number={3-4},
  pages={299--314},
  year={1996},
  publisher={Taylor \& Francis}
}

@article{auda1998modular,
  title={Modular neural network classifiers: A comparative study},
  author={Auda, Gasser and Kamel, Mohamed},
  journal={Journal of Intelligent and robotic Systems},
  volume={21},
  pages={117--129},
  year={1998},
  publisher={Springer}
}

@article{auda1999modular,
  title={Modular neural networks: a survey},
  author={Auda, Gasser and Kamel, Mohamed},
  journal={International journal of neural systems},
  volume={9},
  number={02},
  pages={129--151},
  year={1999},
  publisher={World Scientific}
}

@article{sodhani2022introduction,
  title={An introduction to lifelong supervised learning},
  author={Sodhani, Shagun and Faramarzi, Mojtaba and Mehta, Sanket Vaibhav and Malviya, Pranshu and Abdelsalam, Mohamed and Janarthanan, Janarthanan and Chandar, Sarath},
  journal={arXiv preprint arXiv:2207.04354},
  year={2022}
}

@inproceedings{andreas2016neural,
  title={Neural module networks},
  author={Andreas, Jacob and Rohrbach, Marcus and Darrell, Trevor and Klein, Dan},
  booktitle={Proceedings of the IEEE conference on computer vision and pattern recognition},
  pages={39--48},
  year={2016}
}

@article{alet2018modular,
  title={Modular meta-learning in abstract graph networks for combinatorial generalization},
  author={Alet, Ferran and Bauza, Maria and Rodriguez, Alberto and Lozano-Perez, Tomas and Kaelbling, Leslie P},
  journal={arXiv preprint arXiv:1812.07768},
  year={2018}
}

@article{wolczyk2021continual,
  title={Continual world: A robotic benchmark for continual reinforcement learning},
  author={Wolczyk, Maciej and Zajac, Michal and Pascanu, Razvan and Kucinski, Lukasz and Milos, Piotr},
  journal={Advances in Neural Information Processing Systems},
  volume={34},
  pages={28496--28510},
  year={2021}
}

@inproceedings{yu2020meta,
  title={Meta-world: A benchmark and evaluation for multi-task and meta reinforcement learning},
  author={Yu, Tianhe and Quillen, Deirdre and He, Zhanpeng and Julian, Ryan and Hausman, Karol and Finn, Chelsea and Levine, Sergey},
  booktitle={Conference on robot learning},
  pages={1094--1100},
  year={2020},
  organization={PMLR}
}


@article{ruder2017overview,
  title={An Overview of Multi-Task Learning in Deep Neural Networks},
  author={Ruder, S},
  journal={arXiv preprint arXiv:1706.05098},
  year={2017}
}

@inproceedings{caruana1993multitask,
  title={Multitask learning: A knowledge-based source of inductive bias1},
  author={Caruana, R},
  booktitle={Proceedings of the Tenth International Conference on Machine Learning},
  pages={41--48},
  year={1993},
  organization={Citeseer}
}

@article{baxter1997bayesian,
  title={A Bayesian/information theoretic model of learning to learn via multiple task sampling},
  author={Baxter, Jonathan},
  journal={Machine learning},
  volume={28},
  pages={7--39},
  year={1997},
  publisher={Springer}
}

@article{yu2020gradient,
  title={Gradient surgery for multi-task learning},
  author={Yu, Tianhe and Kumar, Saurabh and Gupta, Abhishek and Levine, Sergey and Hausman, Karol and Finn, Chelsea},
  journal={Advances in Neural Information Processing Systems},
  volume={33},
  pages={5824--5836},
  year={2020}
}

@article{liu2021conflict,
  title={Conflict-averse gradient descent for multi-task learning},
  author={Liu, Bo and Liu, Xingchao and Jin, Xiaojie and Stone, Peter and Liu, Qiang},
  journal={Advances in Neural Information Processing Systems},
  volume={34},
  pages={18878--18890},
  year={2021}
}

@article{caruana1997multitask,
  title={Multitask learning},
  author={Caruana, Rich},
  journal={Machine learning},
  volume={28},
  pages={41--75},
  year={1997},
  publisher={Springer}
}


@inproceedings{finn2017model,
  title={Model-agnostic meta-learning for fast adaptation of deep networks},
  author={Finn, Chelsea and Abbeel, Pieter and Levine, Sergey},
  booktitle={International conference on machine learning},
  pages={1126--1135},
  year={2017},
  organization={PMLR}
}


@inproceedings{
gordon2018metalearning,
title={Meta-Learning Probabilistic Inference for Prediction},
author={Jonathan Gordon and John Bronskill and Matthias Bauer and Sebastian Nowozin and Richard Turner},
booktitle={International Conference on Learning Representations},
year={2019},
url={https://openreview.net/forum?id=HkxStoC5F7},
}

@article{bakker2003task,
  title={Task Clustering and Gating for Bayesian Multitask Learning},
  author={Bakker, Bart and Heskes, Tom},
  journal={Journal of Machine Learning Research},
  volume={4},
  pages={83--99},
  year={2003}
}

@inproceedings{naik1992meta,
  title={Meta-neural networks that learn by learning},
  author={Naik, Devang K and Mammone, Richard J},
  booktitle={[Proceedings 1992] IJCNN International Joint Conference on Neural Networks},
  volume={1},
  pages={437--442},
  year={1992},
  organization={IEEE}
}

@inproceedings{duong2015low,
  title={Low resource dependency parsing: Cross-lingual parameter sharing in a neural network parser},
  author={Duong, Long and Cohn, Trevor and Bird, Steven and Cook, Paul},
  booktitle={Proceedings of the 53rd annual meeting of the Association for Computational Linguistics and the 7th international joint conference on natural language processing (volume 2: short papers)},
  pages={845--850},
  year={2015}
}

@article{yang2016trace,
  title={Trace norm regularised deep multi-task learning},
  author={Yang, Yongxin and Hospedales, Timothy M},
  journal={arXiv preprint arXiv:1606.04038},
  year={2016}
}

@article{yuksel2012twenty,
  title={Twenty years of mixture of experts},
  author={Yuksel, Seniha Esen and Wilson, Joseph N and Gader, Paul D},
  journal={IEEE transactions on neural networks and learning systems},
  volume={23},
  number={8},
  pages={1177--1193},
  year={2012},
  publisher={IEEE}
}

@inproceedings{lawson2024merging,
  title={Merging decision transformers: Weight averaging for forming multi-task policies},
  author={Lawson, Daniel and Qureshi, Ahmed H},
  booktitle={2024 IEEE International Conference on Robotics and Automation (ICRA)},
  pages={12942--12948},
  year={2024},
  organization={IEEE}
}

@article{kirkpatrick2017overcoming,
  title={Overcoming catastrophic forgetting in neural networks},
  author={Kirkpatrick, James and Pascanu, Razvan and Rabinowitz, Neil and Veness, Joel and Desjardins, Guillaume and Rusu, Andrei A and Milan, Kieran and Quan, John and Ramalho, Tiago and Grabska-Barwinska, Agnieszka and others},
  journal={Proceedings of the national academy of sciences},
  volume={114},
  number={13},
  pages={3521--3526},
  year={2017},
  publisher={National Acad Sciences}
}

@article{rolnick2019experience,
  title={Experience replay for continual learning},
  author={Rolnick, David and Ahuja, Arun and Schwarz, Jonathan and Lillicrap, Timothy and Wayne, Gregory},
  journal={Advances in neural information processing systems},
  volume={32},
  year={2019}
}

@article{pan2020continual,
  title={Continual deep learning by functional regularisation of memorable past},
  author={Pan, Pingbo and Swaroop, Siddharth and Immer, Alexander and Eschenhagen, Runa and Turner, Richard and Khan, Mohammad Emtiyaz E},
  journal={Advances in neural information processing systems},
  volume={33},
  pages={4453--4464},
  year={2020}
}

@book{ring1994continual,
  title={Continual learning in reinforcement environments},
  author={Ring, Mark Bishop},
  year={1994},
  publisher={The University of Texas at Austin}
}

@inproceedings{pape2011modular,
  title={Modular deep belief networks that do not forget},
  author={Pape, Leo and Gomez, Faustino and Ring, Mark and Schmidhuber, J{\"u}rgen},
  booktitle={The 2011 International joint conference on neural networks},
  pages={1191--1198},
  year={2011},
  organization={IEEE}
}

@inproceedings{schwarz2018progress,
  title={Progress \& compress: A scalable framework for continual learning},
  author={Schwarz, Jonathan and Czarnecki, Wojciech and Luketina, Jelena and Grabska-Barwinska, Agnieszka and Teh, Yee Whye and Pascanu, Razvan and Hadsell, Raia},
  booktitle={International conference on machine learning},
  pages={4528--4537},
  year={2018},
  organization={PMLR}
}

@inproceedings{morrow1997manipulation,
  title={Manipulation task primitives for composing robot skills},
  author={Morrow, J Daniel and Khosla, Pradeep K},
  booktitle={Proceedings of International Conference on Robotics and Automation},
  volume={4},
  pages={3354--3359},
  year={1997},
  organization={IEEE}
}

@inproceedings{A2PR,
    title = {Adaptive Advantage-Guided Policy Regularization for Offline Reinforcement Learning},
    author = {Liu, Tenglong and Li, Yang and Lan, Yixing and Gao, Hao and Pan, Wei and Xu, Xin},
    booktitle={International Conference on Machine Learning},
    volume = {235},
    year = {2024},
    pages = {31406 - 31424},
    publisher={PMLR}
}

@inproceedings{ma2024reward,
  title={Reward Shaping for Reinforcement Learning with An Assistant Reward Agent},
  author={Ma, Haozhe and Sima, Kuankuan and Vo, Thanh Vinh and Fu, Di and Leong, Tze-Yun},
  booktitle={Forty-first International Conference on Machine Learning},
  year={2024},
  pages={33925--33939},
  volume={235},
  publisher={PMLR}
}

@article{ma2024highly,
  title={Highly efficient self-adaptive reward shaping for reinforcement learning},
  author={Ma, Haozhe and Luo, Zhengding and Vo, Thanh Vinh and Sima, Kuankuan and Leong, Tze-Yun},
  journal={arXiv preprint arXiv:2408.03029},
  year={2024}
}

@article{niu2024xted,
  title={xTED: Cross-Domain Adaptation via Diffusion-Based Trajectory Editing},
  author={Niu, Haoyi and Chen, Qimao and Liu, Tenglong and Li, Jianxiong and Zhou, Guyue and Zhang, Yi and Hu, Jianming and Zhan, Xianyuan},
  journal={arXiv preprint arXiv:2409.08687},
  year={2024}
}

@article{belkhale2024data,
  title={Data quality in imitation learning},
  author={Belkhale, Suneel and Cui, Yuchen and Sadigh, Dorsa},
  journal={Advances in Neural Information Processing Systems},
  volume={36},
  year={2024}
}

@article{cheng2024scaling,
  title={Scaling Offline Model-Based RL via Jointly-Optimized World-Action Model Pretraining},
  author={Cheng, Jie and Qiao, Ruixi and Xiong, Gang and Miao, Qinghai and Ma, Yingwei and Li, Binhua and Li, Yongbin and Lv, Yisheng},
  journal={arXiv preprint arXiv:2410.00564},
  year={2024}
}

@article{cheng2024rime,
  title={Rime: Robust preference-based reinforcement learning with noisy preferences},
  author={Cheng, Jie and Xiong, Gang and Dai, Xingyuan and Miao, Qinghai and Lv, Yisheng and Wang, Fei-Yue},
  journal={arXiv preprint arXiv:2402.17257},
  year={2024}
}

@article{zare2024survey,
  title={A survey of imitation learning: Algorithms, recent developments, and challenges},
  author={Zare, Maryam and Kebria, Parham M and Khosravi, Abbas and Nahavandi, Saeid},
  journal={IEEE Transactions on Cybernetics},
  year={2024},
  publisher={IEEE}
}

@article{LANKBS,
  author       = {Yixing Lan and
                  Xin Xu and
                  Qiang Fang and
                  Yujun Zeng and
                  Xinwang Liu and
                  Xianjian Zhang},
  title        = {Transfer reinforcement learning via meta-knowledge extraction using
                  auto-pruned decision trees},
  journal      = {Knowledge-Based Systems},
  volume       = {242},
  pages        = {108221},
  year         = {2022},
  doi          = {10.1016/J.KNOSYS.2022.108221},
}

@article{wang2024expressive,
  title={Are Expressive Models Truly Necessary for Offline RL?},
  author={Wang, Guan and Niu, Haoyi and Li, Jianxiong and Jiang, Li and Hu, Jianming and Zhan, Xianyuan},
  journal={arXiv preprint arXiv:2412.11253},
  year={2024}
}

@article{dai2024mamba,
  title={Is Mamba Compatible with Trajectory Optimization in Offline Reinforcement Learning?},
  author={Dai, Yang and Ma, Oubo and Zhang, Longfei and Liang, Xingxing and Hu, Shengchao and Wang, Mengzhu and Ji, Shouling and Huang, Jincai and Shen, Li},
  journal={arXiv preprint arXiv:2405.12094},
  year={2024}
}

@inproceedings{xudong2024iterative,
  title={Iterative regularized policy optimization with imperfect demonstrations},
  author={Gong, Xudong and Feng, Dawei and Xu, Kele and Zhai, Yuanzhao and Yao, Chengkang and Wang, Weijia and Ding, Bo and Wang, Huaimin},
  booktitle={Forty-first International Conference on Machine Learning},
  year={2024}
}

@inproceedings{xudong2024goal,
  title={Goal-Conditioned On-Policy Reinforcement Learning},
  author={Gong, Xudong and Feng, Dawei and Xu, Kele and Ding, Bo and Wang, Huaimin},
  booktitle={The Thirty-eighth Annual Conference on Neural Information Processing Systems},
  year={2024}
}

 @inproceedings{
        zheng2025diffusion,
        title={Diffusion-Based Planning for Autonomous Driving with Flexible Guidance},
        author={Yinan Zheng and Ruiming Liang and Kexin Zheng and Jinliang Zheng and Liyuan Mao and Jianxiong Li and Weihao Gu and Rui Ai and Shengbo Eben Li and Xianyuan Zhan and Jingjing Liu},
        booktitle={The Thirteenth International Conference on Learning Representations},
        year={2025},
        url={https://openreview.net/forum?id=wM2sfVgMDH}
        }