@inproceedings{bernyk2023aerodynamic,
  title={Aerodynamic Investigation of Vertiport Design for Air Taxis},
  author={Bernyk, Alexandra and Mantri, Vedant and Sutherland, Finn},
  booktitle={2023 Regional Student Conferences},
  pages={76534},
  year={2023}
}

@article{bulusu2021,
  title={A traffic demand analysis method for urban air mobility},
  author={Bulusu, Vishwanath and Onat, Emin Burak and Sengupta, Raja and Yedavalli, Pavan and Macfarlane, Jane},
  journal={IEEE Transactions on Intelligent Transportation Systems},
  volume={22},
  number={9},
  pages={6039--6047},
  year={2021},
  publisher={IEEE}
}

@article{chen2022scalable,
  title={Scalable vertiport hub location selection for air taxi operations in a metropolitan region},
  author={Chen, Liting and Wandelt, Sebastian and Dai, Weibin and Sun, Xiaoqian},
  journal={INFORMS Journal on Computing},
  volume={34},
  number={2},
  pages={834--856},
  year={2022},
  publisher={INFORMS}}

@inproceedings{cho2022uam,
  author    = {J. Cho and H. Cho and S. Oh and S. Kim and Y. Yoon},
  title     = {Can Urban Air Mobility Become a Public Transportation Option?: Understanding Sociodemographic Characteristics and Urban Air Mobility Adoption Readiness in Seoul, South Korea},
  booktitle = {Conference on Transportation Research Board 101st Annual Meeting},
  year      = {2022}
}

@inproceedings{daskilewicz2018progress,
  title={Progress in vertiport placement and estimating aircraft range requirements for eVTOL daily commuting},
  author={Daskilewicz, Matthew and German, Brian and Warren, Matthew and Garrow, Laurie A and Boddupalli, Sreekar-Shashank and Douthat, Thomas H},
  booktitle={2018 Aviation Technology, Integration, and Operations Conference},
  pages={2884},
  year={2018}}

@misc{easa2021study,
  author       = {EASA, NN},
  title        = {Study on the societal acceptance of urban air mobility in Europe},
  year         = {2021},
  note         = {Accessed: 2024-07-24},
  url          = {https://www.easa.europa.eu/en/downloads/127760/en},
}

@article{fadhil2018gis,
  title={A GIS-based analysis for selecting ground infrastructure locations for urban air mobility},
  author={Fadhil, Dimas Numan},
  journal={Master’s Thesis, Technical University of Munich},
  volume={31},
  year={2018}
}

@article{ison2023analysis,
  title={Analysis of noise distributions at heliports and vertiports: A guide for site selection and land use planning},
  author={Ison, David},
  journal={Journal of Airline and Airport Management},
  volume={13},
  number={2},
  pages={64--84},
  year={2023}}

@article{ison2024consumer,
  title={Consumer Willingness to Fly on Advanced Air Mobility (AAM) Electric Vertical Takeoff and Landing (eVTOL) Aircraft},
  author={Ison, David},
  journal={The Collegiate Aviation Review International},
  volume={42},
  number={1},
  year={2024}
}

@article{jin2024robust,
  title={Robust optimisation for vertiport location problem considering travel mode choice behaviour in urban air mobility systems},
  author={Jin, Zhongyi and Ng, Kam KH and Zhang, Chenliang},
  journal={Journal of the Air Transport Research Society},
  volume={2},
  pages={100006},
  year={2024},
  publisher={Elsevier}}

@article{kai2022,
  title={Vertiport planning for urban aerial mobility: An adaptive discretization approach},
  author={Kai, Wang and Jacquillat, Alexandre and Vaze, Vikrant},
  journal={manufacturing \& service operations management},
  volume={24},
  number={6},
  pages={3215--3235},
  year={2022},
  publisher={INFORMS}
}

@article{kotwicz_airspace,
  title={Impact of Airspace Restrictions on Urban Air Mobility Airport Shuttle Service Route Feasibility},
  author={Kotwicz Herniczek, Mark T and German, Brian J},
  journal={Transportation Research Record},
  volume={2676},
  number={11},
  pages={689--706},
  year={2022},
  publisher={SAGE Publications Sage CA: Los Angeles, CA}
}

@inproceedings{lee2023,
  title={Proposal of Seoul’s UAM Routes and Vertiports with Spatial Data Analysis},
  author={Lee, Juho and Yoon, Donghyun and Lee, Jinyong and Koo, Jahwan},
  booktitle={International Conference on Human-Computer Interaction},
  pages={325--340},
  year={2023},
  organization={Springer}
}

@article{lim2019selection,
  title={The selection of vertiport location for on-demand mobility and its application to Seoul metro area},
  author={Lim, Eunha and Hwang, Hoyon},
  journal={International Journal of Aeronautical and Space Sciences},
  volume={20},
  pages={260--272},
  year={2019},
  publisher={Springer}}

@article{macias2023integrated,
  title={An integrated vertiport placement model considering vehicle sizing and queuing: A case study in London},
  author={Macias, Jose Escribano and Khalife, Carl and Slim, Joseph and Angeloudis, Panagiotis},
  journal={Journal of Air Transport Management},
  volume={113},
  pages={102486},
  year={2023},
  publisher={Elsevier}}

@inproceedings{mendonca2022advanced,
  title={Advanced air mobility vertiport considerations: A list and overview},
  author={Mendonca, Nancy and Murphy, James and Patterson, Michael D and Alexander, Rex and Juarex, Gabriela and Harper, Clint},
  booktitle={AIAA AVIATION 2022 Forum},
  pages={4073},
  year={2022}}

@article{murcca2021identification,
  title={Identification and prediction of urban airspace availability for emerging air mobility operations},
  author={Mur{\c{c}}a, Mayara Cond{\'e} Rocha},
  journal={Transportation Research Part C: Emerging Technologies},
  volume={131},
  pages={103274},
  year={2021},
  publisher={Elsevier}}

@article{park2022comparison,
  title={Comparison of wind data for review of take-off and landing directions of UAM port},
  author={Park, Jaewoo and Park, GeonHwan and Hong, HyeJin and Ku, SungKwan},
  journal={Journal of Advanced Navigation Technology},
  volume={26},
  number={6},
  pages={393--403},
  year={2022},
  publisher={The Korean Navigation Institute}
}

@inproceedings{perperidou_regul,
  title={Urban air mobility (UAM) integration to urban planning},
  author={Perperidou, Dionysia G and Kirgiafinis, Dimitrios},
  booktitle={Conference on Sustainable Urban Mobility},
  pages={1676--1686},
  year={2022},
  organization={Springer}
}

@article{rajendran2019,
  title={Insights on strategic air taxi network infrastructure locations using an iterative constrained clustering approach},
  author={Rajendran, Suchithra and Zack, Joshua},
  journal={Transportation Research Part E: Logistics and Transportation Review},
  volume={128},
  pages={470--505},
  year={2019},
  publisher={Elsevier}
}

@article{rajendran2023capacitated,
  title={Capacitated vertiport and charging station location-allocation problem for air taxi operations with battery and fleet dispatching considerations: a case study of New York city},
  author={Rajendran, Suchithra and Sinha, Akhouri Amitanand and Srinivas, Sharan},
  journal={International Journal of Systems Science: Operations \& Logistics},
  volume={10},
  number={1},
  pages={2252737},
  year={2023},
  publisher={Taylor \& Francis}}

@inproceedings{rimjha2021urban,
  title={Urban air mobility: Factors affecting vertiport capacity},
  author={Rimjha, Mihir and Trani, Antonio},
  booktitle={2021 integrated communications navigation and surveillance conference (ICNS)},
  pages={1--14},
  year={2021},
  organization={IEEE}}

@article{rimjha_commuter,
  title={Commuter demand estimation and feasibility assessment for Urban Air Mobility in Northern California},
  author={Rimjha, Mihir and Hotle, Susan and Trani, Antonio and Hinze, Nicolas},
  journal={Transportation Research Part A: Policy and Practice},
  volume={148},
  pages={506--524},
  year={2021},
  publisher={Elsevier}
}

@inproceedings{rimjha_noise,
  title={Urban air mobility: Preliminary noise analysis of commuter operations},
  author={Rimjha, Mihir and Trani, Antonio and Hotle, Susan},
  booktitle={AIAA Aviation 2021 Forum},
  pages={3204},
  year={2021}
}

@article{straubinger2021_employment,
  title={Will urban air mobility fly? The efficiency and distributional impacts of UAM in different urban spatial structures},
  author={Straubinger, Anna and Verhoef, Erik T and De Groot, Henri LF},
  journal={Transportation Research Part C: Emerging Technologies},
  volume={127},
  pages={103124},
  year={2021},
  publisher={Elsevier}
}

@phdthesis{tarafdar_cost,
  title={Urban Air Mobility (UAM) Landing Site Feasibility Analysis: A Multi-Attribute Decision Making Approach},
  author={Tarafdar, Sayantan},
  year={2020},
  school={Virginia Tech}
}

@inproceedings{taylor2020design,
  title={Design of a vertiport design tool},
  author={Taylor, Megan and Saldanli, Asya and Park, Andy},
  booktitle={2020 Integrated Communications Navigation and Surveillance Conference (ICNS)},
  pages={2A2--1},
  year={2020},
  organization={IEEE}
}

@inproceedings{vascik2019development,
  title={Development of vertiport capacity envelopes and analysis of their sensitivity to topological and operational factors},
  author={Vascik, Parker D and Hansman, R John},
  booktitle={AIAA Scitech 2019 Forum},
  pages={0526},
  year={2019}}

@article{vascik2020geometric,
  title={Geometric approach towards airspace assessment for emerging operations},
  author={Vascik, Parker D and Cho, Jungwoo and Bulusu, Vishwanath and Polishchuk, Valentin},
  journal={Journal of Air Transportation},
  volume={28},
  number={3},
  pages={124--133},
  year={2020},
  publisher={American Institute of Aeronautics and Astronautics}}

@article{wang2023,
  title={A review of urban air mobility-enabled intelligent transportation systems: Mechanisms, applications and challenges},
  author={Wang, Leilei and Deng, Xiaoheng and Gui, Jinsong and Jiang, Ping and Zeng, Feng and Wan, Shaohua},
  journal={Journal of Systems Architecture},
  volume={141},
  pages={102902},
  year={2023},
  publisher={Elsevier}
}

@article{wu2021_network,
  title={Integrated network design and demand forecast for on-demand urban air mobility},
  author={Wu, Zhiqiang and Zhang, Yu},
  journal={Engineering},
  volume={7},
  number={4},
  pages={473--487},
  year={2021},
  publisher={Elsevier}
}

@article{yedavalli_land,
  title={Planning land use constrained networks of urban air mobility infrastructure in the San Francisco bay area},
  author={Yedavalli, Pavan and Cohen, Adam},
  journal={Transportation Research Record},
  volume={2676},
  number={7},
  pages={106--116},
  year={2022},
  publisher={SAGE Publications Sage CA: Los Angeles, CA}
}

