@book{Kwon2021,
author = {Kwon, TaeBeom},
title = {{A Study on the Improvement of Traffic Accessibility in Daegu National Industrial Complex}},
year = {2021},
publisher = {Gyeongbuk Development Institute}
}

@book{KUAM2021,
author = {UAM Team Korea},
title = {{Guidelines for the Construction and Operation of Korean-style Vertiports}},
year = {2021},
publisher = {Ministry of Land, Infrastructure and Transport of Korea}
}

@article{Jung2021,
  title={A Study on the Factors and Importance Analysis for UAM Vertiport Location Selection Using the ANP Model},
  author={Jung, MinCheol and Ryu, KeumSik and Yoon, MunKil},
  journal={Journal of the Korean Society for Aviation Management},
  volume={19},
  number={5},
  pages={3--19},
  year={2021},
  publisher={Korean Society for Aviation Management}
}

@article{Lee2021,
  title={Urban Air Mobility (UAM) Operation Models and Typology of Ground-Based Infrastructure},
  author={Lee, JaeHong and Hong, SungJo},
  journal={Journal of Urban Policy Research},
  volume={12},
  number={1},
  pages={89--111},
  year={2021}
}

@book{Krueger2014,
  title={Focus Groups: A Practical Guide for Applied Research},
  author={Krueger, Richard A. and Casey, Mary Anne},
  year={2014},
  publisher={SAGE Publications},
  address={Thousand Oaks, CA}
}

@book{Sun2020,
  title={Architectural Design Strategies for Urban Air Mobility (UAM) Vertiports},
  author={Sun, Z. and Zhang, Y.},
  year={2020},
  publisher={Springer},
  address={Berlin}
}

@article{anderson2017,
  title={Multimodal route choice models of public transport passengers in the Greater Copenhagen Area},
  author={Anderson, Marie Karen and Nielsen, Otto Anker and Prato, Carlo Giacomo},
  journal={EURO Journal on Transportation and Logistics},
  volume={6},
  number={3},
  pages={221--245},
  year={2017},
  publisher={Elsevier}
}

@article{bulusu2021,
  title={A traffic demand analysis method for urban air mobility},
  author={Bulusu, Vishwanath and Onat, Emin Burak and Sengupta, Raja and Yedavalli, Pavan and Macfarlane, Jane},
  journal={IEEE Transactions on Intelligent Transportation Systems},
  volume={22},
  number={9},
  pages={6039--6047},
  year={2021},
  publisher={IEEE}
}

@article{buire2024,
  title={Air--rail timetable synchronisation: Improving passenger connections in Europe within and across transportation modes},
  author={Buire, Clara and Marzuoli, Aude and Delahaye, Daniel and Mongeau, Marcel},
  journal={Journal of Air Transport Management},
  volume={115},
  pages={102526},
  year={2024},
  publisher={Elsevier}
}

@article{fadhil2018gis,
  title={A GIS-based analysis for selecting ground infrastructure locations for urban air mobility},
  author={Fadhil, Dimas Numan},
  journal={Master’s Thesis, Technical University of Munich},
  volume={31},
  year={2018}
}

@article{hansen1959accessibility,
  title={How accessibility shapes land use},
  author={Hansen, Walter G},
  journal={Journal of the American Institute of planners},
  volume={25},
  number={2},
  pages={73--76},
  year={1959},
  publisher={Taylor \& Francis}
}

@book{tzeng2011,
  title={Multiple attribute decision making: methods and applications},
  author={Tzeng, Gwo-Hshiung and Huang, Jih-Jeng},
  year={2011},
  publisher={CRC press}
}

@inproceedings{lee2023,
  title={Proposal of Seoul’s UAM Routes and Vertiports with Spatial Data Analysis},
  author={Lee, Juho and Yoon, Donghyun and Lee, Jinyong and Koo, Jahwan},
  booktitle={International Conference on Human-Computer Interaction},
  pages={325--340},
  year={2023},
  organization={Springer}
}

@article{lin2022,
  title={Metro-related transfers: a review of recent literature},
  author={Lin, Dong and De Vos, Jonas and Maruyama, Takuya and Bobylev, Nikolai and Cui, Jianqiang},
  journal={Journal of Urban Planning and Development},
  volume={148},
  number={3},
  pages={03122002},
  year={2022},
  publisher={American Society of Civil Engineers}
}

@article{rahman2023,
  title={Integrating Urban Air Mobility into a Public Transit System: A GIS-Based Approach to Identify Candidate Locations for Vertiports},
  author={Rahman, Baishali and Bridgelall, Raj and Habib, Muhammad Faisal and Motuba, Diomo},
  journal={Vehicles},
  volume={5},
  number={4},
  pages={1803--1817},
  year={2023},
  publisher={MDPI}
}

@article{rajendran2019,
  title={Insights on strategic air taxi network infrastructure locations using an iterative constrained clustering approach},
  author={Rajendran, Suchithra and Zack, Joshua},
  journal={Transportation Research Part E: Logistics and Transportation Review},
  volume={128},
  pages={470--505},
  year={2019},
  publisher={Elsevier}
}

@inproceedings{rimjha2021,
  title={Urban air mobility: Factors affecting vertiport capacity},
  author={Rimjha, Mihir and Trani, Antonio},
  booktitle={2021 integrated communications navigation and surveillance conference (ICNS)},
  pages={1--14},
  year={2021},
  organization={IEEE}
}

@article{roy1968,
  title={Classement et choix en pr{\'e}sence de points de vue multiples},
  author={Roy, Bernard},
  journal={Revue fran{\c{c}}aise d'informatique et de recherche op{\'e}rationnelle},
  volume={2},
  number={8},
  pages={57--75},
  year={1968},
  publisher={EDP Sciences}
}

@article{saaty1987,
  title={The analytic hierarchy process—what it is and how it is used},
  author={Saaty, Roseanna W},
  journal={Mathematical modelling},
  volume={9},
  number={3-5},
  pages={161--176},
  year={1987},
  publisher={Elsevier}
}

@book{saaty2006,
  title={Decision making with the analytic network process},
  author={Saaty, Thomas L and Vargas, Luis G and others},
  volume={282},
  year={2006},
  publisher={Springer}
}

@article{sinha2022,
  title={A novel two-phase location analytics model for determining operating station locations of emerging air taxi services},
  author={Sinha, Akhouri Amitanand and Rajendran, Suchithra},
  journal={Decision Analytics Journal},
  volume={2},
  pages={100013},
  year={2022},
  publisher={Elsevier}
}

@inproceedings{vascik2019,
  title={Development of vertiport capacity envelopes and analysis of their sensitivity to topological and operational factors},
  author={Vascik, Parker D and Hansman, R John},
  booktitle={AIAA Scitech 2019 Forum},
  pages={0526},
  year={2019}
}

@article{wang2020,
  title={A Network-Based Model of Passenger Transfer Flow between Bus and Metro: An Application to the Public Transport System of Beijing},
  author={Wang, Wenjing and Wang, Yihong and Correia, Gon{\c{c}}alo Homem de Almeida and Chen, Yusen},
  journal={Journal of advanced transportation},
  volume={2020},
  number={1},
  pages={6659931},
  year={2020},
  publisher={Wiley Online Library}
}

@article{yang2022,
  title={Factors Affecting Travel Mode Choice between High-Speed Railway and Road Passenger Transport—Evidence from China},
  author={Yang, Wen and Chen, Quanliang and Yang, Jing},
  journal={Sustainability},
  volume={14},
  number={23},
  pages={15745},
  year={2022},
  publisher={MDPI}
}

@book{K_UAMCONOPS,
  title={K-UAM Concept of Operations 1.0},
  author={{UAM Team Korea}},
  publisher={ROK Ministry of Land, Infrastructure and Transport},
  year={2021}
}

@book{U_UAMCONOPS,
  title={Urban Air Mobility (UAM) Concept of Operations 2.0},
  author={{Federal Aviation Administration}},
  publisher={US Federal Aviation Administration},
  year={2023}
}

@misc{Korea_Airspace_Management_Regulations,
  author       = {ROK Ministry of Land, Infrastructure and Transport},
  title        = {Regulation of Airspace Management},
  year         = {2024},
  note         = {Accessed: 2024-07-24},
  url          = {https://www.law.go.kr/LSW/admRulLsInfoP.do?admRulId=31725&efYd=0},
}

@misc{Korea_Transfer_Center,
  author       = {ROK Ministry of Land, Infrastructure and Transport},
  title        = {Regulation of Design and Layout Standards for Transfer Centers and Complex Transfer Centers},
  year         = {2015},
  note         = {Accessed: 2024-07-24},
  url          = {https://www.molit.go.kr/USR/viewer.do?mode=pc&type=I0204&id=14143&num=2},
}

@inproceedings{rimjha_noise,
  title={Urban air mobility: Preliminary noise analysis of commuter operations},
  author={Rimjha, Mihir and Trani, Antonio and Hotle, Susan},
  booktitle={AIAA Aviation 2021 Forum},
  pages={3204},
  year={2021}
}

@inproceedings{perperidou_regul,
  title={Urban air mobility (UAM) integration to urban planning},
  author={Perperidou, Dionysia G and Kirgiafinis, Dimitrios},
  booktitle={Conference on Sustainable Urban Mobility},
  pages={1676--1686},
  year={2022},
  organization={Springer}
}

@phdthesis{tarafdar_cost,
  title={Urban Air Mobility (UAM) Landing Site Feasibility Analysis: A Multi-Attribute Decision Making Approach},
  author={Tarafdar, Sayantan},
  year={2020},
  school={Virginia Tech}
}

@article{kotwicz_airspace,
  title={Impact of Airspace Restrictions on Urban Air Mobility Airport Shuttle Service Route Feasibility},
  author={Kotwicz Herniczek, Mark T and German, Brian J},
  journal={Transportation Research Record},
  volume={2676},
  number={11},
  pages={689--706},
  year={2022},
  publisher={SAGE Publications Sage CA: Los Angeles, CA}
}

@article{rimjha_commuter,
  title={Commuter demand estimation and feasibility assessment for Urban Air Mobility in Northern California},
  author={Rimjha, Mihir and Hotle, Susan and Trani, Antonio and Hinze, Nicolas},
  journal={Transportation Research Part A: Policy and Practice},
  volume={148},
  pages={506--524},
  year={2021},
  publisher={Elsevier}
}

@article{straubinger_income,
  title={Business model options for passenger urban air mobility},
  author={Straubinger, Anna and Michelmann, Johannes and Biehle, Tobias},
  journal={CEAS Aeronautical Journal},
  volume={12},
  number={2},
  pages={361--380},
  year={2021},
  publisher={Springer}
}

@article{straubinger2021_employment,
  title={Will urban air mobility fly? The efficiency and distributional impacts of UAM in different urban spatial structures},
  author={Straubinger, Anna and Verhoef, Erik T and De Groot, Henri LF},
  journal={Transportation Research Part C: Emerging Technologies},
  volume={127},
  pages={103124},
  year={2021},
  publisher={Elsevier}
}

@article{yedavalli_land,
  title={Planning land use constrained networks of urban air mobility infrastructure in the San Francisco bay area},
  author={Yedavalli, Pavan and Cohen, Adam},
  journal={Transportation Research Record},
  volume={2676},
  number={7},
  pages={106--116},
  year={2022},
  publisher={SAGE Publications Sage CA: Los Angeles, CA}
}

@article{wu2021_network,
  title={Integrated network design and demand forecast for on-demand urban air mobility},
  author={Wu, Zhiqiang and Zhang, Yu},
  journal={Engineering},
  volume={7},
  number={4},
  pages={473--487},
  year={2021},
  publisher={Elsevier}
}

@article{kai2022,
  title={Vertiport planning for urban aerial mobility: An adaptive discretization approach},
  author={Kai, Wang and Jacquillat, Alexandre and Vaze, Vikrant},
  journal={manufacturing \& service operations management},
  volume={24},
  number={6},
  pages={3215--3235},
  year={2022},
  publisher={INFORMS}
}

@misc{easa2021study,
  author       = {EASA, NN},
  title        = {Study on the societal acceptance of urban air mobility in Europe},
  year         = {2021},
  note         = {Accessed: 2024-07-24},
  url          = {https://www.easa.europa.eu/en/downloads/127760/en},
}

@inproceedings{taylor2020design,
  title={Design of a vertiport design tool},
  author={Taylor, Megan and Saldanli, Asya and Park, Andy},
  booktitle={2020 Integrated Communications Navigation and Surveillance Conference (ICNS)},
  pages={2A2--1},
  year={2020},
  organization={IEEE}
}

@article{jiang2024,
  title={Simulating Integration of Urban Air Mobility into Existing Transportation Systems: Survey},
  author={Jiang, Xuan and Tang, Yuhan and Cao, Junzhe and Bulusu, Vishwanath and Yang, Hao and Peng, Xin and Zheng, Yunhan and Zhao, Jinhua and Sengupta, Raja},
  journal={Journal of Air Transportation},
  pages={1--11},
  year={2024},
  publisher={American Institute of Aeronautics and Astronautics}
}

@article{ewing2016,
  title={Urban sprawl as a risk factor in motor vehicle crashes},
  author={Ewing, Reid and Hamidi, Shima and Grace, James B},
  journal={Urban Studies},
  volume={53},
  number={2},
  pages={247--266},
  year={2016},
  publisher={Sage Publications Sage UK: London, England}
}

@article{sarzynski2006,
  title={Testing the conventional wisdom about land use and traffic congestion: The more we sprawl, the less we move?},
  author={Sarzynski, Andrea and Wolman, Harold L and Galster, George and Hanson, Royce},
  journal={Urban Studies},
  volume={43},
  number={3},
  pages={601--626},
  year={2006},
  publisher={Sage Publications Sage UK: London, England}
}

@book{levine1990,
  title={Employment suburbanization and the journey to work},
  author={Levine, Jonathan Charles},
  year={1990},
  publisher={University of California, Berkeley}
}

@article{heider2020,
  title={Employment suburbanization in the 21st century: A comparison of German and US city regions},
  author={Heider, Bastian and Siedentop, Stefan},
  journal={Cities},
  volume={104},
  pages={102802},
  year={2020},
  publisher={Elsevier}
}

@article{willey2021method,
  title={A method for urban air mobility network design using hub location and subgraph isomorphism},
  author={Willey, Landon C and Salmon, John L},
  journal={Transportation Research Part C: Emerging Technologies},
  volume={125},
  pages={102997},
  year={2021},
  publisher={Elsevier}
}

@article{arnold2023mobility,
  title={Mobility hubs: review and future research direction},
  author={Arnold, Thomas and Frost, Matthew and Timmis, Andrew and Dale, Simon and Ison, Stephen},
  journal={Transportation Research Record},
  volume={2677},
  number={2},
  pages={858--868},
  year={2023},
  publisher={SAGE Publications Sage CA: Los Angeles, CA}
}

@article{xia2017air,
  title={Air and high-speed rail transport integration on profits and welfare: Effects of air-rail connecting time},
  author={Xia, Wenyi and Zhang, Anming},
  journal={Journal of air transport management},
  volume={65},
  pages={181--190},
  year={2017},
  publisher={Elsevier}
}

@article{chen2016,
  title={The integration of air and rail technologies: Shanghai's Hongqiao integrated transport hub},
  author={Chen, Xueming and Lin, Lin},
  journal={Journal of Urban Technology},
  volume={23},
  number={2},
  pages={23--46},
  year={2016},
  publisher={Taylor \& Francis}
}

@article{wang2023,
  title={A review of urban air mobility-enabled intelligent transportation systems: Mechanisms, applications and challenges},
  author={Wang, Leilei and Deng, Xiaoheng and Gui, Jinsong and Jiang, Ping and Zeng, Feng and Wan, Shaohua},
  journal={Journal of Systems Architecture},
  volume={141},
  pages={102902},
  year={2023},
  publisher={Elsevier}
}

@misc{KoreanPopulationDensity,
  author       = {Statistics Korea},
  title        = {Population Density Data},
  year         = {2023},
  note         = {Accessed: 2024-07-24},
  url          = {https://www.index.go.kr/unity/potal/main/EachDtlPageDetail.do?idx_cd=1007},
}

@misc{KoreanNumCompanies,
  author       = {Statistics Korea},
  title        = {The Number of Companies},
  year         = {2024},
  note         = {Accessed: 2024-07-30},
  url          = {https://sgis.kostat.go.kr/view/sbrStats/sbrStatsMain}
}

@misc{USPopulationDensity,
  author       = {U.S. Census Bureau},
  title        = {Metropolitan and Micropolitan Statistical Areas Population Totals: 2020-2023},
  year         = {2023},
  note         = {Accessed: 2024-07-24},
  url          = {https://www.census.gov/data/tables/time-series/demo/popest/2020s-total-metro-and-micro-statistical-areas.html#v2023}
}

@misc{TokyoPopulationDensity,
  author       = {Statistics of Tokyo},
  title        = {Population of Tokyo(estimate)},
  year         = {2023},
  note         = {Accessed: 2024-07-30},
  url          = {https://www.toukei.metro.tokyo.lg.jp/jsuikei/js-index.htm}
}

@misc{SeoulMetropolitanArea,
  author       = {Ministry of Land, Infrastructure and Transport of Korea},
  title        = {Total Area of Seoul Metropolitan Area},
  year         = {2023},
  note         = {Accessed: 2024-07-30},
  url          = {https://stat.molit.go.kr/portal/cate/statView.do?hRsId=24&hFormId=2300&hDivEng=&month_yn=}
}

@article{wang2024vulnerability,
  title={Vulnerability analysis of public transit systems from the perspective of the traffic situation},
  author={Wang, Ziqi and Pei, Yulong and Zhang, Jianhua and Dong, Chuntong and Liu, Jing and Zhou, Dongyue},
  journal={Physica A: Statistical Mechanics and its Applications},
  volume={634},
  pages={129441},
  year={2024},
  publisher={Elsevier}
}

@misc{population,
  author       = {Statistics Korea},
  title        = {The Status of Population},
  year         = {2024},
  note         = {Accessed: 2024-07-30},
  url          = {https://kosis.kr/visual/populationKorea/PopulationDashBoardMain.do}
}

@misc{industrial_park,
  author        = {Korea Industrial Complex Corp},
  title        = {The Status of Industrial Park},
  year         = {2024},
  note         = {Accessed: 2024-07-30},
  url          = {https://www.kicox.or.kr/user/bbs/BD_selectBbsList.do?q_bbsCode=1036&q_bbscttSn=&q_currPage=1&q_order=&q_clCode=2&q_searchKeyTy=sj___1002&q_searchVal=&}
}

@misc{HighwayTraffic,
  author        = {Korea Expressway Corporation},
  title        = {The Highway Traffic Statistics},
  year         = {2023},
  note         = {Accessed: 2024-07-30},
  url          = {https://www.ex.co.kr/portal/biz/bbs/layout1/selectBoardList.do?bbsId=BBSMSTR_000000000321}
}

@article{han2016seoul,
  title={Seoul Ring Expressway Transfer Center (ex-HUB) Pilot Project},
  author={Han, Unggu and Mun, Jeongwon},
  journal={Transportation Technology and Policy},
  volume={13},
  number={4},
  pages={57--61},
  year={2016},
  publisher={Korean Society of Transportation}
}

@inproceedings{harabor2012jps,
  title={The JPS pathfinding system},
  author={Harabor, Daniel and Grastien, Alban},
  booktitle={Proceedings of the International Symposium on Combinatorial Search},
  volume={3},
  number={1},
  pages={207--208},
  year={2012}
}

@inproceedings{bernyk2023aerodynamic,
  title={Aerodynamic Investigation of Vertiport Design for Air Taxis},
  author={Bernyk, Alexandra and Mantri, Vedant and Sutherland, Finn},
  booktitle={2023 Regional Student Conferences},
  pages={76534},
  year={2023}
}

@article{park2022comparison,
  title={Comparison of wind data for review of take-off and landing directions of UAM port},
  author={Park, Jaewoo and Park, GeonHwan and Hong, HyeJin and Ku, SungKwan},
  journal={Journal of Advanced Navigation Technology},
  volume={26},
  number={6},
  pages={393--403},
  year={2022},
  publisher={The Korean Navigation Institute}
}

@article{ison2024consumer,
  title={Consumer Willingness to Fly on Advanced Air Mobility (AAM) Electric Vertical Takeoff and Landing (eVTOL) Aircraft},
  author={Ison, David},
  journal={The Collegiate Aviation Review International},
  volume={42},
  number={1},
  year={2024}
}

@article{macias2023integrated,
  title={An integrated vertiport placement model considering vehicle sizing and queuing: A case study in London},
  author={Macias, Jose Escribano and Khalife, Carl and Slim, Joseph and Angeloudis, Panagiotis},
  journal={Journal of Air Transport Management},
  volume={113},
  pages={102486},
  year={2023},
  publisher={Elsevier}}

@inproceedings{daskilewicz2018progress,
  title={Progress in vertiport placement and estimating aircraft range requirements for eVTOL daily commuting},
  author={Daskilewicz, Matthew and German, Brian and Warren, Matthew and Garrow, Laurie A and Boddupalli, Sreekar-Shashank and Douthat, Thomas H},
  booktitle={2018 Aviation Technology, Integration, and Operations Conference},
  pages={2884},
  year={2018}}

@inproceedings{vascik2019development,
  title={Development of vertiport capacity envelopes and analysis of their sensitivity to topological and operational factors},
  author={Vascik, Parker D and Hansman, R John},
  booktitle={AIAA Scitech 2019 Forum},
  pages={0526},
  year={2019}}

@article{vascik2020geometric,
  title={Geometric approach towards airspace assessment for emerging operations},
  author={Vascik, Parker D and Cho, Jungwoo and Bulusu, Vishwanath and Polishchuk, Valentin},
  journal={Journal of Air Transportation},
  volume={28},
  number={3},
  pages={124--133},
  year={2020},
  publisher={American Institute of Aeronautics and Astronautics}}

@article{rajendran2023capacitated,
  title={Capacitated vertiport and charging station location-allocation problem for air taxi operations with battery and fleet dispatching considerations: a case study of New York city},
  author={Rajendran, Suchithra and Sinha, Akhouri Amitanand and Srinivas, Sharan},
  journal={International Journal of Systems Science: Operations \& Logistics},
  volume={10},
  number={1},
  pages={2252737},
  year={2023},
  publisher={Taylor \& Francis}}

@article{murcca2021identification,
  title={Identification and prediction of urban airspace availability for emerging air mobility operations},
  author={Mur{\c{c}}a, Mayara Cond{\'e} Rocha},
  journal={Transportation Research Part C: Emerging Technologies},
  volume={131},
  pages={103274},
  year={2021},
  publisher={Elsevier}}

@article{lim2019selection,
  title={The selection of vertiport location for on-demand mobility and its application to Seoul metro area},
  author={Lim, Eunha and Hwang, Hoyon},
  journal={International Journal of Aeronautical and Space Sciences},
  volume={20},
  pages={260--272},
  year={2019},
  publisher={Springer}}

@article{jin2024robust,
  title={Robust optimisation for vertiport location problem considering travel mode choice behaviour in urban air mobility systems},
  author={Jin, Zhongyi and Ng, Kam KH and Zhang, Chenliang},
  journal={Journal of the Air Transport Research Society},
  volume={2},
  pages={100006},
  year={2024},
  publisher={Elsevier}}

@article{chen2022scalable,
  title={Scalable vertiport hub location selection for air taxi operations in a metropolitan region},
  author={Chen, Liting and Wandelt, Sebastian and Dai, Weibin and Sun, Xiaoqian},
  journal={INFORMS Journal on Computing},
  volume={34},
  number={2},
  pages={834--856},
  year={2022},
  publisher={INFORMS}}

@article{ison2023analysis,
  title={Analysis of noise distributions at heliports and vertiports: A guide for site selection and land use planning},
  author={Ison, David},
  journal={Journal of Airline and Airport Management},
  volume={13},
  number={2},
  pages={64--84},
  year={2023}}

@inproceedings{rimjha2021urban,
  title={Urban air mobility: Factors affecting vertiport capacity},
  author={Rimjha, Mihir and Trani, Antonio},
  booktitle={2021 integrated communications navigation and surveillance conference (ICNS)},
  pages={1--14},
  year={2021},
  organization={IEEE}}

@inproceedings{mendonca2022advanced,
  title={Advanced air mobility vertiport considerations: A list and overview},
  author={Mendonca, Nancy and Murphy, James and Patterson, Michael D and Alexander, Rex and Juarex, Gabriela and Harper, Clint},
  booktitle={AIAA AVIATION 2022 Forum},
  pages={4073},
  year={2022}}

@inproceedings{cho2022uam,
  author    = {J. Cho and H. Cho and S. Oh and S. Kim and Y. Yoon},
  title     = {Can Urban Air Mobility Become a Public Transportation Option?: Understanding Sociodemographic Characteristics and Urban Air Mobility Adoption Readiness in Seoul, South Korea},
  booktitle = {Conference on Transportation Research Board 101st Annual Meeting},
  year      = {2022}
}