@ARTICLE{10086052,
  author={Qin, Yunhui and Zhang, Zhongshan and Li, Xulong and Huangfu, Wei and Zhang, Haijun},
  journal={IEEE Transactions on Wireless Communications}, 
  title={Deep Reinforcement Learning Based Resource Allocation and Trajectory Planning in Integrated Sensing and Communications {UAV} Network}, 
  year={2023},
  volume={22},
  number={11},
  pages={8158-8169},
  doi={10.1109/TWC.2023.3260304}}

@ARTICLE{10109153,
  author={Guo, Kefeng and Wu, Min and Li, Xingwang and Song, Houbing and Kumar, Neeraj},
  journal={IEEE Transactions on Intelligent Transportation Systems}, 
  title={Deep Reinforcement Learning and {NOMA}-Based Multi-Objective {RIS}-Assisted {IS-UAV-TNs}: Trajectory Optimization and Beamforming Design}, 
  year={2023},
  volume={24},
  number={9},
  doi={10.1109/TITS.2023.3267607}}

@ARTICLE{10529190,
  author={Yang, Kun and Shi, Chengshuai and Shen, Cong and Yang, Jing and Yeh, Shu-ping and Sydir, Jaroslaw J.},
  journal={IEEE Transactions on Wireless Communications}, 
  title={Offline Reinforcement Learning for Wireless Network Optimization with Mixture Datasets}, 
  year={2024},
  volume={},
  number={},
  doi={10.1109/TWC.2024.3395624}}

@INPROCEEDINGS{9053252,
  author={Park, Sangwoo and Simeone, Osvaldo and Kang, Joonhyuk},
  booktitle={ICASSP 2020 - 2020 IEEE International Conference on Acoustics, Speech and Signal Processing (ICASSP)}, 
  title={Meta-Learning to Communicate: Fast End-to-End Training for Fading Channels}, 
  year={2020},
  volume={},
  number={},
  pages={5075-5079},
  doi={10.1109/ICASSP40776.2020.9053252}}

@ARTICLE{9257198,
  author={Yuan, Yi and Zheng, Gan and Wong, Kai-Kit and Ottersten, Bj√∂rn and Luo, Zhi-Quan},
  journal={IEEE Transactions on Wireless Communications}, 
  title={Transfer Learning and Meta Learning-Based Fast Downlink Beamforming Adaptation}, 
  year={2021},
  volume={20},
  number={3},
  doi={10.1109/TWC.2020.3035843}}

@ARTICLE{9457160,
  author={Hu, Ye and Chen, Mingzhe and Saad, Walid and Poor, H. Vincent and Cui, Shuguang},
  journal={IEEE Journal on Selected Areas in Communications}, 
  title={Distributed Multi-Agent Meta Learning for Trajectory Design in Wireless Drone Networks}, 
  year={2021},
  volume={39},
  number={10},
  pages={3177-3192},
  doi={10.1109/JSAC.2021.3088689}}

@ARTICLE{9495238,
  author={Yuan, Yi and Zheng, Gan and Wong, Kai-Kit and Letaief, Khaled B.},
  journal={IEEE Transactions on Vehicular Technology}, 
  title={Meta-Reinforcement Learning Based Resource Allocation for Dynamic {V2X} Communications}, 
  year={2021},
  volume={70},
  number={9},
  doi={10.1109/TVT.2021.3098854}}

@ARTICLE{9701330,
  author={Nguyen, Khoi Khac and Duong, Trung Q. and Do-Duy, Tan and Claussen, Holger and Hanzo, Lajos},
  journal={IEEE Transactions on Communications}, 
  title={{3D} {UAV} Trajectory and Data Collection Optimisation Via Deep Reinforcement Learning}, 
  year={2022},
  volume={70},
  number={4},
  pages={2358-2371},
  doi={10.1109/TCOMM.2022.3148364}}

@article{eldeeb2022multi,
  title={Multi-{UAV} path learning for age and power optimization in {IoT} with {UAV} battery recharge},
  author={Eldeeb, Eslam and de Souza Sant'Ana, Jean Michel and P{\'e}rez, Dian Echevarr{\'\i}a and Shehab, Mohammad and Mahmood, Nurul Huda and Alves, Hirley},
  journal={IEEE Transactions on Vehicular Technology},
  volume={72},
  number={4},
  pages={5356--5360},
  year={2022},
  publisher={IEEE}
}

@misc{eldeeb2024conser,
      title={Conservative and Risk-Aware Offline Multi-Agent Reinforcement Learning for Digital Twins}, 
      author={Eslam Eldeeb and Houssem Sifaou and Osvaldo Simeone and Mohammad Shehab and Hirley Alves},
      year={2024},
      eprint={2402.08421},
      archivePrefix={arXiv},
      primaryClass={cs.LG},
      url={https://arxiv.org/abs/2402.08421}, 
}

@misc{eldeeb2024offlinedistributionalreinforcementlearning,
      title={Offline and Distributional Reinforcement Learning for Radio Resource Management}, 
      author={Eslam Eldeeb and Hirley Alves},
      year={2024},
      eprint={2409.16764},
      archivePrefix={arXiv},
      primaryClass={cs.LG},
      url={https://arxiv.org/abs/2409.16764}, 
}

@misc{eldeeb2025offlinemultiagentreinforcementlearning,
      title={An Offline Multi-Agent Reinforcement Learning Framework for Radio Resource Management}, 
      author={Eslam Eldeeb and Hirley Alves},
      year={2025},
      eprint={2501.12991},
      archivePrefix={arXiv},
      primaryClass={cs.MA},
      url={https://arxiv.org/abs/2501.12991}, 
}

@misc{etiabi2024metagraphlocgraphbasedmetalearningscheme,
      title={{MetaGraphLoc}: A Graph-based Meta-learning Scheme for Indoor Localization via Sensor Fusion}, 
      author={Yaya Etiabi and Eslam Eldeeb and Mohammad Shehab and Wafa Njima and Hirley Alves and Mohamed-Slim Alouini and El Mehdi Amhoud},
      year={2024},
      eprint={2411.17781},
      archivePrefix={arXiv},
      primaryClass={eess.SP},
      url={https://arxiv.org/abs/2411.17781}, 
}

@misc{sarathchandra2025agepowerminimizationmetadeep,
      title={Age and Power Minimization via Meta-Deep Reinforcement Learning in {UAV} Networks}, 
      author={Sankani Sarathchandra and Eslam Eldeeb and Mohammad Shehab and Hirley Alves and Konstantin Mikhaylov and Mohamed-Slim Alouini},
      year={2025},
      eprint={2501.14603},
      archivePrefix={arXiv},
      primaryClass={cs.LG},
      url={https://arxiv.org/abs/2501.14603}, 
}

