@article{levine2020offline,
  title={Offline reinforcement learning: Tutorial, review, and perspectives on open problems},
  author={Levine, Sergey and Kumar, Aviral and Tucker, George and Fu, Justin},
  journal={arXiv preprint arXiv:2005.01643},
  year={2020}
}

@article{3gpp_indoor,
author = {3GPP}, 
title = {Simulation assumptions and parameters for {FDD} {HeNB} {RF} requirements},
journal={Tech. Rep. {R4-092042}}
}

@article{naderializadeh2021resource,
  title={Resource management in wireless networks via multi-agent deep reinforcement learning},
  author={Naderializadeh, Navid and Sydir, Jaroslaw J and Simsek, Meryem and Nikopour, Hosein},
  journal={IEEE Transactions on Wireless Communications},
  volume={20},
  number={6},
  pages={3507--3523},
  year={2021},
  publisher={IEEE}
}

@article{mnih2015human,
  title={Human-level control through deep reinforcement learning},
  author={Mnih, Volodymyr and Kavukcuoglu, Koray and Silver, David and Rusu, Andrei A and Veness, Joel and Bellemare, Marc G and Graves, Alex and Riedmiller, Martin and Fidjeland, Andreas K and Ostrovski, Georg and others},
  journal={nature},
  volume={518},
  number={7540},
  pages={529--533},
  year={2015},
  publisher={Nature Publishing Group UK London}
}

@article{schulman2017proximal,
  title={Proximal policy optimization algorithms},
  author={Schulman, John and Wolski, Filip and Dhariwal, Prafulla and Radford, Alec and Klimov, Oleg},
  journal={arXiv preprint arXiv:1707.06347},
  year={2017}
}


@article{haarnoja2018soft,
  title={Soft actor-critic algorithms and applications},
  author={Haarnoja, Tuomas and Zhou, Aurick and Hartikainen, Kristian and Tucker, George and Ha, Sehoon and Tan, Jie and Kumar, Vikash and Zhu, Henry and Gupta, Abhishek and Abbeel, Pieter and others},
  journal={arXiv preprint arXiv:1812.05905},
  year={2018}
}


@INPROCEEDINGS{6875098,
  author={Naderializadeh, Navid and Avestimehr, A. Salman},
  booktitle={2014 IEEE International Symposium on Information Theory}, 
  title={{ITLinQ}: A new approach for spectrum sharing in device-to-device communication systems}, 
  year={2014},
  volume={},
  number={},
  pages={1573-1577},
  keywords={Interference channels;Gain;Signal to noise ratio;Tin;Information theory},
  doi={10.1109/ISIT.2014.6875098}}


@inproceedings{kumar2020conservative,
 author = {Kumar, Aviral and Zhou, Aurick and Tucker, George and Levine, Sergey},
 booktitle = {NeurIPS},
 title = {Conservative {Q}-Learning for Offline Reinforcement Learning},
 volume = {33},
 year = {2020}
}



@InProceedings{SAC_paper,
  title = 	 {Soft Actor-Critic: Off-Policy Maximum Entropy Deep Reinforcement Learning with a Stochastic Actor},
  author =       {Haarnoja, Tuomas and Zhou, Aurick and Abbeel, Pieter and Levine, Sergey},
  booktitle = 	 {Proceedings of the 35th International Conference on Machine Learning},
  pages = 	 {1861--1870},
  year = 	 {2018},
  volume = 	 {80},
  series = 	 {Proceedings of Machine Learning Research},
  month = 	 {10--15 Jul},
  publisher =    {PMLR},
  pdf = 	 {http://proceedings.mlr.press/v80/haarnoja18b/haarnoja18b.pdf},
  url = 	 {https://proceedings.mlr.press/v80/haarnoja18b.html},
}


@inproceedings{dabney2017distributional,
  title={Distributional reinforcement learning with quantile regression},
  author={Dabney, Will and Rowland, Mark and Bellemare, Marc and Munos, R{\'e}mi},
  booktitle={Proceedings of the AAAI Conference on Artificial Intelligence},
  volume={32},
  number={1},
  year={2018}
}

@book{bdr2023,
    title={Distributional Reinforcement Learning},
    author={Marc G. Bellemare and Will Dabney and Mark Rowland},
    publisher={MIT Press},
    note={\url{http://www.distributional-rl.org}},
    year={2023}
}


@ARTICLE{10198239,
  author={Shi, Yandong and Lian, Lixiang and Shi, Yuanming and Wang, Zixin and Zhou, Yong and Fu, Liqun and Bai, Lin and Zhang, Jun and Zhang, Wei},
  journal={IEEE Communications Surveys \& Tutorials}, 
  title={Machine Learning for Large-Scale Optimization in {6G} Wireless Networks}, 
  year={2023},
  volume={25},
  number={4},
  pages={2088-2132},
  keywords={Optimization;6G mobile communication;Wireless networks;Machine learning algorithms;Matching pursuit algorithms;Machine learning;Mathematical models;Large-scale optimization;machine learning;deep neural network;6G;large-scale networks;wireless communications;learning to optimize;non-convex optimization},
  doi={10.1109/COMST.2023.3300664}}

@article{sutton2018reinforcement,
  title={Reinforcement learning: An introduction},
  author={Sutton, Richard S},
  journal={A Bradford Book},
  year={2018}
}

@article{wang2020artificial,
  title={Artificial intelligence enabled wireless networking for 5{G} and beyond: Recent advances and future challenges},
  author={Wang, Cheng-Xiang and Di Renzo, Marco and Stanczak, Slawomir and Wang, Sen and Larsson, Erik G},
  journal={IEEE Wireless Communications},
  volume={27},
  number={1},
  pages={16--23},
  year={2020},
  publisher={IEEE}
}



@misc{eldeeb2024offlinedistributionalreinforcementlearning,
      title={Offline and Distributional Reinforcement Learning for Radio Resource Management}, 
      author={Eslam Eldeeb and Hirley Alves},
      year={2024},
      eprint={2409.16764},
      archivePrefix={arXiv},
      primaryClass={cs.LG},
      url={https://arxiv.org/abs/2409.16764}, 
}




@article{eldeeb2022multi,
  title={Multi-{UAV} path learning for age and power optimization in {IoT} with {UAV} battery recharge},
  author={Eldeeb, Eslam and de Souza Sant'Ana, Jean Michel and P{\'e}rez, Dian Echevarr{\'\i}a and Shehab, Mohammad and Mahmood, Nurul Huda and Alves, Hirley},
  journal={IEEE Transactions on Vehicular Technology},
  volume={72},
  number={4},
  pages={5356--5360},
  year={2022},
  publisher={IEEE}
}


@ARTICLE{8714026,
  author={Luong, Nguyen Cong and Hoang, Dinh Thai and Gong, Shimin and Niyato, Dusit and Wang, Ping and Liang, Ying-Chang and Kim, Dong In},
  journal={IEEE Communications Surveys \& Tutorials}, 
  title={Applications of Deep Reinforcement Learning in Communications and Networking: A Survey}, 
  year={2019},
  volume={21},
  number={4},
  pages={3133-3174},
  doi={10.1109/COMST.2019.2916583}}

@article{chen2021deep,
  title={Deep reinforcement learning for Internet of Things: A comprehensive survey},
  author={Chen, Wuhui and Qiu, Xiaoyu and Cai, Ting and Dai, Hong-Ning and Zheng, Zibin and Zhang, Yan},
  journal={IEEE Communications Surveys \& Tutorials},
  volume={23},
  number={3},
  pages={1659--1692},
  year={2021},
  publisher={IEEE}
}

@article{DQNs,
author = {Mnih, Volodymyr and Kavukcuoglu, Koray and Silver, David and Rusu, Andrei and Veness, Joel and Bellemare, Marc and Graves, Alex and Riedmiller, Martin and Fidjeland, Andreas and Ostrovski, Georg and Petersen, Stig and Beattie, Charles and Sadik, Amir and Antonoglou, Ioannis and King, Helen and Kumaran, Dharshan and Wierstra, Daan and Legg, Shane and Hassabis, Demis},
year = {2015},
month = {02},
pages = {529-33},
title = {Human-level control through deep reinforcement learning},
volume = {518},
journal = {Nature},
doi = {10.1038/nature14236}
}

@ARTICLE{8540003,
  author={Li, Rongpeng and Zhao, Zhifeng and Sun, Qi and I, Chih-Lin and Yang, Chenyang and Chen, Xianfu and Zhao, Minjian and Zhang, Honggang},
  journal={IEEE Access}, 
  title={Deep Reinforcement Learning for Resource Management in Network Slicing}, 
  year={2018},
  volume={6},
  number={},
  pages={74429-74441},
  doi={10.1109/ACCESS.2018.2881964}}

@ARTICLE{9762548,
  author={Antonio, Guillen-Perez and Maria-Dolores, Cano},
  journal={IEEE Transactions on Vehicular Technology}, 
  title={Multi-Agent Deep Reinforcement Learning to Manage Connected Autonomous Vehicles at Tomorrow's Intersections}, 
  year={2022},
  volume={71},
  number={7},
  pages={7033-7043},
  doi={10.1109/TVT.2022.3169907}}

@InProceedings{finn2017modelagnostic,
  title = 	 {Model-Agnostic Meta-Learning for Fast Adaptation of Deep Networks},
  author =       {Chelsea Finn and Pieter Abbeel and Sergey Levine},
  booktitle = 	 {Proceedings of the 34th International Conference on Machine Learning},
  year = 	 {2017},
  volume = 	 {70},
  series = 	 {Proceedings of Machine Learning Research},
  month = 	 {06--11 Aug},
  publisher =    {PMLR},
}

@ARTICLE{eldeeb2023traffic,
  author={Eldeeb, Eslam and Shehab, Mohammad and Alves, Hirley},
  journal={IEEE Internet of Things Journal}, 
  title={Traffic Learning and Proactive {UAV} Trajectory Planning for Data Uplink in Markovian {IoT} Models}, 
  year={2024},
  volume={11},
  number={8},
  pages={13496-13508},
  doi={10.1109/JIOT.2023.3339514}}

@article{da2024distributed,
  author={da Silva, Matheus Valente and Eldeeb, Eslam and Shehab, Mohammad and Alves, Hirley and Souza, Richard Demo},
  journal={IEEE Internet of Things Magazine}, 
  title={Distributed Learning Methodologies for Massive Machine Type Communication}, 
  year={2025},
  volume={8},
  number={1},
  }


@misc{eldeeb2024semanticmetasplitlearningtinyml,
      title={Semantic Meta-Split Learning: A TinyML Scheme for Few-Shot Wireless Image Classification}, 
      author={Eslam Eldeeb and Mohammad Shehab and Hirley Alves and Mohamed-Slim Alouini},
      year={2024},
      eprint={2409.12978},
      archivePrefix={arXiv},
      primaryClass={cs.CV},
      url={https://arxiv.org/abs/2409.12978}, 
}


@ARTICLE{9701330,
  author={Nguyen, Khoi Khac and Duong, Trung Q. and Do-Duy, Tan and Claussen, Holger and Hanzo, Lajos},
  journal={IEEE Transactions on Communications}, 
  title={{3D} {UAV} Trajectory and Data Collection Optimisation Via Deep Reinforcement Learning}, 
  year={2022},
  volume={70},
  number={4},
  pages={2358-2371},
  doi={10.1109/TCOMM.2022.3148364}}

@ARTICLE{10086052,
  author={Qin, Yunhui and Zhang, Zhongshan and Li, Xulong and Huangfu, Wei and Zhang, Haijun},
  journal={IEEE Transactions on Wireless Communications}, 
  title={Deep Reinforcement Learning Based Resource Allocation and Trajectory Planning in Integrated Sensing and Communications {UAV} Network}, 
  year={2023},
  volume={22},
  number={11},
  pages={8158-8169},
  doi={10.1109/TWC.2023.3260304}}

@ARTICLE{10109153,
  author={Guo, Kefeng and Wu, Min and Li, Xingwang and Song, Houbing and Kumar, Neeraj},
  journal={IEEE Transactions on Intelligent Transportation Systems}, 
  title={Deep Reinforcement Learning and {NOMA}-Based Multi-Objective {RIS}-Assisted {IS-UAV-TNs}: Trajectory Optimization and Beamforming Design}, 
  year={2023},
  volume={24},
  number={9},
  doi={10.1109/TITS.2023.3267607}}

@INPROCEEDINGS{9053252,
  author={Park, Sangwoo and Simeone, Osvaldo and Kang, Joonhyuk},
  booktitle={ICASSP 2020 - 2020 IEEE International Conference on Acoustics, Speech and Signal Processing (ICASSP)}, 
  title={Meta-Learning to Communicate: Fast End-to-End Training for Fading Channels}, 
  year={2020},
  volume={},
  number={},
  pages={5075-5079},
  doi={10.1109/ICASSP40776.2020.9053252}}

@ARTICLE{9257198,
  author={Yuan, Yi and Zheng, Gan and Wong, Kai-Kit and Ottersten, Björn and Luo, Zhi-Quan},
  journal={IEEE Transactions on Wireless Communications}, 
  title={Transfer Learning and Meta Learning-Based Fast Downlink Beamforming Adaptation}, 
  year={2021},
  volume={20},
  number={3},
  doi={10.1109/TWC.2020.3035843}}

@ARTICLE{9495238,
  author={Yuan, Yi and Zheng, Gan and Wong, Kai-Kit and Letaief, Khaled B.},
  journal={IEEE Transactions on Vehicular Technology}, 
  title={Meta-Reinforcement Learning Based Resource Allocation for Dynamic {V2X} Communications}, 
  year={2021},
  volume={70},
  number={9},
  doi={10.1109/TVT.2021.3098854}}

@ARTICLE{9457160,
  author={Hu, Ye and Chen, Mingzhe and Saad, Walid and Poor, H. Vincent and Cui, Shuguang},
  journal={IEEE Journal on Selected Areas in Communications}, 
  title={Distributed Multi-Agent Meta Learning for Trajectory Design in Wireless Drone Networks}, 
  year={2021},
  volume={39},
  number={10},
  pages={3177-3192},
  doi={10.1109/JSAC.2021.3088689}}


@misc{eldeeb2024conser,
      title={Conservative and Risk-Aware Offline Multi-Agent Reinforcement Learning for Digital Twins}, 
      author={Eslam Eldeeb and Houssem Sifaou and Osvaldo Simeone and Mohammad Shehab and Hirley Alves},
      year={2024},
      eprint={2402.08421},
      archivePrefix={arXiv},
      primaryClass={cs.LG},
      url={https://arxiv.org/abs/2402.08421}, 
}

@ARTICLE{10529190,
  author={Yang, Kun and Shi, Chengshuai and Shen, Cong and Yang, Jing and Yeh, Shu-ping and Sydir, Jaroslaw J.},
  journal={IEEE Transactions on Wireless Communications}, 
  title={Offline Reinforcement Learning for Wireless Network Optimization with Mixture Datasets}, 
  year={2024},
  volume={},
  number={},
  doi={10.1109/TWC.2024.3395624}}

@ARTICLE{6542770,
  author={Bennis, Mehdi and Perlaza, Samir M. and Blasco, Pol and Han, Zhu and Poor, H. Vincent},
  journal={IEEE Transactions on Wireless Communications}, 
  title={Self-Organization in Small Cell Networks: A Reinforcement Learning Approach}, 
  year={2013},
  volume={12},
  number={7},
  pages={3202-3212},
  doi={10.1109/TWC.2013.060513.120959}}

@inproceedings{dabney2018implicit,
  title={Implicit quantile networks for distributional reinforcement learning},
  author={Dabney, Will and Ostrovski, Georg and Silver, David and Munos, R{\'e}mi},
  booktitle={International conference on machine learning},
  pages={1096--1105},
  year={2018},
  organization={PMLR}
}

@inproceedings{NEURIPS2019_bdbca288,
 author = {Paszke, Adam and Gross, Sam and Massa, Francisco and Lerer, Adam and Bradbury, James and Chanan, Gregory and Killeen, Trevor and Lin, Zeming and Gimelshein, Natalia and Antiga, Luca and Desmaison, Alban and Kopf, Andreas and Yang, Edward and DeVito, Zachary and Raison, Martin and Tejani, Alykhan and Chilamkurthy, Sasank and Steiner, Benoit and Fang, Lu and Bai, Junjie and Chintala, Soumith},
 booktitle = {NeurIPS},
 pages = {},
 title = {PyTorch: An Imperative Style, High-Performance Deep Learning Library},
 volume = {32},
 year = {2019}
}

@ARTICLE{10587008,
  author={Cui, Beibei and Liang, Liang and Ji, Baofeng and Zhang, Lei and Zhao, Liang and Zhang, Kunpeng and Shi, Fengzheng and Créput, Jean-Charles},
  journal={IEEE Transactions on Network and Service Management}, 
  title={Exploring the {YOLO-FT} Deep Learning Algorithm for {UAV}-Based Smart Agriculture Detection in Communication Networks}, 
  year={2024},
  volume={21},
  number={5},
  pages={5347-5360},
  keywords={Flowering plants;Drones;Feature extraction;Autonomous aerial vehicles;5G mobile communication;Convolution;Smart agriculture;Object detection;UAVs;YOLO-FT;deep learning;5G networks;smart agriculture},
  doi={10.1109/TNSM.2024.3424232}}


@ARTICLE{9316211,
  author={Reddy Maddikunta, Praveen Kumar and Hakak, Saqib and Alazab, Mamoun and Bhattacharya, Sweta and Gadekallu, Thippa Reddy and Khan, Wazir Zada and Pham, Quoc-Viet},
  journal={IEEE Sensors Journal}, 
  title={Unmanned Aerial Vehicles in Smart Agriculture: Applications, Requirements, and Challenges}, 
  year={2021},
  volume={21},
  number={16},
  pages={17608-17619},
  keywords={Agriculture;Sensors;Intelligent sensors;Bluetooth;Unmanned aerial vehicles;Wireless sensor networks;Temperature sensors;Unmanned aerial vehicles (UAVs);smart agriculture;bluetooth low energy;smart farming;smart sensors;agriculture sensors;precision agriculture;smart fields;and crops monitoring},
  doi={10.1109/JSEN.2021.3049471}}

@ARTICLE{9086620,
  author={Elavarasan, Dhivya and Vincent, P. M. Durairaj},
  journal={IEEE Access}, 
  title={Crop Yield Prediction Using Deep Reinforcement Learning Model for Sustainable Agrarian Applications}, 
  year={2020},
  volume={8},
  number={},
  pages={86886-86901},
  keywords={Agriculture;Reinforcement learning;Predictive models;Deep learning;Machine learning algorithms;Feature extraction;Data models;Crop yield prediction;deep recurrent Q-network;deep reinforcement learning;intelligent agrarian application},
  doi={10.1109/ACCESS.2020.2992480}}

@ARTICLE{9882524,
  author={Pamuklu, Turgay and Nguyen, Anne Catherine and Syed, Aisha and Kennedy, William Sean and Erol-Kantarci, Melike},
  journal={IEEE Transactions on Green Communications and Networking}, 
  title={{IoT}-Aerial Base Station Task Offloading With Risk-Sensitive Reinforcement Learning for Smart Agriculture}, 
  year={2023},
  volume={7},
  number={1},
  keywords={Task analysis;Smart agriculture;Internet of Things;Delays;Intelligent sensors;Energy consumption;Batteries;Energy efficient computation offload;unmanned aerial vehicle (UAV);aerial base station (ABS);smart farm;risksensitive reinforcement learning;Internet of Things (IoT)},
  doi={10.1109/TGCN.2022.3205330}}

@misc{etiabi2024metagraphlocgraphbasedmetalearningscheme,
      title={{MetaGraphLoc}: A Graph-based Meta-learning Scheme for Indoor Localization via Sensor Fusion}, 
      author={Yaya Etiabi and Eslam Eldeeb and Mohammad Shehab and Wafa Njima and Hirley Alves and Mohamed-Slim Alouini and El Mehdi Amhoud},
      year={2024},
      eprint={2411.17781},
      archivePrefix={arXiv},
      primaryClass={eess.SP},
      url={https://arxiv.org/abs/2411.17781}, 
}


@article{RAJ2024100300,
title = {{Leveraging precision agriculture techniques using UAVs and emerging disruptive technologies}},
journal = {Energy Nexus},
volume = {14},
pages = {100300},
year = {2024},
issn = {2772-4271},
doi = {https://doi.org/10.1016/j.nexus.2024.100300},
author = {Meghna Raj and Harshini {N B} and Shashank Gupta and Mohammed Atiquzzaman and Oshin Rawlley and Lavika Goel},
}


@ARTICLE{10423798,
  author={Akbari, Mohammad and Syed, Aisha and Kennedy, W. Sean and Erol-Kantarci, Melike},
  journal={IEEE Open Journal of the Communications Society}, 
  title={{AoI-Aware Energy-Efficient SFC in UAV-Aided Smart Agriculture Using Asynchronous Federated Learning}}, 
  year={2024},
  volume={5},
  number={},
  pages={1222-1242},
  doi={10.1109/OJCOMS.2024.3363132}
}

@ARTICLE{10680916,
  author={Sangaiah, Arun Kumar and Anandakrishnan, Jayakrishnan and Meenakshisundaram, Venkatesan and Rahman, Mohd Amiruddin Abd and Arumugam, Padmapriya and Das, Mrinali},
  journal={IEEE Internet of Things Magazine}, 
  title={{Edge-IoT-UAV Adaptation Toward Precision Agriculture Using 3D-LiDAR Point Clouds}}, 
  year={2025},
  volume={8},
  number={1},
  pages={19-25},
  doi={10.1109/IOTM.001.2400027}}

@misc{eldeeb2025offlinemultiagentreinforcementlearning,
      title={An Offline Multi-Agent Reinforcement Learning Framework for Radio Resource Management}, 
      author={Eslam Eldeeb and Hirley Alves},
      year={2025},
      eprint={2501.12991},
      archivePrefix={arXiv},
      primaryClass={cs.MA},
      url={https://arxiv.org/abs/2501.12991}, 
}

@misc{sarathchandra2025agepowerminimizationmetadeep,
      title={Age and Power Minimization via Meta-Deep Reinforcement Learning in {UAV} Networks}, 
      author={Sankani Sarathchandra and Eslam Eldeeb and Mohammad Shehab and Hirley Alves and Konstantin Mikhaylov and Mohamed-Slim Alouini},
      year={2025},
      eprint={2501.14603},
      archivePrefix={arXiv},
      primaryClass={cs.LG},
      url={https://arxiv.org/abs/2501.14603}, 
}

@article{budalal2023path,
  title={Path loss models for outdoor environment-with a focus on rain attenuation impact on short-range millimeter-wave links},
  author={Budalal, Asma Ali and Islam, Md Rafiqul},
  journal={e-Prime-Advances in Electrical Engineering, Electronics and Energy},
  volume={3},
  pages={100106},
  year={2023},
  publisher={Elsevier}
}

@INPROCEEDINGS{10333847,
  author={Ibrahim, Reham Wafaee and Rodrigues, Tiago Koketsu and Kato, Nei},
  booktitle={2023 IEEE 98th Vehicular Technology Conference (VTC2023-Fall)}, 
  title={Impact of {UAV} Failure and Severe Weather Conditions in {mmWave} and Terahertz Signals for AeriaL Edge Computing}, 
  year={2023},
  volume={},
  number={},
  pages={1-7},
  doi={10.1109/VTC2023-Fall60731.2023.10333847}}

@INPROCEEDINGS{9348592,
  author={Song, Mengan and Huo, Yiming and Lu, Tao and Dong, Xiaodai and Liang, Zhonghua},
  booktitle={2020 IEEE 92nd Vehicular Technology Conference (VTC2020-Fall)}, 
  title={Meteorologically Introduced Impacts on Aerial Channels and {UAV} Communications}, 
  year={2020},
  volume={},
  number={},
  pages={1-5},
  doi={10.1109/VTC2020-Fall49728.2020.9348592}}

@article{series2005specific,
  title={Specific attenuation model for rain for use in prediction methods},
  author={Series, ITU Radiowave Propagation},
  journal={Recommendation ITU-R},
  pages={838--3},
  year={2005}
}

@INPROCEEDINGS{deep_china,
  author={Yi, Mengjie and Wang, Xijun and Liu, Juan and Zhang, Yan and Bai, Bo},
  booktitle={IEEE INFOCOM Workshops 2020}, 
  title={Deep Reinforcement Learning for Fresh Data Collection in {UAV}-assisted {IoT} Networks}, 
  year={2020},
  volume={},
  number={},
  pages={716-721},
  doi={10.1109/INFOCOMWKSHPS50562.2020.9162896}}


@ARTICLE{10829755,
  author={Eldeeb, Eslam and Alves, Hirley},
  journal={IEEE Communications Magazine}, 
  title={Offline and Distributional Reinforcement Learning for Wireless Communications}, 
  year={2025},
  volume={},
  number={},
  pages={1-7}}

@ARTICLE{10187713,
  author={Reifert, Robert-Jeron and Roth, Stefan and Ahmad, Alaa Alameer and Sezgin, Aydin},
  journal={IEEE Transactions on Vehicular Technology}, 
  title={Comeback Kid: Resilience for Mixed-Critical Wireless Network Resource Management}, 
  year={2023},
  volume={72},
  number={12},
  pages={16177-16194},
  keywords={Resilience;Wireless communication;Quality of service;Reliability;Physical layer;Resource management;6G mobile communication;Fault tolerance;mixed criticality;quality of service;rate-splitting multiple access;resilience;resource management},
  doi={10.1109/TVT.2023.3296977}}
