@article{anand2023context,
  title={Context aware query rewriting for text rankers using llm},
  author={Anand, Abhijit and Setty, Vinay and Anand, Avishek and others},
  journal={arXiv preprint arXiv:2308.16753},
  year={2023}
}

@inproceedings{anantha2021open,
  title={Open-Domain Question Answering Goes Conversational via Question Rewriting},
  author={Anantha, Raviteja and Vakulenko, Svitlana and Tu, Zhucheng and Longpre, Shayne and Pulman, Stephen and Chappidi, Srinivas},
  booktitle={Proceedings of the 2021 Conference of the North American Chapter of the Association for Computational Linguistics: Human Language Technologies},
  pages={520--534},
  year={2021}
}

@article{elgohary2019can,
  title={Can you unpack that? learning to rewrite questions-in-context},
  author={Elgohary, Ahmed and Peskov, Denis and Boyd-Graber, Jordan},
  journal={Can You Unpack That? Learning to Rewrite Questions-in-Context},
  year={2019}
}

@article{jagerman2023query,
  title={Query expansion by prompting large language models},
  author={Jagerman, Rolf and Zhuang, Honglei and Qin, Zhen and Wang, Xuanhui and Bendersky, Michael},
  journal={arXiv preprint arXiv:2305.03653},
  year={2023}
}

@inproceedings{jones2006generating,
  title={Generating query substitutions},
  author={Jones, Rosie and Rey, Benjamin and Madani, Omid and Greiner, Wiley},
  booktitle={Proceedings of the 15th international conference on World Wide Web},
  pages={387--396},
  year={2006}
}

@inproceedings{kumar2020making,
  title={Making information seeking easier: An improved pipeline for conversational search},
  author={Kumar, Vaibhav and Callan, Jamie},
  booktitle={Findings of the Association for Computational Linguistics: EMNLP 2020},
  pages={3971--3980},
  year={2020}
}

@inproceedings{lavrenko2017relevance,
  title={Relevance-based language models},
  author={Lavrenko, Victor and Croft, W Bruce},
  booktitle={ACM SIGIR Forum},
  volume={51},
  number={2},
  pages={260--267},
  year={2017},
  organization={ACM New York, NY, USA}
}

@article{lin2021multi,
  title={Multi-stage conversational passage retrieval: An approach to fusing term importance estimation and neural query rewriting},
  author={Lin, Sheng-Chieh and Yang, Jheng-Hong and Nogueira, Rodrigo and Tsai, Ming-Feng and Wang, Chuan-Ju and Lin, Jimmy},
  journal={ACM Transactions on Information Systems (TOIS)},
  volume={39},
  number={4},
  pages={1--29},
  year={2021},
  publisher={ACM New York, NY}
}

@article{ma2023query,
  title={Query rewriting for retrieval-augmented large language models},
  author={Ma, Xinbei and Gong, Yeyun and He, Pengcheng and Zhao, Hai and Duan, Nan},
  journal={arXiv preprint arXiv:2305.14283},
  year={2023}
}

@inproceedings{qian2022explicit,
  title={Explicit query rewriting for conversational dense retrieval},
  author={Qian, Hongjin and Dou, Zhicheng},
  booktitle={Proceedings of the 2022 Conference on Empirical Methods in Natural Language Processing},
  pages={4725--4737},
  year={2022}
}

@inproceedings{vakulenko2021question,
  title={Question rewriting for conversational question answering},
  author={Vakulenko, Svitlana and Longpre, Shayne and Tu, Zhucheng and Anantha, Raviteja},
  booktitle={Proceedings of the 14th ACM international conference on web search and data mining},
  pages={355--363},
  year={2021}
}

@inproceedings{voskarides2020query,
  title={Query resolution for conversational search with limited supervision},
  author={Voskarides, Nikos and Li, Dan and Ren, Pengjie and Kanoulas, Evangelos and de Rijke, Maarten},
  booktitle={Proceedings of the 43rd International ACM SIGIR conference on research and development in Information Retrieval},
  pages={921--930},
  year={2020}
}

@article{wang2023query2doc,
  title={Query2doc: Query expansion with large language models},
  author={Wang, Liang and Yang, Nan and Wei, Furu},
  journal={arXiv preprint arXiv:2303.07678},
  year={2023}
}

@inproceedings{wu2022conqrr,
  title={CONQRR: Conversational Query Rewriting for Retrieval with Reinforcement Learning},
  author={Wu, Zeqiu and Luan, Yi and Rashkin, Hannah and Reitter, David and Hajishirzi, Hannaneh and Ostendorf, Mari and Tomar, Gaurav Singh},
  booktitle={Proceedings of the 2022 Conference on Empirical Methods in Natural Language Processing},
  pages={10000--10014},
  year={2022}
}

@inproceedings{yu2020few,
  title={Few-shot generative conversational query rewriting},
  author={Yu, Shi and Liu, Jiahua and Yang, Jingqin and Xiong, Chenyan and Bennett, Paul and Gao, Jianfeng and Liu, Zhiyuan},
  booktitle={Proceedings of the 43rd International ACM SIGIR conference on research and development in Information Retrieval},
  pages={1933--1936},
  year={2020}
}

@inproceedings{zukerman2002lexical,
  title={Lexical query paraphrasing for document retrieval},
  author={Zukerman, Ingrid and Raskutti, Bhavani},
  booktitle={COLING 2002: The 19th International Conference on Computational Linguistics},
  year={2002}
}

