Here are the BibTeX entries in ACL format for the provided references:

```bibtex
@inproceedings{christakopoulou2016towards,
  title={Towards conversational recommender systems},
  author={Christakopoulou, Konstantina and Radlinski, Filip and Hofmann, Katja},
  booktitle={Proceedings of the 22nd ACM SIGKDD international conference on knowledge discovery and data mining},
  pages={815--824},
  year={2016}
}

@inproceedings{zhang2018towards,
  title={Towards conversational search and recommendation: System ask, user respond},
  author={Zhang, Yongfeng and Chen, Xu and Ai, Qingyao and Yang, Liu and Croft, W Bruce},
  booktitle={Proceedings of the 27th acm international conference on information and knowledge management},
  pages={177--186},
  year={2018}
}

@inproceedings{stoyanchev2014towards,
  title={Towards natural clarification questions in dialogue systems},
  author={Stoyanchev, Svetlana and Liu, Alex and Hirschberg, Julia},
  booktitle={AISB symposium on questions, discourse and dialogue},
  volume={20},
  year={2014}
}

@inproceedings{de2003analysis,
  title={An analysis of clarification dialogue for question answering},
  author={De Boni, Marco and Manandhar, Suresh},
  booktitle={Proceedings of the 2003 human language technology conference of the north american chapter of the association for computational linguistics},
  pages={48--55},
  year={2003}
}

@article{de2005implementing,
  title={Implementing clarification dialogues in open domain question answering},
  author={De Boni, Marco and Manandhar, Suresh},
  journal={Natural Language Engineering},
  volume={11},
  number={4},
  pages={343--361},
  year={2005},
  publisher={Cambridge University Press}
}


@article{yuan2023ambicoref,
  title={Ambicoref: Evaluating human and model sensitivity to ambiguous coreference},
  author={Yuan, Yuewei and Malaviya, Chaitanya and Yatskar, Mark},
  journal={arXiv preprint arXiv:2302.00762},
  year={2023}
}

@article{pavlick2019inherent,
  title={Inherent disagreements in human textual inferences},
  author={Pavlick, Ellie and Kwiatkowski, Tom},
  journal={Transactions of the Association for Computational Linguistics},
  volume={7},
  pages={677--694},
  year={2019},
  publisher={MIT Press One Rogers Street, Cambridge, MA 02142-1209, USA journals-info~…}
}


@article{pilault2023interactive,
  title={Interactive-chain-prompting: Ambiguity resolution for crosslingual conditional generation with interaction},
  author={Pilault, Jonathan and Garcia, Xavier and Bra{\v{z}}inskas, Arthur and Firat, Orhan},
  journal={arXiv preprint arXiv:2301.10309},
  year={2023}
}


@inproceedings{wang2021template,
  title={Template-guided clarifying question generation for web search clarification},
  author={Wang, Jian and Li, Wenjie},
  booktitle={Proceedings of the 30th ACM international conference on information \& knowledge management},
  pages={3468--3472},
  year={2021}
}

@inproceedings{krasheninnikov2022assistance,
  title={Assistance with large language models},
  author={Krasheninnikov, Dmitrii and Krasheninnikov, Egor and Krueger, David},
  booktitle={NeurIPS ML Safety Workshop},
  year={2022}
}

@article{kurisinkel2023llm,
  title={LLM Based Multi-Document Summarization Exploiting Main-Event Biased Monotone Submodular Content Extraction},
  author={Kurisinkel, Litton J and Chen, Nancy F},
  journal={arXiv preprint arXiv:2310.03414},
  year={2023}
}

@inproceedings{zakkas2024sumblogger,
  title={SumBlogger: Abstractive Summarization of Large Collections of Scientific Articles},
  author={Zakkas, Pavlos and Verberne, Suzan and Zavrel, Jakub},
  booktitle={European Conference on Information Retrieval},
  pages={371--386},
  year={2024},
  organization={Springer}
}

@inproceedings{
guo2021abgcoqa,
title={Abg-Co{QA}: Clarifying Ambiguity in Conversational Question Answering},
author={Meiqi Guo and Mingda Zhang and Siva Reddy and Malihe Alikhani},
booktitle={3rd Conference on Automated Knowledge Base Construction},
year={2021},
url={https://openreview.net/forum?id=SlDZ1o8FsJU}
}

@article{zhang2023clarify,
  title={Clarify When Necessary: Resolving Ambiguity Through Interaction with LMs},
  author={Zhang, Michael JQ and Choi, Eunsol},
  journal={arXiv preprint arXiv:2311.09469},
  year={2023}
}

@article{kuhn2022clam,
  title={Clam: Selective clarification for ambiguous questions with generative language models},
  author={Kuhn, Lorenz and Gal, Yarin and Farquhar, Sebastian},
  journal={arXiv preprint arXiv:2212.07769},
  year={2022}
}

@inproceedings{zhang2020dialogpt,
  title={DIALOGPT: Large-Scale Generative Pre-training for Conversational Response Generation},
  author={Zhang, Yizhe and Sun, Siqi and Galley, Michel and Chen, Yen-Chun and Brockett, Chris and Gao, Xiang and Gao, Jianfeng and Liu, Jingjing and Dolan, William B},
  booktitle={Proceedings of the 58th Annual Meeting of the Association for Computational Linguistics: System Demonstrations},
  pages={270--278},
  year={2020}
}

@article{kwiatkowski2019natural,
  title={Natural questions: a benchmark for question answering research},
  author={Kwiatkowski, Tom and Palomaki, Jennimaria and Redfield, Olivia and Collins, Michael and Parikh, Ankur and Alberti, Chris and Epstein, Danielle and Polosukhin, Illia and Devlin, Jacob and Lee, Kenton and others},
  journal={Transactions of the Association for Computational Linguistics},
  volume={7},
  pages={453--466},
  year={2019},
  publisher={MIT Press One Rogers Street, Cambridge, MA 02142-1209, USA journals-info~…}
}

@inproceedings{joshi2017triviaqa,
  title={TriviaQA: A Large Scale Distantly Supervised Challenge Dataset for Reading Comprehension},
  author={Joshi, Mandar and Choi, Eunsol and Weld, Daniel S and Zettlemoyer, Luke},
  booktitle={Proceedings of the 55th Annual Meeting of the Association for Computational Linguistics (Volume 1: Long Papers)},
  pages={1601--1611},
  year={2017}
}

@inproceedings{xu2023baize,
  title={Baize: An Open-Source Chat Model with Parameter-Efficient Tuning on Self-Chat Data},
  author={Xu, Canwen and Guo, Daya and Duan, Nan and McAuley, Julian},
  booktitle={Proceedings of the 2023 Conference on Empirical Methods in Natural Language Processing},
  pages={6268--6278},
  year={2023}
}

@article{zhang2019bertscore,
  title={Bertscore: Evaluating text generation with bert},
  author={Zhang, Tianyi and Kishore, Varsha and Wu, Felix and Weinberger, Kilian Q and Artzi, Yoav},
  journal={arXiv preprint arXiv:1904.09675},
  year={2019}
}

@article{reddy2019coqa,
  title={Coqa: A conversational question answering challenge},
  author={Reddy, Siva and Chen, Danqi and Manning, Christopher D},
  journal={Transactions of the Association for Computational Linguistics},
  volume={7},
  pages={249--266},
  year={2019},
  publisher={MIT Press One Rogers Street, Cambridge, MA 02142-1209, USA journals-info~…}
}

@article{thoppilan2022lamda,
  title={Lamda: Language models for dialog applications},
  author={Thoppilan, Romal and De Freitas, Daniel and Hall, Jamie and Shazeer, Noam and Kulshreshtha, Apoorv and Cheng, Heng-Tze and Jin, Alicia and Bos, Taylor and Baker, Leslie and Du, Yu and others},
  journal={arXiv preprint arXiv:2201.08239},
  year={2022}
}
@inproceedings{reimers-2019-sentence-bert,
  title={Sentence-BERT: Sentence Embeddings using Siamese BERT-Networks},
  author={Reimers, Nils and Gurevych, Iryna},
  booktitle={Proceedings of the 2019 Conference on Empirical Methods in Natural Language Processing and the 9th International Joint Conference on Natural Language Processing (EMNLP-IJCNLP)},
  pages={3982--3992},
  year={2019}
}

@article{scikit-learn,
  title={Scikit-learn: Machine Learning in {P}ython},
  author={Pedregosa, F. and Varoquaux, G. and Gramfort, A. and Michel, V.
          and Thirion, B. and Grisel, O. and Blondel, M. and Prettenhofer, P.
          and Weiss, R. and Dubourg, V. and Vanderplas, J. and Passos, A. and
          Cournapeau, D. and Brucher, M. and Perrot, M. and Duchesnay, E.},
  journal={Journal of Machine Learning Research},
  volume={12},
  pages={2825--2830},
  year={2011}
}

@article{coleman1975computer,
  title={A computer readability formula designed for machine scoring.},
  author={Coleman, Meri and Liau, Ta Lin},
  journal={Journal of Applied Psychology},
  volume={60},
  number={2},
  pages={283},
  year={1975},
  publisher={American Psychological Association}
}

@misc{zhang2024clamber,
      title={CLAMBER: A Benchmark of Identifying and Clarifying Ambiguous Information Needs in Large Language Models}, 
      author={Tong Zhang and Peixin Qin and Yang Deng and Chen Huang and Wenqiang Lei and Junhong Liu and Dingnan Jin and Hongru Liang and Tat-Seng Chua},
      year={2024},
      booktitle = {Proceedings of the 62nd Annual Meeting of the Association for Computational Linguistics (ACL)},
}

@article{zhang2023clarify,
  title={Clarify When Necessary: Resolving Ambiguity Through Interaction with LMs},
  author={Zhang, Michael JQ and Choi, Eunsol},
  journal={arXiv preprint arXiv:2311.09469},
  year={2023}
}


@inproceedings{braslavski2017you,
  title={What do you mean exactly? Analyzing clarification questions in CQA},
  author={Braslavski, Pavel and Savenkov, Denis and Agichtein, Eugene and Dubatovka, Alina},
  booktitle={Proceedings of the 2017 conference on conference human information interaction and retrieval},
  pages={345--348},
  year={2017}
}

@inproceedings{clarke2009overview,
  title={Overview of the TREC 2009 Web Track.},
  author={Clarke, Charles LA and Craswell, Nick and Soboroff, Ian},
  booktitle={Trec},
  volume={9},
  pages={20--29},
  year={2009}
}

@inproceedings{schlangen2004causes,
  title={Causes and strategies for requesting clarification in dialogue},
  author={Schlangen, David},
  booktitle={Proceedings of the 5th SIGdial Workshop on Discourse and Dialogue at HLT-NAACL 2004},
  pages={136--143},
  year={2004}
}

@article{keyvan2022approach,
  title={How to approach ambiguous queries in conversational search: A survey of techniques, approaches, tools, and challenges},
  author={Keyvan, Kimiya and Huang, Jimmy Xiangji},
  journal={ACM Computing Surveys},
  volume={55},
  number={6},
  pages={1--40},
  year={2022},
  publisher={ACM New York, NY}
}

@inproceedings{wang2023zero,
  title={Zero-shot clarifying question generation for conversational search},
  author={Wang, Zhenduo and Tu, Yuancheng and Rosset, Corby and Craswell, Nick and Wu, Ming and Ai, Qingyao},
  booktitle={Proceedings of the ACM Web Conference 2023},
  pages={3288--3298},
  year={2023}
}

@article{kwiatkowski2019natural,
  title={Natural questions: a benchmark for question answering research},
  author={Kwiatkowski, Tom and Palomaki, Jennimaria and Redfield, Olivia and Collins, Michael and Parikh, Ankur and Alberti, Chris and Epstein, Danielle and Polosukhin, Illia and Devlin, Jacob and Lee, Kenton and others},
  journal={Transactions of the Association for Computational Linguistics},
  volume={7},
  pages={453--466},
  year={2019},
  publisher={MIT Press One Rogers Street, Cambridge, MA 02142-1209, USA journals-info~…}
}

@article{min2020ambigqa,
  title={AmbigQA: Answering ambiguous open-domain questions},
  author={Min, Sewon and Michael, Julian and Hajishirzi, Hannaneh and Zettlemoyer, Luke},
  journal={arXiv preprint arXiv:2004.10645},
  year={2020}
}

@article{rao2019answer,
  title={Answer-based adversarial training for generating clarification questions},
  author={Rao, Sudha and Daum{\'e} III, Hal},
  journal={arXiv preprint arXiv:1904.02281},
  year={2019}
}

@article{dhole2020resolving,
  title={Resolving intent ambiguities by retrieving discriminative clarifying questions},
  author={Dhole, Kaustubh D},
  journal={arXiv preprint arXiv:2008.07559},
  year={2020}
}

@article{adlakha2022topiocqa,
  title={TopiOCQA: Open-domain Conversational Question Answering with Topic Switching},
  author={Adlakha, Vaibhav and Dhuliawala, Shehzaad and Suleman, Kaheer and de Vries, Harm and Reddy, Siva},
  journal={Transactions of the Association for Computational Linguistics},
  volume={10},
  pages={468--483},
  year={2022}
}

@inproceedings{trienes2019identifying,
  title={Identifying unclear questions in community question answering websites},
  author={Trienes, Jan and Balog, Krisztian},
  booktitle={Advances in Information Retrieval: 41st European Conference on IR Research, ECIR 2019, Cologne, Germany, April 14--18, 2019, Proceedings, Part I 41},
  pages={276--289},
  year={2019},
  organization={Springer}
}

@article{parrish2021bbq,
  title={BBQ: A hand-built bias benchmark for question answering},
  author={Parrish, Alicia and Chen, Angelica and Nangia, Nikita and Padmakumar, Vishakh and Phang, Jason and Thompson, Jana and Htut, Phu Mon and Bowman, Samuel R},
  journal={arXiv preprint arXiv:2110.08193},
  year={2021}
}

@inproceedings{coden2015did,
  title={Did you mean A or B? Supporting clarification dialog for entity disambiguation.},
  author={Coden, Anni and Gruhl, Daniel and Lewis, Neal and Mendes, Pablo N},
  booktitle={Sumpre-hswi@ eswc},
  year={2015}
}

@inproceedings{zamani2020generating,
  title={Generating clarifying questions for information retrieval},
  author={Zamani, Hamed and Dumais, Susan and Craswell, Nick and Bennett, Paul and Lueck, Gord},
  booktitle={Proceedings of the web conference 2020},
  pages={418--428},
  year={2020}
}

@article{rocchio1971relevance,
  title={Relevance feedback in information retrieval},
  author={Rocchio Jr, Joseph John},
  journal={The SMART retrieval system: experiments in automatic document processing},
  year={1971},
  publisher={Englewood Cliffs}
}

@article{anand2023context,
  title={Context aware query rewriting for text rankers using llm},
  author={Anand, Abhijit and Setty, Vinay and Anand, Avishek and others},
  journal={arXiv preprint arXiv:2308.16753},
  year={2023}
}
@inproceedings{zukerman2002lexical,
  title={Lexical query paraphrasing for document retrieval},
  author={Zukerman, Ingrid and Raskutti, Bhavani},
  booktitle={COLING 2002: The 19th International Conference on Computational Linguistics},
  year={2002}
}

@inproceedings{jones2006generating,
  title={Generating query substitutions},
  author={Jones, Rosie and Rey, Benjamin and Madani, Omid and Greiner, Wiley},
  booktitle={Proceedings of the 15th international conference on World Wide Web},
  pages={387--396},
  year={2006}
}

@article{ma2023query,
  title={Query rewriting for retrieval-augmented large language models},
  author={Ma, Xinbei and Gong, Yeyun and He, Pengcheng and Zhao, Hai and Duan, Nan},
  journal={arXiv preprint arXiv:2305.14283},
  year={2023}
}

@article{elgohary2019can,
  title={Can you unpack that? learning to rewrite questions-in-context},
  author={Elgohary, Ahmed and Peskov, Denis and Boyd-Graber, Jordan},
  journal={Can You Unpack That? Learning to Rewrite Questions-in-Context},
  year={2019}
}

@inproceedings{yu2020few,
  title={Few-shot generative conversational query rewriting},
  author={Yu, Shi and Liu, Jiahua and Yang, Jingqin and Xiong, Chenyan and Bennett, Paul and Gao, Jianfeng and Liu, Zhiyuan},
  booktitle={Proceedings of the 43rd International ACM SIGIR conference on research and development in Information Retrieval},
  pages={1933--1936},
  year={2020}
}

@inproceedings{voskarides2020query,
  title={Query resolution for conversational search with limited supervision},
  author={Voskarides, Nikos and Li, Dan and Ren, Pengjie and Kanoulas, Evangelos and de Rijke, Maarten},
  booktitle={Proceedings of the 43rd International ACM SIGIR conference on research and development in Information Retrieval},
  pages={921--930},
  year={2020}
}


@inproceedings{qian2022explicit,
  title={Explicit query rewriting for conversational dense retrieval},
  author={Qian, Hongjin and Dou, Zhicheng},
  booktitle={Proceedings of the 2022 Conference on Empirical Methods in Natural Language Processing},
  pages={4725--4737},
  year={2022}
}

@inproceedings{vakulenko2021question,
  title={Question rewriting for conversational question answering},
  author={Vakulenko, Svitlana and Longpre, Shayne and Tu, Zhucheng and Anantha, Raviteja},
  booktitle={Proceedings of the 14th ACM international conference on web search and data mining},
  pages={355--363},
  year={2021}
}

@article{lin2021multi,
  title={Multi-stage conversational passage retrieval: An approach to fusing term importance estimation and neural query rewriting},
  author={Lin, Sheng-Chieh and Yang, Jheng-Hong and Nogueira, Rodrigo and Tsai, Ming-Feng and Wang, Chuan-Ju and Lin, Jimmy},
  journal={ACM Transactions on Information Systems (TOIS)},
  volume={39},
  number={4},
  pages={1--29},
  year={2021},
  publisher={ACM New York, NY}
}

@inproceedings{kumar2020making,
  title={Making information seeking easier: An improved pipeline for conversational search},
  author={Kumar, Vaibhav and Callan, Jamie},
  booktitle={Findings of the Association for Computational Linguistics: EMNLP 2020},
  pages={3971--3980},
  year={2020}
}

@inproceedings{wu2022conqrr,
  title={CONQRR: Conversational Query Rewriting for Retrieval with Reinforcement Learning},
  author={Wu, Zeqiu and Luan, Yi and Rashkin, Hannah and Reitter, David and Hajishirzi, Hannaneh and Ostendorf, Mari and Tomar, Gaurav Singh},
  booktitle={Proceedings of the 2022 Conference on Empirical Methods in Natural Language Processing},
  pages={10000--10014},
  year={2022}
}

@inproceedings{anantha2021open,
  title={Open-Domain Question Answering Goes Conversational via Question Rewriting},
  author={Anantha, Raviteja and Vakulenko, Svitlana and Tu, Zhucheng and Longpre, Shayne and Pulman, Stephen and Chappidi, Srinivas},
  booktitle={Proceedings of the 2021 Conference of the North American Chapter of the Association for Computational Linguistics: Human Language Technologies},
  pages={520--534},
  year={2021}
}

@article{jagerman2023query,
  title={Query expansion by prompting large language models},
  author={Jagerman, Rolf and Zhuang, Honglei and Qin, Zhen and Wang, Xuanhui and Bendersky, Michael},
  journal={arXiv preprint arXiv:2305.03653},
  year={2023}
}

@article{wang2023query2doc,
  title={Query2doc: Query expansion with large language models},
  author={Wang, Liang and Yang, Nan and Wei, Furu},
  journal={arXiv preprint arXiv:2303.07678},
  year={2023}
}

@inproceedings{lavrenko2017relevance,
  title={Relevance-based language models},
  author={Lavrenko, Victor and Croft, W Bruce},
  booktitle={ACM SIGIR Forum},
  volume={51},
  number={2},
  pages={260--267},
  year={2017},
  organization={ACM New York, NY, USA}
}

@inproceedings{lesk1986automatic,
  title={Automatic sense disambiguation using machine readable dictionaries: how to tell a pine cone from an ice cream cone},
  author={Lesk, Michael},
  booktitle={Proceedings of the 5th annual international conference on Systems documentation},
  pages={24--26},
  year={1986},
  organization={ACM}
}

@inproceedings{yarowsky1995unsupervised,
  title={Unsupervised word sense disambiguation rivaling supervised methods},
  author={Yarowsky, David},
  booktitle={Proceedings of the 33rd annual meeting on Association for Computational Linguistics},
  pages={189--196},
  year={1995},
  organization={Association for Computational Linguistics}
}

@inproceedings{klein2003accurate,
  title={Accurate unlexicalized parsing},
  author={Klein, Dan and Manning, Christopher D},
  booktitle={Proceedings of the 41st Annual Meeting of the Association for Computational Linguistics},
  pages={423--430},
  year={2003},
  organization={Association for Computational Linguistics}
}

@book{levinson2000presumptive,
  title={Presumptive meanings: The theory of generalized conversational implicature},
  author={Levinson, Stephen C},
  year={2000},
  publisher={MIT press}
}

@incollection{grice1975logic,
  title={Logic and conversation},
  author={Grice, H Paul},
  booktitle={Syntax and Semantics},
  editor={Cole, Peter and Morgan, Jerry L},
  pages={41--58},
  year={1975},
  publisher={Academic Press}
}

@inproceedings{serban2016building,
  title={Building end-to-end dialogue systems using generative hierarchical neural network models},
  author={Serban, Iulian and Sordoni, Alessandro and Bengio, Yoshua and Courville, Aaron and Pineau, Joelle},
  booktitle={Proceedings of the AAAI conference on artificial intelligence},
  volume={30},
  number={1},
  year={2016}
}

@inproceedings{devlin2019bert,
  title={BERT: Pre-training of deep bidirectional transformers for language understanding},
  author={Devlin, Jacob and Chang, Ming-Wei and Lee, Kenton and Toutanova, Kristina},
  booktitle={Proceedings of the 2019 Conference of the North American Chapter of the Association for Computational Linguistics: Human Language Technologies},
  pages={4171--4186},
  year={2019},
  organization={Association for Computational Linguistics}
}

@article{jia2020multi,
  title={Multi-turn response selection using dialogue dependency relations},
  author={Jia, Qi and Liu, Yizhu and Ren, Siyu and Zhu, Kenny Q and Tang, Haifeng},
  journal={arXiv preprint arXiv:2010.01502},
  year={2020}
}


@inproceedings{vaswani2017attention,
  title={Attention is all you need},
  author={Vaswani, Ashish and Shazeer, Noam and Parmar, Niki and Uszkoreit, Jakob and Jones, Llion and Gomez, Aidan N and Kaiser, Łukasz and Polosukhin, Illia},
  booktitle={Advances in neural information processing systems},
  pages={5998--6008},
  year={2017}
}

@article{brown2020language,
  title={Language models are few-shot learners},
  author={Brown, Tom and Mann, Benjamin and Ryder, Nick and Subbiah, Melanie and Kaplan, Jared D and Dhariwal, Prafulla and Neelakantan, Arvind and Shyam, Pranav and Sastry, Girish and Askell, Amanda and others},
  journal={Advances in neural information processing systems},
  volume={33},
  pages={1877--1901},
  year={2020}
}

@article{wolf2020transformers,
  title={Transformers: State-of-the-art natural language processing},
  author={Wolf, Thomas and Debut, Lysandre and Sanh, Victor and Chaumond, Julien and Delangue, Clement and Moi, Anthony and Cistac, Pierric and Rault, Tim and Louf, R{\'e}mi and Funtowicz, Morgan and others},
  journal={arXiv preprint arXiv:1910.03771},
  year={2020}
}

@inproceedings{roller2021recipes,
  title={Recipes for building an open-domain chatbot},
  author={Roller, Stephen and Dinan, Emily and Goyal, Naman and Ju, Da and Williamson, Mary and Liu, Yinhan and Xu, Jing and Ott, Myle and Shuster, Kurt and Smith, Eric Michael and others},
  booktitle={Proceedings of the 16th Conference of the European Chapter of the Association for Computational Linguistics: Main Volume},
  pages={300--325},
  year={2021}
}

@article{kim2020eighth,
  title={Eighth dialog system technology challenge (DSTC8) overview},
  author={Kim, Seokhwan and Galley, Michel and Gunasekara, Chulaka and Hori, Chiori and Adada, Mehrnoosh and Li, Xiang and Atkinson, Adam and Raux, Antoine and Celikyilmaz, Asli and Gao, Jianfeng and others},
  journal={arXiv preprint arXiv:2011.06486},
  year={2020}
}

@article{chen2021neural,
  title={Neural models for context-aware conversation},
  author={Chen, Yen-Chun and Khabsa, Madian and Raffel, Colin and Fan, Zhe and Liu, Jingjing},
  journal={arXiv preprint arXiv:2102.08435},
  year={2021}
}

@inproceedings{maharaj2024evaluation,
    title = "Evaluation and Continual Improvement for an Enterprise {AI} Assistant",
    author = "Maharaj, Akash  and
      Qian, Kun  and
      Bhattacharya, Uttaran  and
      Fang, Sally  and
      Galatanu, Horia  and
      Garg, Manas  and
      Hanessian, Rachel  and
      Kapoor, Nishant  and
      Russell, Ken  and
      Vaithyanathan, Shivakumar  and
      Li, Yunyao",
    editor = "Dragut, Eduard  and
      Li, Yunyao  and
      Popa, Lucian  and
      Vucetic, Slobodan  and
      Srivastava, Shashank",
    booktitle = "Proceedings of the Fifth Workshop on Data Science with Human-in-the-Loop (DaSH 2024)",
    month = jun,
    year = "2024",
    address = "Mexico City, Mexico",
    publisher = "Association for Computational Linguistics",
    url = "https://aclanthology.org/2024.dash-1.3",
    pages = "17--24"
}
