@article{ajunwa2019paradox,
  title={The paradox of automation as anti-bias intervention},
  author={Ajunwa, Ifeoma},
  journal={Cardozo L. Rev.},
  volume={41},
  pages={1671},
  year={2019},
  publisher={HeinOnline}
}

@article{allman2025signaling,
  title={From signaling to interviews in random matching markets},
  author={Allman, Maxwell and Ashlagi, Itai and Saberi, Amin and Yu, Sophie H},
  journal={arXiv preprint arXiv:2501.14159},
  year={2025}
}

@article{aminian2023fair,
  title={Fair markovian search},
  author={Aminian, Mohammad Reza and Manshadi, Vahideh and Niazadeh, Rad},
  journal={Available at SSRN 4347447},
  year={2023}
}

@inproceedings{anderson2024homogenization,
  title={Homogenization effects of large language models on human creative ideation},
  author={Anderson, Barrett R and Shah, Jash Hemant and Kreminski, Max},
  booktitle={Proceedings of the 16th Conference on Creativity \& Cognition},
  pages={413--425},
  year={2024}
}

@article{arnosti2021managing,
  title={Managing congestion in matching markets},
  author={Arnosti, Nick and Johari, Ramesh and Kanoria, Yash},
  journal={Manufacturing \& Service Operations Management},
  volume={23},
  number={3},
  pages={620--636},
  year={2021},
  publisher={INFORMS}
}

@article{ashlagi2025stable,
  title={Stable Matching with Interviews},
  author={Ashlagi, Itai and Chen, Jiale and Roghani, Mohammad and Saberi, Amin},
  journal={arXiv preprint arXiv:2501.12503},
  year={2025}
}

@article{baek2023feedback,
  title={The Feedback Loop of Statistical Discrimination},
  author={Baek, Jackie and Makhdoumi, Ali},
  journal={Available at SSRN 4658797},
  year={2023}
}

@article{besbes2023signaling,
  title={Signaling competition in two-sided markets},
  author={Besbes, Omar and Fonseca, Yuri and Lobel, Ilan and Zheng, Fanyin},
  journal={Available at SSRN 4451693},
  year={2023}
}

@inproceedings{beyhaghi2021randomness,
  title={Randomness and fairness in two-sided matching with limited interviews},
  author={Beyhaghi, Hedyeh and Tardos, {\'E}va},
  booktitle={12th Innovations in Theoretical Computer Science Conference (ITCS 2021)},
  year={2021},
  organization={Schloss-Dagstuhl-Leibniz Zentrum f{\"u}r Informatik}
}

@article{bommasani2022picking,
  title={Picking on the same person: Does algorithmic monoculture lead to outcome homogenization?},
  author={Bommasani, Rishi and Creel, Kathleen A and Kumar, Ananya and Jurafsky, Dan and Liang, Percy S},
  journal={Advances in Neural Information Processing Systems},
  volume={35},
  pages={3663--3678},
  year={2022}
}

@article{coles2013preference,
  title={Preference signaling in matching markets},
  author={Coles, Peter and Kushnir, Alexey and Niederle, Muriel},
  journal={American Economic Journal: Microeconomics},
  volume={5},
  number={2},
  pages={99--134},
  year={2013},
  publisher={American Economic Association}
}

@article{doshi2024generative,
  title={Generative AI enhances individual creativity but reduces the collective diversity of novel content},
  author={Doshi, Anil R and Hauser, Oliver P},
  journal={Science Advances},
  volume={10},
  number={28},
  pages={eadn5290},
  year={2024},
  publisher={American Association for the Advancement of Science}
}

@article{dwork2024equilibria,
  title={Equilibria, Efficiency, and Inequality in Network Formation for Hiring and Opportunity},
  author={Dwork, Cynthia and Hays, Chris and Kleinberg, Jon and Raghavan, Manish},
  journal={arXiv preprint arXiv:2402.13841},
  year={2024}
}

@article{epstein2022order,
  title={Order Selection Problems in Hiring Pipelines},
  author={Epstein, Boris and Ma, Will},
  journal={arXiv preprint arXiv:2210.04059},
  year={2022}
}

@article{filippas2024costly,
  title={Costly Capacity Signaling Increases Matching Efficiency: Evidence from a Field Experiment},
  author={Filippas, Apostolos and Horton, John J and Parasurama, Prasanna and Urraca, Diego},
  year={2024}
}

@article{fradkin2023competition,
  title={Competition avoidance vs herding in job search: evidence from large-scale field experiments on an online job board},
  author={Fradkin, Andrey and Bhole, Monica and Horton, John},
  year={2023}
}

@article{fumagalli2022ok,
  title={OK computer: Worker perceptions of algorithmic recruitment},
  author={Fumagalli, Elena and Rezaei, Sarah and Salomons, Anna},
  journal={Research Policy},
  volume={51},
  number={2},
  pages={104420},
  year={2022},
  publisher={Elsevier}
}

@article{gaebler2024auditing,
  title={Auditing the Use of Language Models to Guide Hiring Decisions},
  author={Gaebler, Johann D and Goel, Sharad and Huq, Aziz and Tambe, Prasanna},
  journal={arXiv preprint arXiv:2404.03086},
  year={2024}
}

@article{gale1962college,
  title={College admissions and the stability of marriage},
  author={Gale, David and Shapley, Lloyd S},
  journal={The American Mathematical Monthly},
  volume={69},
  number={1},
  pages={9--15},
  year={1962},
  publisher={Taylor \& Francis}
}

@article{gee2019more,
  title={The more you know: Information effects on job application rates in a large field experiment},
  author={Gee, Laura K},
  journal={Management Science},
  volume={65},
  number={5},
  pages={2077--2094},
  year={2019},
  publisher={INFORMS}
}

@article{halaburda2018competing,
  title={Competing by restricting choice: The case of matching platforms},
  author={Halaburda, Hanna and Jan Piskorski, Miko{\l}aj and Y{\i}ld{\i}r{\i}m, P{\i}nar},
  journal={Management Science},
  volume={64},
  number={8},
  pages={3574--3594},
  year={2018},
  publisher={INFORMS}
}

@article{horton2017effects,
  title={The effects of algorithmic labor market recommendations: Evidence from a field experiment},
  author={Horton, John J},
  journal={Journal of Labor Economics},
  volume={35},
  number={2},
  pages={345--385},
  year={2017},
  publisher={University of Chicago Press Chicago, IL}
}

@article{horton2024reducing,
  title={Reducing Congestion in Labor Markets: A Case Study in Simple Market Design},
  author={Horton, John J and Vasserman, Shoshana and Watt, Mitchell},
  year={2024}
}

@inproceedings{jain2024algorithmic,
  title={Algorithmic Pluralism: A Structural Approach To Equal Opportunity},
  author={Jain, Shomik and Suriyakumar, Vinith and Creel, Kathleen and Wilson, Ashia},
  booktitle={The 2024 ACM Conference on Fairness, Accountability, and Transparency},
  pages={197--206},
  year={2024}
}

@article{kanoria2021facilitating,
  title={Facilitating the search for partners on matching platforms},
  author={Kanoria, Yash and Saban, Daniela},
  journal={Management Science},
  volume={67},
  number={10},
  pages={5990--6029},
  year={2021},
  publisher={INFORMS}
}

@article{kleinberg2021algorithmic,
  title={Algorithmic monoculture and social welfare},
  author={Kleinberg, Jon and Raghavan, Manish},
  journal={Proceedings of the National Academy of Sciences},
  volume={118},
  number={22},
  pages={e2018340118},
  year={2021},
  publisher={National Acad Sciences}
}

@article{komiyama2024statistical,
  title={On Statistical Discrimination as a Failure of Social Learning: A Multiarmed Bandit Approach},
  author={Komiyama, Junpei and Noda, Shunya},
  journal={Management Science},
  year={2024},
  publisher={INFORMS}
}

@techreport{li2020hiring,
  title={Hiring as exploration},
  author={Li, Danielle and Raymond, Lindsey R and Bergman, Peter},
  year={2020},
  institution={National Bureau of Economic Research}
}

@article{manshadi2023redesigning,
  title={Redesigning VolunteerMatch's Ranking Algorithm: Toward More Equitable Access to Volunteers},
  author={Manshadi, Vahideh and Rodilitz, Scott and Saban, Daniela and Suresh, Akshaya},
  journal={Available at SSRN 4497747},
  year={2023}
}

@article{padmakumar2023does,
  title={Does Writing with Language Models Reduce Content Diversity?},
  author={Padmakumar, Vishakh and He, He},
  journal={arXiv preprint arXiv:2309.05196},
  year={2023}
}

@article{peng2023monoculture,
  title={Monoculture in matching markets},
  author={Peng, Kenny and Garg, Nikhil},
  journal={arXiv preprint arXiv:2312.09841},
  year={2023}
}

@inproceedings{purohit2019hiring,
  title={Hiring under uncertainty},
  author={Purohit, Manish and Gollapudi, Sreenivas and Raghavan, Manish},
  booktitle={International Conference on Machine Learning},
  pages={5181--5189},
  year={2019},
  organization={PMLR}
}

@inproceedings{raghavan2020mitigating,
  title={Mitigating bias in algorithmic hiring: Evaluating claims and practices},
  author={Raghavan, Manish and Barocas, Solon and Kleinberg, Jon and Levy, Karen},
  booktitle={Proceedings of the 2020 conference on fairness, accountability, and transparency},
  pages={469--481},
  year={2020}
}

@article{raghavan2024competition,
  title={Competition and Diversity in Generative AI},
  author={Raghavan, Manish},
  journal={arXiv preprint arXiv:2412.08610},
  year={2024}
}

@article{toups2024ecosystem,
  title={Ecosystem-level analysis of deployed machine learning reveals homogeneous outcomes},
  author={Toups, Connor and Bommasani, Rishi and Creel, Kathleen and Bana, Sarah and Jurafsky, Dan and Liang, Percy S},
  journal={Advances in Neural Information Processing Systems},
  volume={36},
  year={2024}
}

@article{zhang2022examining,
  title={Examining perceptions towards hiring algorithms},
  author={Zhang, Lixuan and Yencha, Christopher},
  journal={Technology in Society},
  volume={68},
  pages={101848},
  year={2022},
  publisher={Elsevier}
}

@article{zhou2024generative,
  title={Generative artificial intelligence, human creativity, and art},
  author={Zhou, Eric and Lee, Dokyun},
  journal={PNAS nexus},
  volume={3},
  number={3},
  pages={pgae052},
  year={2024},
  publisher={Oxford University Press US}
}

