%%% Please sort all entries alphabetically


%%% AAA


%%% CCC





%%% FFF


@article{FloridiChiriatti:2020:GPT3,
   year = {2020},
   author = {Floridi, Luciano and Chiriatti, Massimo},
   title = {GPT-3: Its nature, scope, limits, and consequences},
   journal = {Minds and Machines},
   volume = {30},
   pages = {681-694},
   doi = {10.1007/s11023-020-09548-1}
}


%%% HHH


@incollection{Holzinger:2021:TrustAI,
   year = {2021},
   author = {Holzinger, Andreas},
   title = {The Next Frontier: AI We Can Really Trust},
   booktitle = {Proceedings of the ECML PKDD 2021, CCIS 1524},
   editor = {Kamp, Michael},
   publisher = {Springer Nature},
   pages = {427--440},
   doi = {10.1007/978-3-030-93736-2_33}
}

@article{HolzingerK:2018:Trust,
   year = {2018},
   author = {Holzinger, Katharina and Mak, Klaus and Kieseberg, Peter and Holzinger, Andreas},
   title = {Can we trust Machine Learning Results? Artificial Intelligence in Safety-Critical decision Support},
   journal = {ERCIM News},
   volume = {112},
   number = {1},
   pages = {42--43}
}

@article{HolzingerEtAl:2023:AITrends,
   year = {2023},
   author = {Holzinger, Andreas and Keiblinger, Katharina and Holub, Petr and Zatloukal, Kurt and Müller, Heimo},
   title = {AI for Life: Trends in Artificial Intelligence for Biotechnology},
   journal = {New Biotechnology},
   volume = {74},
   number = {1},
   pages = {16--24},
   doi = {10.1016/j.nbt.2023.02.001}
}




%%% MMM


@article{MuellerEtAl:2021:TenCommandments,
   year = {2021},
   author = {Mueller, Heimo and Mayrhofer, Michaela T. and Veen, Evert-Ben Van and Holzinger, Andreas},
   title = {The Ten Commandments of Ethical Medical AI},
   journal = {IEEE COMPUTER},
   volume = {54},
   number = {7},
   pages = {119--123},
   doi = {10.1109/MC.2021.3074263}
}



@article{towardsacc,
  author    = {Michele Loi and
               Matthias Spielkamp},
  title     = {Towards Accountability in the Use of Artificial Intelligence for Public
               Administrations},
  journal   = {CoRR},
  volume    = {abs/2105.01434},
  year      = {2021},
  url       = {https://arxiv.org/abs/2105.01434},
  eprinttype = {arXiv},
  eprint    = {2105.01434},
  timestamp = {Wed, 12 May 2021 15:54:31 +0200},
  biburl    = {https://dblp.org/rec/journals/corr/abs-2105-01434.bib},
  bibsource = {dblp computer science bibliography, https://dblp.org}
}

@article{krugel_moral_2023,
	title = {The moral authority of {ChatGPT}},
	url = {http://arxiv.org/abs/2301.07098},
	doi = {10.48550/arXiv.2301.07098},
	note = {{arXiv}:2301.07098},
	publisher = {{arXiv}},
	author = {Krügel, Sebastian and Ostermaier, Andreas and Uhl, Matthias},
	year = {2023},
    month = {January},
	journal = {arxiv: 2301.07098 [cs]},
}

@article{liebrenz2023generating,
  title={Generating scholarly content with ChatGPT: ethical challenges for medical publishing},
  author={Liebrenz, Michael and Schleifer, Roman and Buadze, Anna and Bhugra, Dinesh and Smith, Alexander},
  journal={The Lancet Digital Health},
  year={2023},
  publisher={Elsevier}
}

@article{pavlik2023collaborating,
  title={Collaborating With ChatGPT: Considering the Implications of Generative Artificial Intelligence for Journalism and Media Education},
  author={Pavlik, John V},
  journal={Journalism \& Mass Communication Educator},
  pages={10776958221149577},
  year={2023},
  publisher={SAGE Publications Sage CA: Los Angeles, CA}
}

@article{weidinger2021ethical,
  title={Ethical and social risks of harm from language models},
  author={Weidinger, Laura and Mellor, John and Rauh, Maribeth and Griffin, Conor and Uesato, Jonathan and Huang, Po-Sen and Cheng, Myra and Glaese, Mia and Balle, Borja and Kasirzadeh, Atoosa and others},
  journal={arXiv preprint arXiv:2112.04359},
  year={2021}
}

@article{wang2023robustness,
  title={On the Robustness of ChatGPT: An Adversarial and Out-of-distribution Perspective},
  author={Wang, Jindong and Hu, Xixu and Hou, Wenxin and Chen, Hao and Zheng, Runkai and Wang, Yidong and Yang, Linyi and Huang, Haojun and Ye, Wei and Geng, Xiubo and others},
  journal={arXiv preprint arXiv:2302.12095},
  year={2023}
}

@misc{tung_chatgpt_2023,
	title = {{ChatGPT} can write code. Now researchers say it's good at fixing bugs, too},
	howpublished = {\url{https://www.zdnet.com/article/chatgpt-can-write-code-now-researchers-say-its-good-at-fixing-bugs-too/}},
	author = {Tung, Liam},
	year = {2023},
    month = {March},
    day = {29}, 
    note = {{ZDNET},Accessed: 2023-03-29},
}

@misc{openai_2023,
	title = {How should {AI} systems behave, and who should decide?},
	howpublished = {\url{https://openai.com/blog/how-should-ai-systems-behave}},
	author = {{OpenAI}},
	year = {2023},
    month = {February},
    note = {Accessed: 2023-03-29},
}

@misc{elon_2023,
	title = {How {ChatGPT} is changing the way we use artificial intelligence},
	howpublished = {\url{https://www.elon.edu/u/news/2023/02/13/how-chatgpt-is-changing-the-way-we-use-artificial-intelligence/}},
	author = {{Elon University News Bureau}},
	year = {2023},
    month = {February},
    note = {Accessed: 2023-03-29},
}

@misc{stackoverflow_2022,
	title = {Temporary policy: ChatGPT is banned},
	howpublished = {\url{https://meta.stackoverflow.com/questions/421831/temporary-policy-chatgpt-is-banned/}},
	author = {{StackOverflow}},
	year = {2022},
    month = {December},
    note = {Accessed: 2023-4-4},
}



@article{zhou2023ai,
  title={AI ethics: From principles to practice},
  author={Zhou, Jianlong and Chen, Fang},
  journal={AI and SOCIETY},
  volume={38},
  number={6},
  pages={2693--2703},
  year={2023},
  publisher={Springer}
}

@article{chan2023gpt,
  title={GPT-3 and InstructGPT: technological dystopianism, utopianism, and “Contextual” perspectives in AI ethics and industry},
  author={Chan, Anastasia},
  journal={AI and Ethics},
  pages={53--64},
  volume={3},
  year={2023},
  publisher={Springer}
}


@article{floridi2020gpt,
  title={GPT-3: Its nature, scope, limits, and consequences},
  author={Floridi, Luciano and Chiriatti, Massimo},
  journal={Minds and Machines},
  volume={30},
  pages={681--694},
  year={2020},
  publisher={Springer},
  doi = {10.1007/s43681-022-00148-6}
}

@inproceedings{bender2021dangers,
  title={On the Dangers of Stochastic Parrots: Can Language Models Be Too Big?},
  author={Bender, Emily M and Gebru, Timnit and McMillan-Major, Angelina and Shmitchell, Shmargaret},
  booktitle={Proceedings of the 2021 ACM conference on fairness, accountability, and transparency},
  pages={610--623},
  year={2021}
}

@article{krugel2023moral,
  title={The moral authority of ChatGPT},
  author={Kr{\"u}gel, Sebastian and Ostermaier, Andreas and Uhl, Matthias},
  journal={arXiv preprint arXiv:2301.07098},
  year={2023}
}

@inproceedings{zhou2020survey,
  title={A survey on ethical principles of AI and implementations},
  author={Zhou, Jianlong and Chen, Fang and Berry, Adam and Reed, Mike and Zhang, Shujia and Savage, Siobhan},
  booktitle={2020 IEEE Symposium Series on Computational Intelligence (SSCI)},
  pages={3010--3017},
  year={2020},
  organization={IEEE}
}


@misc{zhang_one_2023,
	title = {One {Small} {Step} for {Generative} {AI}, {One} {Giant} {Leap} for {AGI}: {A} {Complete} {Survey} on {ChatGPT} in {AIGC} {Era}},
	url = {http://arxiv.org/abs/2304.06488},
	doi = {10.48550/arXiv.2304.06488},
	publisher = {arXiv},
	author = {Zhang, Chaoning and Zhang, Chenshuang and Li, Chenghao and Qiao, Yu and Zheng, Sheng and Dam, Sumit Kumar and Zhang, Mengchun and Kim, Jung Uk and Kim, Seong Tae and Choi, Jinwoo and Park, Gyeong-Moon and Bae, Sung-Ho and Lee, Lik-Hang and Hui, Pan and Kweon, In So and Hong, Choong Seon},
	month = apr,
	year = {2023},
	note = {arXiv:2304.06488 [cs]},
}

@article{jobin2019global,
  title={The global landscape of AI ethics guidelines},
  author={Jobin, Anna and Ienca, Marcello and Vayena, Effy},
  journal={Nature Machine Intelligence},
  volume={1},
  number={9},
  pages={389--399},
  year={2019},
}

@misc{baum_2023,
	title = {The politics of AI: ChatGPT and political bias},
	howpublished = {\url{https://www.brookings.edu/articles/the-politics-of-ai-chatgpt-and-political-bias/}},
	author = {Jeremy Baum and John Villasenor},
	year = {2023},
    month = {May},
    note = {Accessed: 2023-08-07},
}

@misc{turley_2023,
	title = {ChatGPT falsely accused me of sexually harassing my students. Can we really trust AI?},
	howpublished = {\url{https://www.usatoday.com/story/opinion/columnist/2023/04/03/chatgpt-misinformation-bias-flaws-ai-chatbot/11571830002/}},
	author = {Jonathan Turley},
	year = {2023},
    month = {April},
    note = {Accessed: 2023-08-07},
}

@article{stokel2023chatgpt,
  title={ChatGPT listed as author on research papers: many scientists disapprove},
  author={Stokel-Walker, Chris},
  journal={Nature},
  volume={613},
  number={7945},
  pages={620--621},
  year={2023}
}

@article{dwivedi2023so,
  title={“So what if ChatGPT wrote it?” Multidisciplinary perspectives on opportunities, challenges and implications of generative conversational AI for research, practice and policy},
  author={Dwivedi, Yogesh K and Kshetri, Nir and Hughes, Laurie and Slade, Emma Louise and Jeyaraj, Anand and Kar, Arpan Kumar and Baabdullah, Abdullah M and Koohang, Alex and Raghavan, Vishnupriya and Ahuja, Manju and others},
  journal={International Journal of Information Management},
  volume={71},
  pages={102642},
  year={2023},
  publisher={Elsevier}
}

@article{brundage2020toward,
  title={Toward trustworthy AI development: mechanisms for supporting verifiable claims},
  author={Brundage, Miles and Avin, Shahar and Wang, Jasmine and Belfield, Haydn and Krueger, Gretchen and Hadfield, Gillian and Khlaaf, Heidy and Yang, Jingying and Toner, Helen and Fong, Ruth and others},
  journal={arXiv preprint arXiv:2004.07213},
  year={2020}
}

@article{belisle2022artificial,
  title={Artificial intelligence ethics has a black box problem},
  author={B{\'e}lisle-Pipon, Jean-Christophe and Monteferrante, Erica and Roy, Marie-Christine and Couture, Vincent},
  journal={AI \& SOCIETY},
  pages={1--16},
  year={2022},
  publisher={Springer}
}


@article{zicari2022assess,
  title={How to assess trustworthy AI in practice},
  author={Zicari, Roberto V and Amann, Julia and Bruneault, Fr{\'e}d{\'e}rick and Coffee, Megan and D{\"u}dder, Boris and Hickman, Eleanore and Gallucci, Alessio and Gilbert, Thomas Krendl and Hagendorff, Thilo and van Halem, Irmhild and others},
  journal={arXiv preprint arXiv:2206.09887},
  year={2022}
}

@inproceedings{han2022checklist,
  title={Checklist for validating trustworthy ai},
  author={Han, Seung-Ho and Choi, Ho-Jin},
  booktitle={2022 IEEE International Conference on Big Data and Smart Computing (BigComp)},
  pages={391--394},
  year={2022},
  organization={IEEE}
}

@inproceedings{adkins2022method,
  title={Method cards for prescriptive machine-learning transparency},
  author={Adkins, David and Alsallakh, Bilal and Cheema, Adeel and Kokhlikyan, Narine and McReynolds, Emily and Mishra, Pushkar and Procope, Chavez and Sawruk, Jeremy and Wang, Erin and Zvyagina, Polina},
  booktitle={Proceedings of the 1st International Conference on AI Engineering: Software Engineering for AI},
  pages={90--100},
  year={2022}
}

@article{arnold2019factsheets,
  title={FactSheets: Increasing trust in AI services through supplier's declarations of conformity},
  author={Arnold, Matthew and Bellamy, Rachel KE and Hind, Michael and Houde, Stephanie and Mehta, Sameep and Mojsilovi{\'c}, Aleksandra and Nair, Ravi and Ramamurthy, K Natesan and Olteanu, Alexandra and Piorkowski, David and others},
  journal={IBM Journal of Research and Development},
  volume={63},
  number={4/5},
  pages={6--1},
  year={2019},
  publisher={IBM}
}

@inproceedings{mitchell2019model,
  title={Model cards for model reporting},
  author={Mitchell, Margaret and Wu, Simone and Zaldivar, Andrew and Barnes, Parker and Vasserman, Lucy and Hutchinson, Ben and Spitzer, Elena and Raji, Inioluwa Deborah and Gebru, Timnit},
  booktitle={Proceedings of the conference on fairness, accountability, and transparency},
  pages={220--229},
  year={2019}
}

@article{liao2021question,
  title={Question-driven design process for explainable AI user experiences},
  author={Liao, Q Vera and Pribi{\'c}, Milena and Han, Jaesik and Miller, Sarah and Sow, Daby},
  journal={arXiv preprint arXiv:2104.03483},
  year={2021}
}

@article{kelly2001systematic,
  title={A systematic approach to safety case maintenance},
  author={Kelly, Tim P and McDermid, John Alexander},
  journal={Reliability Engineering \& System Safety},
  volume={71},
  number={3},
  pages={271--284},
  year={2001},
  publisher={Elsevier}
}

@inproceedings{carlan2022automating,
  title={Automating Safety Argument Change Impact Analysis for Machine Learning Components},
  author={C{\^a}rlan, Carmen and Gauerhof, Lydia and Gallina, Barbara and Burton, Simon},
  booktitle={2022 IEEE 27th Pacific Rim International Symposium on Dependable Computing (PRDC)},
  pages={43--53},
  year={2022},
  organization={IEEE}
}


@inproceedings{sharifi2022towards,
  title={Towards Improved Certification of Complex FinTech Systems--A Requirements-based Approach},
  author={Sharifi, Sepehr and Amyot, Daniel and Mylopoulos, John and McLaughlin, Patrick and Feodoroff, Ray},
  booktitle={2022 IEEE 30th International Requirements Engineering Conference Workshops (REW)},
  pages={205--214},
  year={2022},
  organization={IEEE}
}

@inproceedings{menghi2023assurance,
  title={Assurance case development as data: A manifesto},
  author={Menghi, Claudio and Viger, Torin and Di Sandro, Alessio and Rees, Chris and Joyce, Jeff and Chechik, Marsha},
  booktitle={2023 IEEE/ACM 45th International Conference on Software Engineering: New Ideas and Emerging Results (ICSE-NIER)},
  pages={135--139},
  year={2023},
  organization={IEEE}
}

@article{muram2023attest,
  title={ATTEST: Automating the review and update of assurance case arguments},
  author={Muram, Faiz Ul and Javed, Muhammad Atif},
  journal={Journal of systems architecture},
  volume={134},
  pages={102781},
  year={2023},
  publisher={Elsevier}
}

@inproceedings{viger2023supporting,
  title={Supporting Assurance Case Development Using Generative AI},
  author={Viger, Torin and Murphy, Logan and Diemert, Simon and Menghi, Claudio and Di, Alessio and Chechik, Marsha},
  booktitle={SAFECOMP 2023, Position Paper},
  year={2023}
}


@inproceedings{millet2023assurance,
  title={Assurance Case Arguments in the Large: The CERN LHC Machine Protection System},
  author={Millet, Laure and Diemert, Simon and Rees, Chris and Viger, Torin and Chechik, Marsha and Menghi, Claudio and Joyce, Jeffrey},
  booktitle={International Conference on Computer Safety, Reliability, and Security},
  pages={3--10},
  year={2023},
  organization={Springer}
}

@inproceedings{yap2021towards,
  title={Towards certifying trustworthy machine learning systems},
  author={Yap, Roland HC},
  booktitle={Trustworthy AI-Integrating Learning, Optimization and Reasoning: First International Workshop, TAILOR 2020, Virtual Event, September 4--5, 2020, Revised Selected Papers 1},
  pages={77--82},
  year={2021},
  organization={Springer}
}

@techreport{rinehart2015current,
  title={Current practices in constructing and evaluating assurance cases with applications to aviation},
  author={Rinehart, David J and Knight, John C and Rowanhill, Jonathan},
institution = {NASA},
  year={2015},
note = {https://ntrs.nasa.gov/search.jsp?R=20150002819},
}

@article{bloomfield2020assurance,
  title={Assurance 2.0: A manifesto},
  author={Bloomfield, Robin and Rushby, John},
  journal={arXiv preprint arXiv:2004.10474},
  year={2020}
}

@book{leveson2016engineering,
  title={Engineering a safer world: Systems thinking applied to safety},
  author={Leveson, Nancy G},
  year={2016},
  publisher={The MIT Press},
  address = {Cambridge, MA, USA}
}

@article{vinuesa2020role,
  title={The role of artificial intelligence in achieving the Sustainable Development Goals},
  author={Vinuesa, Ricardo and Azizpour, Hossein and Leite, Iolanda and Balaam, Madeline and Dignum, Virginia and Domisch, Sami and Fell{\"a}nder, Anna and Langhans, Simone Daniela and Tegmark, Max and Fuso Nerini, Francesco},
  journal={Nature communications},
  volume={11},
  number={1},
  pages={1--10},
  year={2020},
  publisher={Nature Publishing Group}
}

@misc{ieee2022standard,
    author = {IEEE/ISO/IEC 15026-2-2022},
    title = {ISO/IEC/IEEE International Standard - Systems and software engineering--Systems and software assurance--Part 2: Assurance case},
    note = {https://standards.ieee.org/ieee/15026-2/10236/},
}


@article{diemert2023can,
  title={Can Large Language Models assist in Hazard Analysis?},
  author={Diemert, Simon and Weber, Jens H},
  journal={arXiv preprint arXiv:2303.15473},
  year={2023}
}

@article{shahandashti2023prisma,
  title={A PRISMA-driven systematic mapping study on system assurance weakeners},
  author={Shahandashti, Kimya Khakzad and Belle, Alvine B and Lethbridge, Timothy C and Odu, Oluwafemi and Sivakumar, Mithila},
  journal={arXiv preprint arXiv:2311.08328},
  year={2023}
}
@article{sivakumar2023gpt,
  title={GPT-4 and Safety Case Generation: An Exploratory Analysis},
  author={Sivakumar, Mithila and Belle, Alvine Boaye and Shan, Jinjun and Shahandashti, Kimya Khakzad},
  journal={arXiv preprint arXiv:2312.05696},
  year={2023}
}


@article{chelouati2023graphical,
  title={Graphical safety assurance case using Goal Structuring Notation (GSN)—challenges, opportunities and a framework for autonomous trains},
  author={Chelouati, Mohammed and Boussif, Abderraouf and Beugin, Julie and El Koursi, El-Miloudi},
  journal={Reliability Engineering \& System Safety},
  volume={230},
  pages={108933},
  year={2023},
}

@book{mansourov2010system,
  title={System assurance: beyond detecting vulnerabilities},
  author={Mansourov, Nikolai and Campara, Djenana},
  year={2010},
  publisher={Morgan Kaufmann},
address = {MA, USA}
}

@inproceedings{picardi2020assurance,
  title={Assurance argument patterns and processes for machine learning in safety-related systems},
  author={Picardi, Chiara and Paterson, Colin and Hawkins, Richard David and Calinescu, Radu and Habli, Ibrahim},
  booktitle={Proceedings of the Workshop on Artificial Intelligence Safety (SafeAI 2020)},
  pages={23--30},
  year={2020},
  organization={CEUR Workshop Proceedings}
}

@article{ashmore2021assuring,
  title={Assuring the machine learning lifecycle: Desiderata, methods, and challenges},
  author={Ashmore, Rob and Calinescu, Radu and Paterson, Colin},
  journal={ACM Computing Surveys (CSUR)},
  volume={54},
  number={5},
  pages={1--39},
  year={2021},
  publisher={ACM New York, NY, USA}
}

@inproceedings{gauerhof2020assuring,
  title={Assuring the safety of machine learning for pedestrian detection at crossings},
  author={Gauerhof, Lydia and Hawkins, Richard and Picardi, Chiara and Paterson, Colin and Hagiwara, Yuki and Habli, Ibrahim},
  booktitle={Computer Safety, Reliability, and Security: 39th International Conference, SAFECOMP 2020, Lisbon, Portugal, September 16--18, 2020, Proceedings 39},
  pages={197--212},
  year={2020},
  organization={Springer}
}

@article{zicari2021z,
  title={Z-Inspection{\textregistered}: a process to assess trustworthy AI},
  author={Zicari, Roberto V and Brodersen, John and Brusseau, James and D{\"u}dder, Boris and Eichhorn, Timo and Ivanov, Todor and Kararigas, Georgios and Kringen, Pedro and McCullough, Melissa and M{\"o}slein, Florian and others},
  journal={IEEE Transactions on Technology and Society},
  volume={2},
  number={2},
  pages={83--97},
  year={2021},
}


@article{radclyffe2023assessment,
  title={The assessment list for trustworthy artificial intelligence: A review and recommendations},
  author={Radclyffe, Charles and Ribeiro, Mafalda and Wortham, Robert H},
  journal={Frontiers in Artificial Intelligence},
  volume={6},
  pages={1020592},
  year={2023},
  publisher={Frontiers}
}

@book{ala2020assessment,
  title={The assessment list for trustworthy artificial intelligence (ALTAI)},
  author={Ala-Pietil{\"a}, Pekka and Bonnet, Yann and Bergmann, Urs and Bielikova, Maria and Bonefeld-Dahl, Cecilia and Bauer, Wilhelm and Bouarfa, Loubna and Chatila, Raja and Coeckelbergh, Mark and Dignum, Virginia and others},
  year={2020},
  publisher={European Commission},
address = {Brussels, Belgium}
}

@inproceedings{borg2021exploring,
  title={Exploring the assessment list for trustworthy ai in the context of advanced driver-assistance systems},
  author={Borg, Markus and Bronson, Joshua and Christensson, Linus and Olsson, Fredrik and Lennartsson, Olof and Sonnsj{\"o}, Elias and Ebabi, Hamid and Karsberg, Martin},
  booktitle={2021 IEEE/ACM 2nd International Workshop on Ethics in Software Engineering Research and Practice (SEthics)},
  pages={5--12},
  year={2021},
  organization={IEEE}
}


@article{gardner2022ethical,
  title={Ethical funding for trustworthy AI: proposals to address the responsibilities of funders to ensure that projects adhere to trustworthy AI practice},
  author={Gardner, Allison and Smith, Adam Leon and Steventon, Adam and Coughlan, Ellen and Oldfield, Marie},
  journal={AI and Ethics},
  pages={1--15},
  year={2022},
  publisher={Springer}
}

@article{kairouz2021advances,
  title={Advances and open problems in federated learning},
  author={Kairouz, Peter and McMahan, H Brendan and Avent, Brendan and Bellet, Aur{\'e}lien and Bennis, Mehdi and Bhagoji, Arjun Nitin and Bonawitz, Kallista and Charles, Zachary and Cormode, Graham and Cummings, Rachel and others},
  journal={Foundations and Trends{\textregistered} in Machine Learning},
  volume={14},
  number={1--2},
  pages={1--210},
  year={2021},
  publisher={Now Publishers, Inc.}
}

@article{emanuel2008ethical,
  title={An ethical framework for biomedical research},
  author={Emanuel, Ezekiel J and Wendler, David and Grady, Christine},
  journal={The Oxford textbook of clinical research ethics},
  pages={123--135},
  year={2008},
  publisher={Oxford university press Oxford}
}

@misc{canca2019new,
	title = {A {New} {Model} {For} {AI} {Ethics} {In} {R}\&{D}},
	url = {https://www.forbes.com/sites/insights-intelai/2019/03/27/rethinking-ethics-in-ai-rd/},
	language = {en},
	urldate = {2019-10-23},
	journal = {Forbes},
	author = {Canca, Cansu},
}

@inproceedings{bloomfield2014building,
  title={Building blocks for assurance cases},
  author={Bloomfield, Robin and Netkachova, Kateryna},
  booktitle={2014 IEEE International Symposium on Software Reliability Engineering Workshops},
  pages={186--191},
  year={2014},
  organization={IEEE}
}


@article{dongmo2023improved,
  title={An Improved User Requirements Notation (URN) Models’ Construction Approach},
  author={Dongmo, Cyrille and Van der Poll, John Andrew},
  journal={Systems},
  volume={11},
  number={6},
  pages={301},
  year={2023},
  publisher={MDPI}
}

@article{itu2018151,
  title={Z.151 User requirements notation (URN)--Language definition},
  author={ITU-T Z.151, ITU-T Recommendation},
  journal={ITUT, Oct},
  year={2018}
}


@inproceedings{leshob2020software,
  title={Software requirements prioritization with the goal-oriented requirement language},
  author={Leshob, Abderrahmane and Hadaya, Pierre and Renard, Laurent},
  booktitle={Advances in E-Business Engineering for Ubiquitous Computing: Proceedings of the 16th International Conference on e-Business Engineering (ICEBE 2019)},
  pages={187--198},
  year={2020},
  organization={Springer}
}

@incollection{weiss2007business,
  title={Business model design and evolution},
  author={Weiss, Michael and Amyot, Daniel},
  booktitle={Challenges in the Management of New Technologies},
  pages={183--194},
  year={2007},
  publisher={World Scientific},
address = {Singapore}
}

@article{gebru2021datasheets,
  title={Datasheets for datasets},
  author={Gebru, Timnit and Morgenstern, Jamie and Vecchione, Briana and Vaughan, Jennifer Wortman and Wallach, Hanna and Iii, Hal Daum{\'e} and Crawford, Kate},
  journal={Communications of the ACM},
  volume={64},
  number={12},
  pages={86--92},
  year={2021},
}

@inproceedings{chen2023use,
  title={On the use of GPT-4 for creating goal models: an exploratory study},
  author={Chen, Boqi and Chen, Kua and Hassani, Shabnam and Yang, Yujing and Amyot, Daniel and Lessard, Lysanne and Mussbacher, Gunter and Sabetzadeh, Mehrdad and Varr{\'o}, D{\'a}niel},
  booktitle={2023 IEEE 31st International Requirements Engineering Conference Workshops (REW)},
  pages={262--271},
  year={2023},
  organization={IEEE}
}

@inproceedings{duan2017reasoning,
  title={Reasoning about confidence and uncertainty in assurance cases: A survey},
  author={Duan, Lian and Rayadurgam, Sanjai and Heimdahl, Mats PE and Ayoub, Anaheed and Sokolsky, Oleg and Lee, Insup},
  booktitle={Software Engineering in Health Care: 4th International Symposium, FHIES 2014, and 6th International Workshop, SEHC 2014, Washington, DC, USA, July 17-18, 2014, Revised Selected Papers 4},
  pages={64--80},
  year={2017},
  organization={Springer}
}


@article{mohamad2021security,
  title={Security assurance cases—state of the art of an emerging approach},
  author={Mohamad, Mazen and Stegh{\"o}fer, Jan-Philipp and Scandariato, Riccardo},
  journal={Empirical software engineering},
  volume={26},
  number={4},
  pages={70},
  year={2021},
  publisher={Springer}
}

@article{maksimov2019survey,
  title={A survey of tool-supported assurance case assessment techniques},
  author={Maksimov, Mike and Kokaly, Sahar and Chechik, Marsha},
  journal={ACM Computing Surveys (CSUR)},
  volume={52},
  number={5},
  pages={1--34},
  year={2019},
  publisher={ACM New York, NY, USA}
}

@inproceedings{grigorova2013taking,
  title={Taking a page from the law books: Considering evidence weight in evaluating assurance case confidence},
  author={Grigorova, Silviya and Maibaum, TSE},
  booktitle={2013 IEEE International Symposium on Software Reliability Engineering Workshops (ISSREW)},
  pages={387--390},
  year={2013},
  organization={IEEE}
}

@article{horkoff2019goal,
  title={Goal-oriented requirements engineering: an extended systematic mapping study},
  author={Horkoff, Jennifer and Aydemir, Fatma Ba{\c{s}}ak and Cardoso, Evellin and Li, Tong and Mat{\'e}, Alejandro and Paja, Elda and Salnitri, Mattia and Piras, Luca and Mylopoulos, John and Giorgini, Paolo},
  journal={Requirements engineering},
  volume={24},
  pages={133--160},
  year={2019},
  publisher={Springer}
}


@book{schwartz2022towards,
  title={Towards a standard for identifying and managing bias in artificial intelligence},
  author={Schwartz, Reva and Schwartz, Reva and Vassilev, Apostol and Greene, Kristen and Perine, Lori and Burt, Andrew and Hall, Patrick},
  volume={3},
  year={2022},
  publisher={US Department of Commerce, National Institute of Standards and Technology}, 
address = {USA}
}


@inproceedings{madaio2020co,
  title={Co-designing checklists to understand organizational challenges and opportunities around fairness in AI},
  author={Madaio, Michael A and Stark, Luke and Wortman Vaughan, Jennifer and Wallach, Hanna},
  booktitle={Proceedings of the 2020 CHI conference on human factors in computing systems},
  pages={1--14},
  year={2020}
}

@article{amyot2011user,
  title={User requirements notation: the first ten years, the next ten years},
  author={Amyot, Daniel and Mussbacher, Gunter},
  journal={Journal of Software},
  volume={6},
  number={5},
  pages={747--768},
  year={2011}
}


@article{dawson2019artificial,
  title={Artificial intelligence: Australia’s ethics framework-a discussion paper},
  author={Dawson, Dave and Schleiger, Emma and Horton, Joanna and McLaughlin, John and Robinson, Cathy and Quezada, George and Scowcroft, Jane and Hajkowicz, Stefan},
  year={2019},
  publisher={Commonwealth Scientific and Industrial Research Organisation (CSIRO)}
}

@article{chatila2019ieee,
  title={The IEEE global initiative on ethics of autonomous and intelligent systems},
  author={Chatila, Raja and Havens, John C},
  journal={Robotics and well-being},
  pages={11--16},
  year={2019},
  publisher={Springer}
}

@misc{digitalnsw2024,
	title = {Mandatory Ethical Principles for the use of {AI}},
	howpublished = {\url{https://www.digital.nsw.gov.au/policy/artificial-intelligence/artificial-intelligence-ethics-policy/mandatory-ethical-principles}},
	author = {{Digital.NSW}},
	year = {2024},
  month = {June},
}

@book{national2024voluntary,
  title={Voluntary AI Safety Standard --- Guiding safe and responsible use of artificial intelligence in Australia},
  author={{National Artificial Intelligence Centre}},
  year={2024},
  month = {August},
  publisher={{Australian Department of Industry, Science and Resources}},
address = {Canberra, Australia}
}


@article{gusdorf2008recruitment,
  title={Recruitment and selection: Hiring the right person},
  author={Gusdorf, Myrna L},
  journal={USA: Society for Human Resource Management},
  pages={1--14},
  year={2008}
}

@article{kaushal2023artificial,
  title={Artificial intelligence and HRM: identifying future research Agenda using systematic literature review and bibliometric analysis},
  author={Kaushal, Neelam and Kaurav, Rahul Pratap Singh and Sivathanu, Brijesh and Kaushik, Neeraj},
  journal={Management Review Quarterly},
  volume={73},
  number={2},
  pages={455--493},
  year={2023},
  publisher={Springer}
}

@article{roopalatha2024artificial,
  title={Artificial Intelligence On Human Resource Management-Innovation, Challenges And Path Forward},
  author={Roopalatha, N and Sucharita, K},
  journal={Educational Administration: Theory and Practice},
  volume={30},
  number={5},
  pages={13686--13698},
  year={2024}
}

@incollection{ajonbadi2024before,
  title={Before It Goes South: The Ethical Dilemma of Artificial Intelligence in Human Resource Management—The Bangladesh Workplace Experience},
  author={Ajonbadi, Hakeem Adeniyi and Khan, Shiban and Owolewa, Mutiat},
  booktitle={HRM, Artificial Intelligence and the Future of Work: Insights from the Global South},
  pages={147--167},
  year={2024},
  publisher={Palgrave Macmillan}, 
address = {Cham, Switzerland}
}

@book{ieee2019draft,
  title={IEEE Draft Standard for Responsible AI Licensing},
  author={{IEEE Computer Society/Artificial Intelligence Standards Committee (C/AISC)}},
  year={2019},
  volume = {IEEE P2840},
  publisher={{IEEE}},
address = {New York, USA}
}

@book{ieee2020recommended,
  title={Recommended Practice for Organizational Governance of Artificial Intelligence},
  author={{IEEE Computer Society/Artificial Intelligence Standards Committee (C/AISC)}},
  year={2020},
  volume = {IEEE P2863},
  publisher={{IEEE}},
address = {New York, USA}
}