@inproceedings{DBLP:conf/sigmod/SchleimerWA03,
  author    = {Saul Schleimer and
               Daniel Shawcross Wilkerson and
               Alexander Aiken},
  editor    = {Alon Y. Halevy and
               Zachary G. Ives and
               AnHai Doan},
  title     = {Winnowing: Local Algorithms for Document Fingerprinting},
  booktitle = {Proceedings of the 2003 {ACM} {SIGMOD} International Conference on
               Management of Data, San Diego, California, USA, June 9-12, 2003},
  pages     = {76--85},
  publisher = {{ACM}},
  year      = {2003},
  url       = {https://doi.org/10.1145/872757.872770},
  doi       = {10.1145/872757.872770},
  timestamp = {Wed, 14 Nov 2018 10:56:19 +0100},
  biburl    = {https://dblp.org/rec/conf/sigmod/SchleimerWA03.bib},
  bibsource = {dblp computer science bibliography, https://dblp.org}
}

@inproceedings{DBLP:conf/esa/LoukidesP21,
  author       = {Grigorios Loukides and
                  Solon P. Pissis},
  editor       = {Petra Mutzel and
                  Rasmus Pagh and
                  Grzegorz Herman},
  title        = {Bidirectional String Anchors: {A} New String Sampling Mechanism},
  booktitle    = {29th Annual European Symposium on Algorithms, {ESA} 2021, September
                  6-8, 2021, Lisbon, Portugal (Virtual Conference)},
  series       = {LIPIcs},
  volume       = {204},
  pages        = {64:1--64:21},
  publisher    = {Schloss Dagstuhl - Leibniz-Zentrum f{\"{u}}r Informatik},
  year         = {2021},
  url          = {https://doi.org/10.4230/LIPIcs.ESA.2021.64},
  doi          = {10.4230/LIPICS.ESA.2021.64},
  timestamp    = {Sun, 06 Oct 2024 21:00:59 +0200},
  biburl       = {https://dblp.org/rec/conf/esa/LoukidesP21.bib},
  bibsource    = {dblp computer science bibliography, https://dblp.org}
}

 @article{Boucher_2019, 
title={{Prefix-free parsing for building big BWTs}},
 volume={14}, 
ISSN={1748-7188},
 url={http://dx.doi.org/10.1186/s13015-019-0148-5},
 DOI={10.1186/s13015-019-0148-5}, 
number={1}, 
journal={{Algorithms for Molecular Biology}}, 
publisher={{Springer Science and Business Media LLC}}, 
author={Boucher, Christina and Gagie, Travis and Kuhnle, Alan and Langmead, Ben and Manzini,
 Giovanni and Mun, Taher}, 
year={2019}, 
month=may 
}
@inproceedings{accelerated_fm_pfp,
  doi = {10.4230/LIPICS.WABI.2023.13},
  url = {https://drops.dagstuhl.de/entities/document/10.4230/LIPIcs.WABI.2023.13},
  author = {Hong,  Aaron and Oliva,  Marco and K\"{o}ppl,  Dominik and Bannai,  Hideo and Boucher,  Christina and Gagie,  Travis},
  language = {en},
  title = {{Acceleration of FM-Index Queries Through Prefix-Free Parsing}},
  publisher = {Schloss Dagstuhl – Leibniz-Zentrum f\"{u}r Informatik},
  year = {2023},
  copyright = {Creative Commons Attribution 4.0 International license}
}

@inproceedings{DBLP:conf/cpm/KasaiLAAP01,
  author       = {Toru Kasai and
                  Gunho Lee and
                  Hiroki Arimura and
                  Setsuo Arikawa and
                  Kunsoo Park},
  editor       = {Amihood Amir and
                  Gad M. Landau},
  title        = {Linear-Time Longest-Common-Prefix Computation in Suffix Arrays and
                  Its Applications},
  booktitle    = {Combinatorial Pattern Matching, 12th Annual Symposium, {CPM} 2001
                  Jerusalem, Israel, July 1-4, 2001 Proceedings},
  series       = {Lecture Notes in Computer Science},
  volume       = {2089},
  pages        = {181--192},
  publisher    = {Springer},
  year         = {2001},
  url          = {https://doi.org/10.1007/3-540-48194-X\_17},
  doi          = {10.1007/3-540-48194-X\_17},
  timestamp    = {Sun, 02 Jun 2019 21:23:31 +0200},
  biburl       = {https://dblp.org/rec/conf/cpm/KasaiLAAP01.bib},
  bibsource    = {dblp computer science bibliography, https://dblp.org}
}

@article{DBLP:journals/pvldb/AyadLP23,
  author       = {Lorraine A. K. Ayad and
                  Grigorios Loukides and
                  Solon P. Pissis},
  title        = {Text Indexing for Long Patterns: Anchors are All you Need},
  journal      = {Proc. {VLDB} Endow.},
  volume       = {16},
  number       = {9},
  pages        = {2117--2131},
  year         = {2023},
  url          = {https://www.vldb.org/pvldb/vol16/p2117-loukides.pdf},
  doi          = {10.14778/3598581.3598586},
  timestamp    = {Mon, 23 Oct 2023 16:16:16 +0200},
  biburl       = {https://dblp.org/rec/journals/pvldb/AyadLP23.bib},
  bibsource    = {dblp computer science bibliography, https://dblp.org}
}

@inproceedings{DBLP:conf/icalp/DietzfelbingerGMP92,
  author       = {Martin Dietzfelbinger and
                  Joseph Gil and
                  Yossi Matias and
                  Nicholas Pippenger},
  title        = {Polynomial Hash Functions Are Reliable (Extended Abstract)},
  booktitle    = {Automata, Languages and Programming, 19th International Colloquium,
                  ICALP92, Vienna, Austria, July 13-17, 1992, Proceedings},
  pages        = {235--246},
  year         = {1992},
  crossref     = {DBLP:conf/icalp/1992},
  url          = {https://doi.org/10.1007/3-540-55719-9\_77},
  doi          = {10.1007/3-540-55719-9\_77},
  timestamp    = {Tue, 14 May 2019 10:00:44 +0200},
  biburl       = {https://dblp.org/rec/conf/icalp/DietzfelbingerGMP92.bib},
  bibsource    = {dblp computer science bibliography, https://dblp.org}
}

@proceedings{DBLP:conf/icalp/1992,
  editor       = {Werner Kuich},
  title        = {Automata, Languages and Programming, 19th International Colloquium,
                  ICALP92, Vienna, Austria, July 13-17, 1992, Proceedings},
  series       = {Lecture Notes in Computer Science},
  volume       = {623},
  publisher    = {Springer},
  year         = {1992},
  url          = {https://doi.org/10.1007/3-540-55719-9},
  doi          = {10.1007/3-540-55719-9},
  isbn         = {3-540-55719-9},
  timestamp    = {Fri, 24 May 2024 08:07:11 +0200},
  biburl       = {https://dblp.org/rec/conf/icalp/1992.bib},
  bibsource    = {dblp computer science bibliography, https://dblp.org}
}

@inproceedings{DBLP:conf/latin/AyadLPV24,
  author       = {Lorraine A. K. Ayad and
                  Grigorios Loukides and
                  Solon P. Pissis and
                  Hilde Verbeek},
  editor       = {Jos{\'{e}} A. Soto and
                  Andreas Wiese},
  title        = {Sparse Suffix and {LCP} Array: Simple, Direct, Small, and Fast},
  booktitle    = {{LATIN} 2024: Theoretical Informatics - 16th Latin American Symposium,
                  Puerto Varas, Chile, March 18-22, 2024, Proceedings, Part {I}},
  series       = {Lecture Notes in Computer Science},
  volume       = {14578},
  pages        = {162--177},
  publisher    = {Springer},
  year         = {2024},
  url          = {https://doi.org/10.1007/978-3-031-55598-5\_11},
  doi          = {10.1007/978-3-031-55598-5\_11},
  timestamp    = {Sun, 04 Aug 2024 19:41:59 +0200},
  biburl       = {https://dblp.org/rec/conf/latin/AyadLPV24.bib},
  bibsource    = {dblp computer science bibliography, https://dblp.org}
}



@article{Syncmers,
  author       = {Robert Edgar},
  title        = {Syncmers are more sensitive than minimizers for selecting conserved k‑mers in biological sequences},
  journal      = {PeerJ},
  volume       = {9},
  number       = {e10805},
  pages        = {1755--1771},
  year         = {2021},
  doi          = {10.7717/peerj.10805}
}

@article{DBLP:journals/spe/GrabowskiR17,
  author       = {Szymon Grabowski and
                  Marcin Raniszewski},
  title        = {Sampled suffix array with minimizers},
  journal      = {Softw. Pract. Exp.},
  volume       = {47},
  number       = {11},
  pages        = {1755--1771},
  year         = {2017},
  url          = {https://doi.org/10.1002/spe.2481},
  doi          = {10.1002/SPE.2481},
  timestamp    = {Thu, 09 Apr 2020 17:14:22 +0200},
  biburl       = {https://dblp.org/rec/journals/spe/GrabowskiR17.bib},
  bibsource    = {dblp computer science bibliography, https://dblp.org}
}

@article{DBLP:journals/tkde/LoukidesPS23,
  author       = {Grigorios Loukides and
                  Solon P. Pissis and
                  Michelle Sweering},
  title        = {Bidirectional String Anchors for Improved Text Indexing and Top-{$K$}
                  Similarity Search},
  journal      = {{IEEE} Trans. Knowl. Data Eng.},
  volume       = {35},
  number       = {11},
  pages        = {11093--11111},
  year         = {2023},
  url          = {https://doi.org/10.1109/TKDE.2022.3231780},
  doi          = {10.1109/TKDE.2022.3231780},
  timestamp    = {Fri, 27 Oct 2023 20:39:35 +0200},
  biburl       = {https://dblp.org/rec/journals/tkde/LoukidesPS23.bib},
  bibsource    = {dblp computer science bibliography, https://dblp.org}
}

@article{DBLP:journals/corr/abs-2407-11819,
  author       = {Lorraine A. K. Ayad and
                  Grigorios Loukides and
                  Solon P. Pissis},
  title        = {Text Indexing for Long Patterns using Locally Consistent Anchors},
  journal      = {CoRR},
  volume       = {abs/2407.11819},
  year         = {2024},
  url          = {https://doi.org/10.48550/arXiv.2407.11819},
  doi          = {10.48550/ARXIV.2407.11819},
  eprinttype    = {arXiv},
  eprint       = {2407.11819},
  timestamp    = {Fri, 23 Aug 2024 14:09:01 +0200},
  biburl       = {https://dblp.org/rec/journals/corr/abs-2407-11819.bib},
  bibsource    = {dblp computer science bibliography, https://dblp.org}
}

@proceedings{DBLP:conf/esa/2021,
  editor       = {Petra Mutzel and
                  Rasmus Pagh and
                  Grzegorz Herman},
  title        = {29th Annual European Symposium on Algorithms, {ESA} 2021, September
                  6-8, 2021, Lisbon, Portugal (Virtual Conference)},
  series       = {LIPIcs},
  volume       = {204},
  publisher    = {Schloss Dagstuhl - Leibniz-Zentrum f{\"{u}}r Informatik},
  year         = {2021},
  url          = {https://www.dagstuhl.de/dagpub/978-3-95977-204-4},
  isbn         = {978-3-95977-204-4},
  timestamp    = {Fri, 20 Dec 2024 09:03:20 +0100},
  biburl       = {https://dblp.org/rec/conf/esa/2021.bib},
  bibsource    = {dblp computer science bibliography, https://dblp.org}
}



@article{DBLP:journals/jda/ClaudeNPST12,
  author       = {Francisco Claude and
                  Gonzalo Navarro and
                  Hannu Peltola and
                  Leena Salmela and
                  Jorma Tarhio},
  title        = {String matching with alphabet sampling},
  journal      = {J. Discrete Algorithms},
  volume       = {11},
  pages        = {37--50},
  year         = {2012},
  url          = {https://doi.org/10.1016/j.jda.2010.09.004},
  doi          = {10.1016/J.JDA.2010.09.004},
  timestamp    = {Wed, 28 Feb 2024 00:16:38 +0100},
  biburl       = {https://dblp.org/rec/journals/jda/ClaudeNPST12.bib},
  bibsource    = {dblp computer science bibliography, https://dblp.org}
}


@article{DBLP:journals/bioinformatics/RobertsHHMY04,
  author    = {Michael Roberts and
               Wayne Hayes and
               Brian R. Hunt and
               Stephen M. Mount and
               James A. Yorke},
  title     = {Reducing storage requirements for biological sequence comparison},
  journal   = {Bioinform.},
  volume    = {20},
  number    = {18},
  pages     = {3363--3369},
  year      = {2004},
  url       = {https://doi.org/10.1093/bioinformatics/bth408},
  doi       = {10.1093/bioinformatics/bth408},
  timestamp = {Mon, 02 Mar 2020 16:23:18 +0100},
  biburl    = {https://dblp.org/rec/journals/bioinformatics/RobertsHHMY04.bib},
  bibsource = {dblp computer science bibliography, https://dblp.org}
}

@article{DBLP:journals/ibmrd/KarpR87,
  author       = {Richard M. Karp and
                  Michael O. Rabin},
  title        = {Efficient Randomized Pattern-Matching Algorithms},
  journal      = {{IBM} J. Res. Dev.},
  volume       = {31},
  number       = {2},
  pages        = {249--260},
  year         = {1987},
  url          = {https://doi.org/10.1147/rd.312.0249},
  doi          = {10.1147/RD.312.0249},
  timestamp    = {Fri, 13 Mar 2020 10:54:33 +0100},
  biburl       = {https://dblp.org/rec/journals/ibmrd/KarpR87.bib},
  bibsource    = {dblp computer science bibliography, https://dblp.org}
}

@article{DBLP:journals/jacm/Elias74,
  author       = {Peter Elias},
  title        = {Efficient Storage and Retrieval by Content and Address of Static Files},
  journal      = {J. {ACM}},
  volume       = {21},
  number       = {2},
  pages        = {246--260},
  year         = {1974},
  url          = {https://doi.org/10.1145/321812.321820},
  doi          = {10.1145/321812.321820},
  timestamp    = {Mon, 03 Aug 2020 19:21:01 +0200},
  biburl       = {https://dblp.org/rec/journals/jacm/Elias74.bib},
  bibsource    = {dblp computer science bibliography, https://dblp.org}
}

@article{DBLP:journals/jea/Charalampopoulos20,
  author       = {Panagiotis Charalampopoulos and
                  Costas S. Iliopoulos and
                  Chang Liu and
                  Solon P. Pissis},
  title        = {Property Suffix Array with Applications in Indexing Weighted Sequences},
  journal      = {{ACM} J. Exp. Algorithmics},
  volume       = {25},
  pages        = {1--16},
  year         = {2020},
  url          = {https://doi.org/10.1145/3385898},
  doi          = {10.1145/3385898},
  timestamp    = {Sat, 08 Jan 2022 02:22:56 +0100},
  biburl       = {https://dblp.org/rec/journals/jea/Charalampopoulos20.bib},
  bibsource    = {dblp computer science bibliography, https://dblp.org}
}

@article{DBLP:journals/jacm/KarkkainenSB06,
  author    = {Juha K{\"{a}}rkk{\"{a}}inen and
               Peter Sanders and
               Stefan Burkhardt},
  title     = {Linear work suffix array construction},
  journal   = {J. {ACM}},
  volume    = {53},
  number    = {6},
  pages     = {918--936},
  year      = {2006},
  url       = {https://doi.org/10.1145/1217856.1217858},
  doi       = {10.1145/1217856.1217858},
  timestamp = {Tue, 06 Nov 2018 12:51:46 +0100},
  biburl    = {https://dblp.org/rec/journals/jacm/KarkkainenSB06.bib},
  bibsource = {dblp computer science bibliography, https://dblp.org}
}

@article{DBLP:journals/siamcomp/ManberM93,
  author    = {Udi Manber and
               Eugene W. Myers},
  title     = {Suffix Arrays: {A} New Method for On-Line String Searches},
  journal   = {{SIAM} J. Comput.},
  volume    = {22},
  number    = {5},
  pages     = {935--948},
  year      = {1993},
  url       = {https://doi.org/10.1137/0222058},
  doi       = {10.1137/0222058},
  timestamp = {Wed, 14 Nov 2018 10:45:07 +0100},
  biburl    = {https://dblp.org/rec/journals/siamcomp/ManberM93.bib},
  bibsource = {dblp computer science bibliography, https://dblp.org}
}

@InProceedings{grootkoerkamp_et_al:LIPIcs.WABI.2024.11,
  author =	{Groot Koerkamp, Ragnar and Pibiri, Giulio Ermanno},
  title =	{{The mod-minimizer: A Simple and Efficient Sampling Algorithm for Long k-mers}},
  booktitle =	{24th International Workshop on Algorithms in Bioinformatics (WABI 2024)},
  pages =	{11:1--11:23},
  series =	{Leibniz International Proceedings in Informatics (LIPIcs)},
  ISBN =	{978-3-95977-340-9},
  ISSN =	{1868-8969},
  year =	{2024},
  volume =	{312},
  editor =	{Pissis, Solon P. and Sung, Wing-Kin},
  publisher =	{Schloss Dagstuhl -- Leibniz-Zentrum f{\"u}r Informatik},
  address =	{Dagstuhl, Germany},
  URL =		{https://drops.dagstuhl.de/entities/document/10.4230/LIPIcs.WABI.2024.11},
  URN =		{urn:nbn:de:0030-drops-206552},
  doi =		{10.4230/LIPIcs.WABI.2024.11},
  annote =	{Keywords: Minimizers, Randomized algorithms, Sketching, Hashing}
}

@article{10.1145/1082036.1082039,
author = {Ferragina, Paolo and Manzini, Giovanni},
title = {Indexing compressed text},
year = {2005},
issue_date = {July 2005},
publisher = {Association for Computing Machinery},
address = {New York, NY, USA},
volume = {52},
number = {4},
issn = {0004-5411},
url = {https://doi.org/10.1145/1082036.1082039},
doi = {10.1145/1082036.1082039},
journal = {J. ACM},
month = {jul},
pages = {552–581},
numpages = {30},
keywords = {text compression, suffix tree, suffix array, pattern searching, indexing data structure, full-text indexing, Lempel--Ziv compressor, Burrows--Wheeler transform}
}

@article{10.1145/3375890,
author = {Gagie, Travis and Navarro, Gonzalo and Prezza, Nicola},
title = {Fully Functional Suffix Trees and Optimal Text Searching in BWT-Runs Bounded Space},
year = {2020},
issue_date = {February 2020},
publisher = {Association for Computing Machinery},
address = {New York, NY, USA},
volume = {67},
number = {1},
issn = {0004-5411},
url = {https://doi.org/10.1145/3375890},
doi = {10.1145/3375890},
journal = {J. ACM},
month = {jan},
articleno = {2},
numpages = {54},
keywords = {Burrows-Wheeler transform, Repetitive string collections, compressed suffix trees, compressed text indexes}
}

@article{zheng2020improved,
  title={Improved design and analysis of practical minimizers},
  author={Zheng, Hongyu and Kingsford, Carl and Mar{\c{c}}ais, Guillaume},
  journal={Bioinformatics},
  volume={36},
  number={Supplement\_1},
  pages={i119--i127},
  year={2020},
  publisher={Oxford University Press}
}

@article{navarro2007compressed,
  title={Compressed full-text indexes},
  author={Navarro, Gonzalo and M{\"a}kinen, Veli},
  journal={ACM Computing Surveys (CSUR)},
  volume={39},
  number={1},
  pages={2--es},
  year={2007},
  publisher={ACM New York, NY, USA}
}

@article{mccreight1976space,
  title={A space-economical suffix tree construction algorithm},
  author={McCreight, Edward M},
  journal={Journal of the ACM (JACM)},
  volume={23},
  number={2},
  pages={262--272},
  year={1976},
  publisher={ACM New York, NY, USA}
}

@article{gusfield1997algorithms,
  title={Algorithms on stings, trees, and sequences: Computer science and computational biology},
  author={Gusfield, Dan},
  journal={Acm Sigact News},
  volume={28},
  number={4},
  pages={41--60},
  year={1997},
  publisher={ACM New York, NY, USA}
}

@article{grossi2005compressed,
  title={Compressed Suffix Arrays and Suffix Trees with Applications to Text Indexing and String Matching},
  author={Grossi, Roberto and Vitter, Jeffrey Scott},
  journal={SIAM Journal on Computing},
  volume={35},
  number={2},
  pages={378--407},
  year={2005},
  publisher={SIAM}
}

@article{Fano71,
  author  = {Robert Mario Fano},
  title   = {On the number of bits required to implement an associative memory},
  journal = {Memorandum 61, Computer Structures Group, MIT},
  year    = {1971}
}

@article{Elias74,
  author    = {Peter Elias},
  title     = {Efficient Storage and Retrieval by Content and Address of Static Files},
  journal   = {Journal of the ACM},
  volume    = {21},
  number    = {2},
  year      = {1974},
  pages     = {246--260}
}

@article{nong2010two,
  title={Two efficient algorithms for linear time suffix array construction},
  author={Nong, Ge and Zhang, Sen and Chan, Wai Hong},
  journal={IEEE transactions on computers},
  volume={60},
  number={10},
  pages={1471--1484},
  year={2010},
  publisher={IEEE}
}

@inproceedings{karkkainen2009permuted,
  title={Permuted longest-common-prefix array},
  author={K{\"a}rkk{\"a}inen, Juha and Manzini, Giovanni and Puglisi, Simon J},
  booktitle={Combinatorial Pattern Matching: 20th Annual Symposium, CPM 2009 Lille, France, June 22-24, 2009 Proceedings 20},
  pages={181--192},
  year={2009},
  organization={Springer}
}

@inproceedings{gog2014theory,
  title={From theory to practice: Plug and play with succinct data structures},
  author={Gog, Simon and Beller, Timo and Moffat, Alistair and Petri, Matthias},
  booktitle={Experimental Algorithms: 13th International Symposium, SEA 2014, Copenhagen, Denmark, June 29--July 1, 2014. Proceedings 13},
  pages={326--337},
  year={2014},
  organization={Springer}
}

@article{anderson2021optimized,
  title={An optimized {FM}-index library for nucleotide and amino acid search},
  author={Anderson, Tim and Wheeler, Travis J},
  journal={Algorithms for Molecular Biology},
  volume={16},
  number={1},
  pages={25},
  year={2021},
  publisher={Springer}
}

@article{grady1992highly,
  title={Highly conserved repetitive DNA sequences are present at human centromeres.},
  author={Grady, Deborah L and Ratliff, Robert L and Robinson, Donna L and McCanlies, Erin C and Meyne, Julianne and Moyzis, Robert K},
  journal={Proceedings of the National Academy of Sciences},
  volume={89},
  number={5},
  pages={1695--1699},
  year={1992},
  publisher={National Acad Sciences}
}

@inproceedings{burrows1994block,
  title={A block-sorting lossless data compression algorithm},
  author={Burrows, Michael and Wheeler, David},
  booktitle={Digital SRC Research Report},
  year={1994},
  organization={Citeseer}
}
