@article{Boucher_2019, 
title={{Prefix-free parsing for building big BWTs}},
 volume={14}, 
ISSN={1748-7188},
 url={http://dx.doi.org/10.1186/s13015-019-0148-5},
 DOI={10.1186/s13015-019-0148-5}, 
number={1}, 
journal={{Algorithms for Molecular Biology}}, 
publisher={{Springer Science and Business Media LLC}}, 
author={Boucher, Christina and Gagie, Travis and Kuhnle, Alan and Langmead, Ben and Manzini,
 Giovanni and Mun, Taher}, 
year={2019}, 
month=may 
}

@inproceedings{DBLP:conf/esa/LoukidesP21,
  author       = {Grigorios Loukides and
                  Solon P. Pissis},
  editor       = {Petra Mutzel and
                  Rasmus Pagh and
                  Grzegorz Herman},
  title        = {Bidirectional String Anchors: {A} New String Sampling Mechanism},
  booktitle    = {29th Annual European Symposium on Algorithms, {ESA} 2021, September
                  6-8, 2021, Lisbon, Portugal (Virtual Conference)},
  series       = {LIPIcs},
  volume       = {204},
  pages        = {64:1--64:21},
  publisher    = {Schloss Dagstuhl - Leibniz-Zentrum f{\"{u}}r Informatik},
  year         = {2021},
  url          = {https://doi.org/10.4230/LIPIcs.ESA.2021.64},
  doi          = {10.4230/LIPICS.ESA.2021.64},
  timestamp    = {Sun, 06 Oct 2024 21:00:59 +0200},
  biburl       = {https://dblp.org/rec/conf/esa/LoukidesP21.bib},
  bibsource    = {dblp computer science bibliography, https://dblp.org}
}

@inproceedings{DBLP:conf/latin/AyadLPV24,
  author       = {Lorraine A. K. Ayad and
                  Grigorios Loukides and
                  Solon P. Pissis and
                  Hilde Verbeek},
  editor       = {Jos{\'{e}} A. Soto and
                  Andreas Wiese},
  title        = {Sparse Suffix and {LCP} Array: Simple, Direct, Small, and Fast},
  booktitle    = {{LATIN} 2024: Theoretical Informatics - 16th Latin American Symposium,
                  Puerto Varas, Chile, March 18-22, 2024, Proceedings, Part {I}},
  series       = {Lecture Notes in Computer Science},
  volume       = {14578},
  pages        = {162--177},
  publisher    = {Springer},
  year         = {2024},
  url          = {https://doi.org/10.1007/978-3-031-55598-5\_11},
  doi          = {10.1007/978-3-031-55598-5\_11},
  timestamp    = {Sun, 04 Aug 2024 19:41:59 +0200},
  biburl       = {https://dblp.org/rec/conf/latin/AyadLPV24.bib},
  bibsource    = {dblp computer science bibliography, https://dblp.org}
}

@article{DBLP:journals/corr/abs-2407-11819,
  author       = {Lorraine A. K. Ayad and
                  Grigorios Loukides and
                  Solon P. Pissis},
  title        = {Text Indexing for Long Patterns using Locally Consistent Anchors},
  journal      = {CoRR},
  volume       = {abs/2407.11819},
  year         = {2024},
  url          = {https://doi.org/10.48550/arXiv.2407.11819},
  doi          = {10.48550/ARXIV.2407.11819},
  eprinttype    = {arXiv},
  eprint       = {2407.11819},
  timestamp    = {Fri, 23 Aug 2024 14:09:01 +0200},
  biburl       = {https://dblp.org/rec/journals/corr/abs-2407-11819.bib},
  bibsource    = {dblp computer science bibliography, https://dblp.org}
}

@article{DBLP:journals/jda/ClaudeNPST12,
  author       = {Francisco Claude and
                  Gonzalo Navarro and
                  Hannu Peltola and
                  Leena Salmela and
                  Jorma Tarhio},
  title        = {String matching with alphabet sampling},
  journal      = {J. Discrete Algorithms},
  volume       = {11},
  pages        = {37--50},
  year         = {2012},
  url          = {https://doi.org/10.1016/j.jda.2010.09.004},
  doi          = {10.1016/J.JDA.2010.09.004},
  timestamp    = {Wed, 28 Feb 2024 00:16:38 +0100},
  biburl       = {https://dblp.org/rec/journals/jda/ClaudeNPST12.bib},
  bibsource    = {dblp computer science bibliography, https://dblp.org}
}

@article{DBLP:journals/pvldb/AyadLP23,
  author       = {Lorraine A. K. Ayad and
                  Grigorios Loukides and
                  Solon P. Pissis},
  title        = {Text Indexing for Long Patterns: Anchors are All you Need},
  journal      = {Proc. {VLDB} Endow.},
  volume       = {16},
  number       = {9},
  pages        = {2117--2131},
  year         = {2023},
  url          = {https://www.vldb.org/pvldb/vol16/p2117-loukides.pdf},
  doi          = {10.14778/3598581.3598586},
  timestamp    = {Mon, 23 Oct 2023 16:16:16 +0200},
  biburl       = {https://dblp.org/rec/journals/pvldb/AyadLP23.bib},
  bibsource    = {dblp computer science bibliography, https://dblp.org}
}

@article{DBLP:journals/spe/GrabowskiR17,
  author       = {Szymon Grabowski and
                  Marcin Raniszewski},
  title        = {Sampled suffix array with minimizers},
  journal      = {Softw. Pract. Exp.},
  volume       = {47},
  number       = {11},
  pages        = {1755--1771},
  year         = {2017},
  url          = {https://doi.org/10.1002/spe.2481},
  doi          = {10.1002/SPE.2481},
  timestamp    = {Thu, 09 Apr 2020 17:14:22 +0200},
  biburl       = {https://dblp.org/rec/journals/spe/GrabowskiR17.bib},
  bibsource    = {dblp computer science bibliography, https://dblp.org}
}

@article{DBLP:journals/tkde/LoukidesPS23,
  author       = {Grigorios Loukides and
                  Solon P. Pissis and
                  Michelle Sweering},
  title        = {Bidirectional String Anchors for Improved Text Indexing and Top-{$K$}
                  Similarity Search},
  journal      = {{IEEE} Trans. Knowl. Data Eng.},
  volume       = {35},
  number       = {11},
  pages        = {11093--11111},
  year         = {2023},
  url          = {https://doi.org/10.1109/TKDE.2022.3231780},
  doi          = {10.1109/TKDE.2022.3231780},
  timestamp    = {Fri, 27 Oct 2023 20:39:35 +0200},
  biburl       = {https://dblp.org/rec/journals/tkde/LoukidesPS23.bib},
  bibsource    = {dblp computer science bibliography, https://dblp.org}
}

@inproceedings{accelerated_fm_pfp,
  doi = {10.4230/LIPICS.WABI.2023.13},
  url = {https://drops.dagstuhl.de/entities/document/10.4230/LIPIcs.WABI.2023.13},
  author = {Hong,  Aaron and Oliva,  Marco and K\"{o}ppl,  Dominik and Bannai,  Hideo and Boucher,  Christina and Gagie,  Travis},
  language = {en},
  title = {{Acceleration of FM-Index Queries Through Prefix-Free Parsing}},
  publisher = {Schloss Dagstuhl â€“ Leibniz-Zentrum f\"{u}r Informatik},
  year = {2023},
  copyright = {Creative Commons Attribution 4.0 International license}
}

