@article{chen2020improved,
  title={Improved baselines with momentum contrastive learning},
  author={Chen, Xinlei and Fan, Haoqi and Girshick, Ross and He, Kaiming},
  journal={arXiv preprint arXiv:2003.04297},
  year={2020}
}

@inproceedings{chen2020simple,
  title={A simple framework for contrastive learning of visual representations},
  author={Chen, Ting and Kornblith, Simon and Norouzi, Mohammad and Hinton, Geoffrey},
  booktitle={International conference on machine learning},
  pages={1597--1607},
  year={2020},
  organization={PMLR}
}

@article{eldele2021time,
  title={Time-series representation learning via temporal and contextual contrasting},
  author={Eldele, Emadeldeen and Ragab, Mohamed and Chen, Zhenghua and Wu, Min and Kwoh, Chee Keong and Li, Xiaoli and Guan, Cuntai},
  journal={arXiv preprint arXiv:2106.14112},
  year={2021}
}

@article{franceschi2019unsupervised,
  title={Unsupervised scalable representation learning for multivariate time series},
  author={Franceschi, Jean-Yves and Dieuleveut, Aymeric and Jaggi, Martin},
  journal={Advances in neural information processing systems},
  volume={32},
  year={2019}
}

@article{gidaris2018unsupervised,
  title={Unsupervised representation learning by predicting image rotations},
  author={Gidaris, Spyros and Singh, Praveer and Komodakis, Nikos},
  journal={arXiv preprint arXiv:1803.07728},
  year={2018}
}

@article{grill2020bootstrap,
  title={Bootstrap your own latent-a new approach to self-supervised learning},
  author={Grill, Jean-Bastien and Strub, Florian and Altch{\'e}, Florent and Tallec, Corentin and Richemond, Pierre and Buchatskaya, Elena and Doersch, Carl and Avila Pires, Bernardo and Guo, Zhaohan and Gheshlaghi Azar, Mohammad and others},
  journal={Advances in neural information processing systems},
  volume={33},
  pages={21271--21284},
  year={2020}
}

@inproceedings{he2020momentum,
  title={Momentum contrast for unsupervised visual representation learning},
  author={He, Kaiming and Fan, Haoqi and Wu, Yuxin and Xie, Saining and Girshick, Ross},
  booktitle={Proceedings of the IEEE/CVF conference on computer vision and pattern recognition},
  pages={9729--9738},
  year={2020}
}

@article{hendrycks2019using,
  title={Using self-supervised learning can improve model robustness and uncertainty},
  author={Hendrycks, Dan and Mazeika, Mantas and Kadavath, Saurav and Song, Dawn},
  journal={Advances in neural information processing systems},
  volume={32},
  year={2019}
}

@article{jang2018grasp2vec,
  title={Grasp2vec: Learning object representations from self-supervised grasping},
  author={Jang, Eric and Devin, Coline and Vanhoucke, Vincent and Levine, Sergey},
  journal={arXiv preprint arXiv:1811.06964},
  year={2018}
}

@inproceedings{misra2020self,
  title={Self-supervised learning of pretext-invariant representations},
  author={Misra, Ishan and Maaten, Laurens van der},
  booktitle={Proceedings of the IEEE/CVF Conference on Computer Vision and Pattern Recognition},
  pages={6707--6717},
  year={2020}
}

@article{tonekaboni2021unsupervised,
  title={Unsupervised representation learning for time series with temporal neighborhood coding},
  author={Tonekaboni, Sana and Eytan, Danny and Goldenberg, Anna},
  journal={arXiv preprint arXiv:2106.00750},
  year={2021}
}

@article{wang2024contrast,
  title={Contrast everything: A hierarchical contrastive framework for medical time-series},
  author={Wang, Yihe and Han, Yu and Wang, Haishuai and Zhang, Xiang},
  journal={Advances in Neural Information Processing Systems},
  volume={36},
  year={2024}
}

@inproceedings{yue2022ts2vec,
  title={Ts2vec: Towards universal representation of time series},
  author={Yue, Zhihan and Wang, Yujing and Duan, Juanyong and Yang, Tianmeng and Huang, Congrui and Tong, Yunhai and Xu, Bixiong},
  booktitle={Proceedings of the AAAI Conference on Artificial Intelligence},
  volume={36},
  number={8},
  pages={8980--8987},
  year={2022}
}

@inproceedings{zhai2019s4l,
  title={S4l: Self-supervised semi-supervised learning},
  author={Zhai, Xiaohua and Oliver, Avital and Kolesnikov, Alexander and Beyer, Lucas},
  booktitle={Proceedings of the IEEE/CVF International Conference on Computer Vision},
  pages={1476--1485},
  year={2019}
}

@article{zhang2022self,
  title={Self-supervised contrastive pre-training for time series via time-frequency consistency},
  author={Zhang, Xiang and Zhao, Ziyuan and Tsiligkaridis, Theodoros and Zitnik, Marinka},
  journal={Advances in Neural Information Processing Systems},
  volume={35},
  pages={3988--4003},
  year={2022}
}

