@inproceedings{yang2022unified,
  title={Unified contrastive learning in image-text-label space},
  author={Yang, Jianwei and Li, Chunyuan and Zhang, Pengchuan and Xiao, Bin and Liu, Ce and Yuan, Lu and Gao, Jianfeng},
  booktitle={Proceedings of the IEEE/CVF Conference on Computer Vision and Pattern Recognition},
  pages={19163--19173},
  year={2022}
}

@inproceedings{he2016deep,
  title={Deep residual learning for image recognition},
  author={He, Kaiming and Zhang, Xiangyu and Ren, Shaoqing and Sun, Jian},
  booktitle={Proceedings of the IEEE conference on computer vision and pattern recognition},
  pages={770--778},
  year={2016}
}

@article{ismail2019deep,
  title={Deep learning for time series classification: a review},
  author={Ismail Fawaz, Hassan and Forestier, Germain and Weber, Jonathan and Idoumghar, Lhassane and Muller, Pierre-Alain},
  journal={Data mining and knowledge discovery},
  volume={33},
  number={4},
  pages={917--963},
  year={2019},
  publisher={Springer}
}


@article{trirat2024universal,
  title={Universal Time-Series Representation Learning: A Survey},
  author={Trirat, Patara and Shin, Yooju and Kang, Junhyeok and Nam, Youngeun and Na, Jihye and Bae, Minyoung and Kim, Joeun and Kim, Byunghyun and Lee, Jae-Gil},
  journal={arXiv preprint arXiv:2401.03717},
  year={2024}
}


@article{wang2024contrast,
  title={Contrast everything: A hierarchical contrastive framework for medical time-series},
  author={Wang, Yihe and Han, Yu and Wang, Haishuai and Zhang, Xiang},
  journal={Advances in Neural Information Processing Systems},
  volume={36},
  year={2024}
}


@article{ching2018opportunities,
  title={Opportunities and obstacles for deep learning in biology and medicine},
  author={Ching, Travers and Himmelstein, Daniel S and Beaulieu-Jones, Brett K and Kalinin, Alexandr A and Do, Brian T and Way, Gregory P and Ferrero, Enrico and Agapow, Paul-Michael and Zietz, Michael and Hoffman, Michael M and others},
  journal={Journal of The Royal Society Interface},
  volume={15},
  number={141},
  pages={20170387},
  year={2018},
  publisher={The Royal Society}
}


@inproceedings{chen2020simple,
  title={A simple framework for contrastive learning of visual representations},
  author={Chen, Ting and Kornblith, Simon and Norouzi, Mohammad and Hinton, Geoffrey},
  booktitle={International conference on machine learning},
  pages={1597--1607},
  year={2020},
  organization={PMLR}
}


@article{esling2012time,
  title={Time-series data mining},
  author={Esling, Philippe and Agon, Carlos},
  journal={ACM Computing Surveys (CSUR)},
  volume={45},
  number={1},
  pages={1--34},
  year={2012},
  publisher={ACM New York, NY, USA}
}

@article{hjelm2018learning,
  title={Learning deep representations by mutual information estimation and maximization},
  author={Hjelm, R Devon and Fedorov, Alex and Lavoie-Marchildon, Samuel and Grewal, Karan and Bachman, Phil and Trischler, Adam and Bengio, Yoshua},
  journal={arXiv preprint arXiv:1808.06670},
  year={2018}
}

@article{sengupta2018national,
  title={The national solar radiation data base (NSRDB)},
  author={Sengupta, Manajit and Xie, Yu and Lopez, Anthony and Habte, Aron and Maclaurin, Galen and Shelby, James},
  journal={Renewable and sustainable energy reviews},
  volume={89},
  pages={51--60},
  year={2018},
  publisher={Elsevier}
}

@article{oord2018representation,
  title={Representation learning with contrastive predictive coding},
  author={Oord, Aaron van den and Li, Yazhe and Vinyals, Oriol},
  journal={arXiv preprint arXiv:1807.03748},
  year={2018}
}

@article{murray2015data,
  title={A data management platform for personalised real-time energy feedback},
  author={Murray, David and Liao, Jing and Stankovic, Lina and Stankovic, Vladimir and Hauxwell-Baldwin, Richard and Wilson, Charlie and Coleman, Michael and Kane, Tom and Firth, Steven},
  year={2015},
  publisher={IET}
}

@article{johnson2016mimic,
  title={MIMIC-III, a freely accessible critical care database},
  author={Johnson, Alistair EW and Pollard, Tom J and Shen, Lu and Lehman, Li-wei H and Feng, Mengling and Ghassemi, Mohammad and Moody, Benjamin and Szolovits, Peter and Anthony Celi, Leo and Mark, Roger G},
  journal={Scientific data},
  volume={3},
  number={1},
  pages={1--9},
  year={2016},
  publisher={Nature Publishing Group}
}

@book{chen2002freeway,
  title={Freeway performance measurement system (PeMS)},
  author={Chen, Chao},
  year={2002},
  publisher={University of California, Berkeley}
}

@inproceedings{reiss2012introducing,
  title={Introducing a new benchmarked dataset for activity monitoring},
  author={Reiss, Attila and Stricker, Didier},
  booktitle={2012 16th international symposium on wearable computers},
  pages={108--109},
  year={2012},
  organization={IEEE}
}

@article{bagnall2018uea,
  title={The UEA multivariate time series classification archive, 2018},
  author={Bagnall, Anthony and Dau, Hoang Anh and Lines, Jason and Flynn, Michael and Large, James and Bostrom, Aaron and Southam, Paul and Keogh, Eamonn},
  journal={arXiv preprint arXiv:1811.00075},
  year={2018}
}

@article{dau2019ucr,
  title={The UCR time series archive},
  author={Dau, Hoang Anh and Bagnall, Anthony and Kamgar, Kaveh and Yeh, Chin-Chia Michael and Zhu, Yan and Gharghabi, Shaghayegh and Ratanamahatana, Chotirat Ann and Keogh, Eamonn},
  journal={IEEE/CAA Journal of Automatica Sinica},
  volume={6},
  number={6},
  pages={1293--1305},
  year={2019},
  publisher={IEEE}
}

@article{senin2018grammarviz,
  title={Grammarviz 3.0: Interactive discovery of variable-length time series patterns},
  author={Senin, Pavel and Lin, Jessica and Wang, Xing and Oates, Tim and Gandhi, Sunil and Boedihardjo, Arnold P and Chen, Crystal and Frankenstein, Susan},
  journal={ACM Transactions on Knowledge Discovery from Data (TKDD)},
  volume={12},
  number={1},
  pages={1--28},
  year={2018},
  publisher={ACM New York, NY, USA}
}

@article{keogh2005clustering,
  title={Clustering of time-series subsequences is meaningless: implications for previous and future research},
  author={Keogh, Eamonn and Lin, Jessica},
  journal={Knowledge and information systems},
  volume={8},
  number={2},
  pages={154--177},
  year={2005},
  publisher={Springer}
}

@inproceedings{zbontar2021barlow,
  title={Barlow twins: Self-supervised learning via redundancy reduction},
  author={Zbontar, Jure and Jing, Li and Misra, Ishan and LeCun, Yann and Deny, St{\'e}phane},
  booktitle={International Conference on Machine Learning},
  pages={12310--12320},
  year={2021},
  organization={PMLR}
}


@inproceedings{yeh2016matrix,
  title={Matrix profile III: the matrix profile allows visualization of salient subsequences in massive time series},
  author={Yeh, Chin-Chia Michael and Van Herle, Helga and Keogh, Eamonn},
  booktitle={2016 IEEE 16th international conference on data mining (ICDM)},
  pages={579--588},
  year={2016},
  organization={IEEE}
}

% hard neg example
@article{kalantidis2020hard,
  title={Hard negative mixing for contrastive learning},
  author={Kalantidis, Yannis and Sariyildiz, Mert Bulent and Pion, Noe and Weinzaepfel, Philippe and Larlus, Diane},
  journal={Advances in Neural Information Processing Systems},
  volume={33},
  pages={21798--21809},
  year={2020}
}

@inproceedings{hernandez2016rainfall,
  title={Rainfall prediction: A deep learning approach},
  author={Hern{\'a}ndez, Emilcy and Sanchez-Anguix, Victor and Julian, Vicente and Palanca, Javier and Duque, N{\'e}stor},
  booktitle={International conference on hybrid artificial intelligence systems},
  pages={151--162},
  year={2016},
  organization={Springer}
}



@inproceedings{gensler2016deep,
  title={Deep Learning for solar power forecastingâ€”An approach using AutoEncoder and LSTM Neural Networks},
  author={Gensler, Andr{\'e} and Henze, Janosch and Sick, Bernhard and Raabe, Nils},
  booktitle={2016 IEEE international conference on systems, man, and cybernetics (SMC)},
  pages={002858--002865},
  year={2016},
  organization={IEEE}
}

@article{sharadga2020time,
  title={Time series forecasting of solar power generation for large-scale photovoltaic plants},
  author={Sharadga, Hussein and Hajimirza, Shima and Balog, Robert S},
  journal={Renewable Energy},
  volume={150},
  pages={797--807},
  year={2020},
  publisher={Elsevier}
}

@inproceedings{aswin2018deep,
  title={Deep learning models for the prediction of rainfall},
  author={Aswin, S and Geetha, P and Vinayakumar, R},
  booktitle={2018 International Conference on Communication and Signal Processing (ICCSP)},
  pages={0657--0661},
  year={2018},
  organization={IEEE}
}

@inproceedings{salman2015weather,
  title={Weather forecasting using deep learning techniques},
  author={Salman, Afan Galih and Kanigoro, Bayu and Heryadi, Yaya},
  booktitle={2015 international conference on advanced computer science and information systems (ICACSIS)},
  pages={281--285},
  year={2015},
  organization={Ieee}
}

@article{wang2013bag,
  title={Bag-of-words representation for biomedical time series classification},
  author={Wang, Jin and Liu, Ping and She, Mary FH and Nahavandi, Saeid and Kouzani, Abbas},
  journal={Biomedical Signal Processing and Control},
  volume={8},
  number={6},
  pages={634--644},
  year={2013},
  publisher={Elsevier}
}

@article{kampouraki2008heartbeat,
  title={Heartbeat time series classification with support vector machines},
  author={Kampouraki, Argyro and Manis, George and Nikou, Christophoros},
  journal={IEEE transactions on information technology in biomedicine},
  volume={13},
  number={4},
  pages={512--518},
  year={2008},
  publisher={IEEE}
}
@article{banerjee2013application,
  title={Application of cross wavelet transform for ECG pattern analysis and classification},
  author={Banerjee, Swati and Mitra, Madhuchhanda},
  journal={IEEE transactions on instrumentation and measurement},
  volume={63},
  number={2},
  pages={326--333},
  year={2013},
  publisher={IEEE}
}

@article{chaovalitwongse2006electroencephalogram,
  title={Electroencephalogram (EEG) time series classification: Applications in epilepsy},
  author={Chaovalitwongse, Wanpracha Art and Prokopyev, Oleg A and Pardalos, Panos M},
  journal={Annals of Operations Research},
  volume={148},
  number={1},
  pages={227--250},
  year={2006},
  publisher={Springer}
}

@article{baisch1999spectral,
  title={Spectral analysis with incomplete time series: an example from seismology},
  author={Baisch, Stefan and Bokelmann, G{\"o}tz HR},
  journal={Computers \& Geosciences},
  volume={25},
  number={7},
  pages={739--750},
  year={1999},
  publisher={Elsevier}
}

@article{takanami1991estimation,
  title={Estimation of the arrival times of seismic waves by multivariate time series model},
  author={Takanami, Tetsuo and Kitagawa, Genshiro},
  journal={Annals of the Institute of Statistical mathematics},
  volume={43},
  number={3},
  pages={407--433},
  year={1991},
  publisher={Springer}
}

@book{varotsos2011natural,
  title={Natural time analysis: the new view of time: precursory seismic electric signals, earthquakes and other complex time series},
  author={Varotsos, Panayiotis and Sarlis, Nicholas V and Skordas, Efthimios S},
  year={2011},
  publisher={Springer Science \& Business Media}
}

@article{lara2012survey,
  title={A survey on human activity recognition using wearable sensors},
  author={Lara, Oscar D and Labrador, Miguel A},
  journal={IEEE communications surveys \& tutorials},
  volume={15},
  number={3},
  pages={1192--1209},
  year={2012},
  publisher={IEEE}
}

@inproceedings{bieber2013sensor,
  title={Sensor requirements for activity recognition on smart watches},
  author={Bieber, Gerald and Haescher, Marian and Vahl, Matthias},
  booktitle={Proceedings of the 6th International Conference on PErvasive Technologies Related to Assistive Environments},
  pages={1--6},
  year={2013}
}

@article{habib2014smartphone,
  title={Smartphone-based solutions for fall detection and prevention: challenges and open issues},
  author={Habib, Mohammad Ashfak and Mohktar, Mas S and Kamaruzzaman, Shahrul Bahyah and Lim, Kheng Seang and Pin, Tan Maw and Ibrahim, Fatimah},
  journal={Sensors},
  volume={14},
  number={4},
  pages={7181--7208},
  year={2014},
  publisher={MDPI}
}

@article{al2021towards,
  title={Towards an accelerometer-based elderly fall detection system using cross-disciplinary time series features},
  author={Al Nahian, Md Jaber and Ghosh, Tapotosh and Al Banna, Md Hasan and Aseeri, Mohammed A and Uddin, Mohammed Nasir and Ahmed, Muhammad Raisuddin and Mahmud, Mufti and Kaiser, M Shamim},
  journal={IEEE Access},
  volume={9},
  pages={39413--39431},
  year={2021},
  publisher={IEEE}
}

@article{deng2010eog,
  title={EOG-based Human--Computer Interface system development},
  author={Deng, Lawrence Y and Hsu, Chun-Liang and Lin, Tzu-Ching and Tuan, Jui-Sen and Chang, Shih-Ming},
  journal={Expert Systems with Applications},
  volume={37},
  number={4},
  pages={3337--3343},
  year={2010},
  publisher={Elsevier}
}

@article{vishwakarma2013survey,
  title={A survey on activity recognition and behavior understanding in video surveillance},
  author={Vishwakarma, Sarvesh and Agrawal, Anupam},
  journal={The Visual Computer},
  volume={29},
  number={10},
  pages={983--1009},
  year={2013},
  publisher={Springer}
}

@article{fatima2013unified,
  title={A unified framework for activity recognition-based behavior analysis and action prediction in smart homes},
  author={Fatima, Iram and Fahim, Muhammad and Lee, Young-Koo and Lee, Sungyoung},
  journal={Sensors},
  volume={13},
  number={2},
  pages={2682--2699},
  year={2013},
  publisher={Molecular Diversity Preservation International (MDPI)}
}

@article{martens2007robust,
  title={A robust fetal ECG detection method for abdominal recordings},
  author={Martens, Suzanna MM and Rabotti, Chiara and Mischi, Massimo and Sluijter, Rob J},
  journal={Physiological measurement},
  volume={28},
  number={4},
  pages={373},
  year={2007},
  publisher={IOP Publishing}
}

@article{clifford2014non,
  title={Non-invasive fetal ECG analysis},
  author={Clifford, Gari D and Silva, Ikaro and Behar, Joachim and Moody, George B},
  journal={Physiological measurement},
  volume={35},
  number={8},
  pages={1521},
  year={2014},
  publisher={IOP Publishing}
}

@article{alotaiby2014eeg,
  title={EEG seizure detection and prediction algorithms: a survey},
  author={Alotaiby, Turkey N and Alshebeili, Saleh A and Alshawi, Tariq and Ahmad, Ishtiaq and El-Samie, Abd and Fathi, E},
  journal={EURASIP Journal on Advances in Signal Processing},
  volume={2014},
  number={1},
  pages={1--21},
  year={2014},
  publisher={SpringerOpen}
}

@inproceedings{mohseni2006seizure,
  title={Seizure detection in EEG signals: A comparison of different approaches},
  author={Mohseni, Hamid R and Maghsoudi, Arash and Shamsollahi, Mohammad B},
  booktitle={2006 International conference of the IEEE engineering in medicine and biology society},
  pages={6724--6727},
  year={2006},
  organization={IEEE}
}

@article{imhoff2009smart,
  title={Smart alarms from medical devices in the OR and ICU},
  author={Imhoff, Michael and Kuhls, Silvia and Gather, Ursula and Fried, Roland},
  journal={Best Practice \& Research Clinical Anaesthesiology},
  volume={23},
  number={1},
  pages={39--50},
  year={2009},
  publisher={Elsevier}
}

@article{schmid2013patient,
  title={Patient monitoring alarms in the ICU and in the operating room},
  author={Schmid, Felix and Goepfert, Matthias S and Reuter, Daniel A},
  journal={Critical care},
  volume={17},
  number={2},
  pages={1--7},
  year={2013},
  publisher={Springer}
}

@inproceedings{wang2015machine,
  title={A machine learning approach to false alarm detection for critical arrhythmia alarms},
  author={Wang, Xing and Gao, Yifeng and Lin, Jessica and Rangwala, Huzefa and Mittu, Ranjeev},
  booktitle={2015 IEEE 14th international conference on machine learning and applications (ICMLA)},
  pages={202--207},
  year={2015},
  organization={IEEE}
}

@article{franceschi2019unsupervised,
  title={Unsupervised scalable representation learning for multivariate time series},
  author={Franceschi, Jean-Yves and Dieuleveut, Aymeric and Jaggi, Martin},
  journal={Advances in neural information processing systems},
  volume={32},
  year={2019}
}

@article{paparrizos2019grail,
  title={Grail: efficient time-series representation learning},
  author={Paparrizos, John and Franklin, Michael J},
  journal={Proceedings of the VLDB Endowment},
  volume={12},
  number={11},
  pages={1762--1777},
  year={2019},
  publisher={VLDB Endowment}
}

@inproceedings{zerveas2021transformer,
  title={A transformer-based framework for multivariate time series representation learning},
  author={Zerveas, George and Jayaraman, Srideepika and Patel, Dhaval and Bhamidipaty, Anuradha and Eickhoff, Carsten},
  booktitle={Proceedings of the 27th ACM SIGKDD Conference on Knowledge Discovery \& Data Mining},
  pages={2114--2124},
  year={2021}
}

@article{kazemi2019time2vec,
  title={Time2vec: Learning a vector representation of time},
  author={Kazemi, Seyed Mehran and Goel, Rishab and Eghbali, Sepehr and Ramanan, Janahan and Sahota, Jaspreet and Thakur, Sanjay and Wu, Stella and Smyth, Cathal and Poupart, Pascal and Brubaker, Marcus},
  journal={arXiv preprint arXiv:1907.05321},
  year={2019}
}

@article{fortuin2018som,
  title={Som-vae: Interpretable discrete representation learning on time series},
  author={Fortuin, Vincent and H{\"u}ser, Matthias and Locatello, Francesco and Strathmann, Heiko and R{\"a}tsch, Gunnar},
  journal={arXiv preprint arXiv:1806.02199},
  year={2018}
}

@article{hills2014classification,
  title={Classification of time series by shapelet transformation},
  author={Hills, Jon and Lines, Jason and Baranauskas, Edgaras and Mapp, James and Bagnall, Anthony},
  journal={Data mining and knowledge discovery},
  volume={28},
  number={4},
  pages={851--881},
  year={2014},
  publisher={Springer}
}

@inproceedings{zhai2019s4l,
  title={S4l: Self-supervised semi-supervised learning},
  author={Zhai, Xiaohua and Oliver, Avital and Kolesnikov, Alexander and Beyer, Lucas},
  booktitle={Proceedings of the IEEE/CVF International Conference on Computer Vision},
  pages={1476--1485},
  year={2019}
}

@article{hendrycks2019using,
  title={Using self-supervised learning can improve model robustness and uncertainty},
  author={Hendrycks, Dan and Mazeika, Mantas and Kadavath, Saurav and Song, Dawn},
  journal={Advances in neural information processing systems},
  volume={32},
  year={2019}
}

@inproceedings{keogh2005hot,
  title={Hot sax: Efficiently finding the most unusual time series subsequence},
  author={Keogh, Eamonn and Lin, Jessica and Fu, Ada},
  booktitle={Fifth IEEE International Conference on Data Mining (ICDM'05)},
  pages={8--pp},
  year={2005},
  organization={Ieee}
}

@inproceedings{senin2015time,
  title={Time series anomaly discovery with grammar-based compression.},
  author={Senin, Pavel and Lin, Jessica and Wang, Xing and Oates, Tim and Gandhi, Sunil and Boedihardjo, Arnold P and Chen, Crystal and Frankenstein, Susan},
  booktitle={Edbt},
  pages={481--492},
  year={2015}
}
@inproceedings{zhang2020semantic,
  title={Semantic Discord: Finding unusual local patterns for time series},
  author={Zhang, Li and Gao, Yifeng and Lin, Jessica},
  booktitle={Proceedings of the 2020 SIAM International Conference on Data Mining},
  pages={136--144},
  year={2020},
  organization={SIAM}
}


@article{gao2020ensemble,
  title={Ensemble Grammar Induction For Detecting Anomalies in Time Series},
  author={Gao, Yifeng and Lin, Jessica and Brif, Constantin},
  journal={arXiv preprint arXiv:2001.11102},
  year={2020}
}

@article{mueen2015enumeration,
  title={Enumeration of time series motifs of all lengths},
  author={Mueen, Abdullah and Chavoshi, Nikan},
  journal={Knowledge and Information Systems},
  volume={45},
  number={1},
  pages={105--132},
  year={2015},
  publisher={Springer}
}

@article{mueen2014time,
  title={Time series motif discovery: dimensions and applications},
  author={Mueen, Abdullah},
  journal={Wiley Interdisciplinary Reviews: Data Mining and Knowledge Discovery},
  volume={4},
  number={2},
  pages={152--159},
  year={2014},
  publisher={Wiley Online Library}
}


@article{eldele2021time,
  title={Time-series representation learning via temporal and contextual contrasting},
  author={Eldele, Emadeldeen and Ragab, Mohamed and Chen, Zhenghua and Wu, Min and Kwoh, Chee Keong and Li, Xiaoli and Guan, Cuntai},
  journal={arXiv preprint arXiv:2106.14112},
  year={2021}
}

@article{tonekaboni2021unsupervised,
  title={Unsupervised representation learning for time series with temporal neighborhood coding},
  author={Tonekaboni, Sana and Eytan, Danny and Goldenberg, Anna},
  journal={arXiv preprint arXiv:2106.00750},
  year={2021}
}

@inproceedings{he2020momentum,
  title={Momentum contrast for unsupervised visual representation learning},
  author={He, Kaiming and Fan, Haoqi and Wu, Yuxin and Xie, Saining and Girshick, Ross},
  booktitle={Proceedings of the IEEE/CVF conference on computer vision and pattern recognition},
  pages={9729--9738},
  year={2020}
}

@article{jang2018grasp2vec,
  title={Grasp2vec: Learning object representations from self-supervised grasping},
  author={Jang, Eric and Devin, Coline and Vanhoucke, Vincent and Levine, Sergey},
  journal={arXiv preprint arXiv:1811.06964},
  year={2018}
}

@inproceedings{yue2022ts2vec,
  title={Ts2vec: Towards universal representation of time series},
  author={Yue, Zhihan and Wang, Yujing and Duan, Juanyong and Yang, Tianmeng and Huang, Congrui and Tong, Yunhai and Xu, Bixiong},
  booktitle={Proceedings of the AAAI Conference on Artificial Intelligence},
  volume={36},
  number={8},
  pages={8980--8987},
  year={2022}
}

@article{gidaris2018unsupervised,
  title={Unsupervised representation learning by predicting image rotations},
  author={Gidaris, Spyros and Singh, Praveer and Komodakis, Nikos},
  journal={arXiv preprint arXiv:1803.07728},
  year={2018}
}

@article{oord2016wavenet,
  title={Wavenet: A generative model for raw audio},
  author={Oord, Aaron van den and Dieleman, Sander and Zen, Heiga and Simonyan, Karen and Vinyals, Oriol and Graves, Alex and Kalchbrenner, Nal and Senior, Andrew and Kavukcuoglu, Koray},
  journal={arXiv preprint arXiv:1609.03499},
  year={2016}
}

@article{yoon2019time,
  title={Time-series generative adversarial networks},
  author={Yoon, Jinsung and Jarrett, Daniel and Van der Schaar, Mihaela},
  journal={Advances in neural information processing systems},
  volume={32},
  year={2019}
}

@inproceedings{keogh2001derivative,
  title={Derivative dynamic time warping},
  author={Keogh, Eamonn J and Pazzani, Michael J},
  booktitle={Proceedings of the 2001 SIAM international conference on data mining},
  pages={1--11},
  year={2001},
  organization={SIAM}
}

@article{rakthanmanon2012mdl,
  title={MDL-based time series clustering},
  author={Rakthanmanon, Thanawin and Keogh, Eamonn J and Lonardi, Stefano and Evans, Scott},
  journal={Knowledge and information systems},
  volume={33},
  number={2},
  pages={371--399},
  year={2012},
  publisher={Springer}
}

@inproceedings{linardi2018matrix,
  title={Matrix profile X: VALMOD-scalable discovery of variable-length motifs in data series},
  author={Linardi, Michele and Zhu, Yan and Palpanas, Themis and Keogh, Eamonn},
  booktitle={Proceedings of the 2018 International Conference on Management of Data},
  pages={1053--1066},
  year={2018}
}

@article{wu2021autoformer,
  title={Autoformer: Decomposition transformers with auto-correlation for long-term series forecasting},
  author={Wu, Haixu and Xu, Jiehui and Wang, Jianmin and Long, Mingsheng},
  journal={Advances in Neural Information Processing Systems},
  volume={34},
  pages={22419--22430},
  year={2021}
}

@inproceedings{lin2021motif2vec,
  title={motif2vec: Semantic-aware Representation Learning for Wearables' Time Series Data},
  author={Lin, Suwen and Wu, Xian and Chawla, Nitesh V},
  booktitle={2021 IEEE 8th International Conference on Data Science and Advanced Analytics (DSAA)},
  pages={1--10},
  year={2021},
  organization={IEEE}
}


@article{grill2020bootstrap,
  title={Bootstrap your own latent-a new approach to self-supervised learning},
  author={Grill, Jean-Bastien and Strub, Florian and Altch{\'e}, Florent and Tallec, Corentin and Richemond, Pierre and Buchatskaya, Elena and Doersch, Carl and Avila Pires, Bernardo and Guo, Zhaohan and Gheshlaghi Azar, Mohammad and others},
  journal={Advances in neural information processing systems},
  volume={33},
  pages={21271--21284},
  year={2020}
}

@article{chen2020improved,
  title={Improved baselines with momentum contrastive learning},
  author={Chen, Xinlei and Fan, Haoqi and Girshick, Ross and He, Kaiming},
  journal={arXiv preprint arXiv:2003.04297},
  year={2020}
}

@inproceedings{misra2020self,
  title={Self-supervised learning of pretext-invariant representations},
  author={Misra, Ishan and Maaten, Laurens van der},
  booktitle={Proceedings of the IEEE/CVF Conference on Computer Vision and Pattern Recognition},
  pages={6707--6717},
  year={2020}
}


@inproceedings{wang2016rpm,
  title={RPM: Representative Pattern Mining for Efficient Time Series Classification.},
  author={Wang, Xing and Lin, Jessica and Senin, Pavel and Oates, Tim and Gandhi, Sunil and Boedihardjo, Arnold P and Chen, Crystal and Frankenstein, Susan},
  booktitle={EDBT},
  pages={185--196},
  year={2016}
}

@article{gao2019hime,
  title={HIME: discovering variable-length motifs in large-scale time series},
  author={Gao, Yifeng and Lin, Jessica},
  journal={Knowledge and Information Systems},
  volume={61},
  number={1},
  pages={513--542},
  year={2019},
  publisher={Springer}
}
@inproceedings{mueen2009exact,
  title={Exact discovery of time series motifs},
  author={Mueen, Abdullah and Keogh, Eamonn and Zhu, Qiang and Cash, Sydney and Westover, Brandon},
  booktitle={Proceedings of the 2009 SIAM international conference on data mining},
  pages={473--484},
  year={2009},
  organization={SIAM}
}

@article{li2021time,
  title={Time series clustering in linear time complexity},
  author={Li, Xiaosheng and Lin, Jessica and Zhao, Liang},
  journal={Data Mining and Knowledge Discovery},
  volume={35},
  number={6},
  pages={2369--2388},
  year={2021},
  publisher={Springer}
}

@inproceedings{shokoohi2015discovery,
  title={Discovery of meaningful rules in time series},
  author={Shokoohi-Yekta, Mohammad and Chen, Yanping and Campana, Bilson and Hu, Bing and Zakaria, Jesin and Keogh, Eamonn},
  booktitle={Proceedings of the 21th ACM SIGKDD international conference on knowledge discovery and data mining},
  pages={1085--1094},
  year={2015}
}

@inproceedings{luo2018cosine,
  title={Cosine normalization: Using cosine similarity instead of dot product in neural networks},
  author={Luo, Chunjie and Zhan, Jianfeng and Xue, Xiaohe and Wang, Lei and Ren, Rui and Yang, Qiang},
  booktitle={International Conference on Artificial Neural Networks},
  pages={382--391},
  year={2018},
  organization={Springer}
}

@inproceedings{zhou2021informer,
  title={Informer: Beyond efficient transformer for long sequence time-series forecasting},
  author={Zhou, Haoyi and Zhang, Shanghang and Peng, Jieqi and Zhang, Shuai and Li, Jianxin and Xiong, Hui and Zhang, Wancai},
  booktitle={Proceedings of the AAAI Conference on Artificial Intelligence},
  volume={35},
  number={12},
  pages={11106--11115},
  year={2021}
}

@inproceedings{song2018deep,
  title={Deep r-th root of rank supervised joint binary embedding for multivariate time series retrieval},
  author={Song, Dongjin and Xia, Ning and Cheng, Wei and Chen, Haifeng and Tao, Dacheng},
  booktitle={Proceedings of the 24th ACM SIGKDD International Conference on Knowledge Discovery \& Data Mining},
  pages={2229--2238},
  year={2018}
}

@inproceedings{zhang2020tapnet,
  title={Tapnet: Multivariate time series classification with attentional prototypical network},
  author={Zhang, Xuchao and Gao, Yifeng and Lin, Jessica and Lu, Chang-Tien},
  booktitle={Proceedings of the AAAI Conference on Artificial Intelligence},
  volume={34},
  number={04},
  pages={6845--6852},
  year={2020}
}

@article{funde2019motif,
  title={Motif-based association rule mining and clustering technique for determining energy usage patterns for smart meter data},
  author={Funde, Nitesh A and Dhabu, Meera M and Paramasivam, Aarthi and Deshpande, Parag S},
  journal={Sustainable Cities and Society},
  volume={46},
  pages={101415},
  year={2019},
  publisher={Elsevier}
}

@inproceedings{shao2012temporal,
  title={A temporal motif mining approach to unsupervised energy disaggregation},
  author={Shao, Huijuan and Marwah, Manish and Ramakrishnan, Naren},
  booktitle={Proceedings of the 1st International Workshop on Non-Intrusive Load Monitoring, Pittsburgh, PA, USA},
  volume={7},
  year={2012}
}

@inproceedings{kamath2012finding,
  title={Finding motifs in wind generation time series data},
  author={Kamath, Chandrika and Fan, Ya Ju},
  booktitle={2012 11th International Conference on Machine Learning and Applications},
  volume={2},
  pages={481--486},
  year={2012},
  organization={IEEE}
}

@article{liu2015efficient,
  title={Efficient motif discovery for large-scale time series in healthcare},
  author={Liu, Bo and Li, Jianqiang and Chen, Cheng and Tan, Wei and Chen, Qiang and Zhou, MengChu},
  journal={IEEE Transactions on Industrial Informatics},
  volume={11},
  number={3},
  pages={583--590},
  year={2015},
  publisher={IEEE}
}

@article{sivaraks2015robust,
  title={Robust and accurate anomaly detection in ECG artifacts using time series motif discovery},
  author={Sivaraks, Haemwaan and Ratanamahatana, Chotirat Ann},
  journal={Computational and mathematical methods in medicine},
  volume={2015},
  year={2015},
  publisher={Hindawi}
}


@article{gao2018exploring,
  title={Exploring variable-length time series motifs in one hundred million length scale},
  author={Gao, Yifeng and Lin, Jessica},
  journal={Data Mining and Knowledge Discovery},
  volume={32},
  number={5},
  pages={1200--1228},
  year={2018},
  publisher={Springer}
}

@inproceedings{gao2019discovering,
  title={Discovering subdimensional motifs of different lengths in large-scale multivariate time series},
  author={Gao, Yifeng and Lin, Jessica},
  booktitle={2019 IEEE International Conference on Data Mining (ICDM)},
  pages={220--229},
  year={2019},
  organization={IEEE}
}

@inproceedings{gao2017efficient,
  title={Efficient discovery of time series motifs with large length range in million scale time series},
  author={Gao, Yifeng and Lin, Jessica},
  booktitle={2017 IEEE International Conference on Data Mining (ICDM)},
  pages={1213--1222},
  year={2017},
  organization={IEEE}
}

@article{van2008visualizing,
  title={Visualizing data using t-SNE.},
  author={Van der Maaten, Laurens and Hinton, Geoffrey},
  journal={Journal of machine learning research},
  volume={9},
  number={11},
  year={2008}
}

@article{zhang2022self,
  title={Self-supervised contrastive pre-training for time series via time-frequency consistency},
  author={Zhang, Xiang and Zhao, Ziyuan and Tsiligkaridis, Theodoros and Zitnik, Marinka},
  journal={Advances in Neural Information Processing Systems},
  volume={35},
  pages={3988--4003},
  year={2022}
}