@article{brin1998anatomy,
  title={The anatomy of a large-scale hypertextual web search engine},
  author={Brin, Sergey and Page, Lawrence},
  journal={Computer networks and ISDN systems},
  volume={30},
  number={1-7},
  pages={107--117},
  year={1998},
  publisher={Elsevier}
}

@inproceedings{carlsson2001rise,
  title={The rise and fall of napster-an evolutionary approach},
  author={Carlsson, Bengt and Gustavsson, Rune},
  booktitle={International Computer Science Conference on Active Media Technology},
  pages={347--354},
  year={2001},
  organization={Springer}
}

@article{cho2008content,
  title={Content-oriented networking as a future internet infrastructure: Concepts, strengths, and application scenarios},
  author={Cho, Kideok and Choi, Jaeyoung and Ko, Dong-il Diko and Kwon, Taekyoung and Choi, Yanghee},
  journal={Future Internet Technologies},
  year={2008},
  publisher={Citeseer}
}

@inproceedings{crespo2004semantic,
  title={Semantic overlay networks for p2p systems},
  author={Crespo, Arturo and Garcia-Molina, Hector},
  booktitle={International Workshop on Agents and P2P Computing},
  pages={1--13},
  year={2004},
  organization={Springer}
}

@article{deerwester1990indexing,
  title={Indexing by latent semantic analysis},
  author={Deerwester, Scott and Dumais, Susan T and Furnas, George W and Landauer, Thomas K and Harshman, Richard},
  journal={Journal of the American society for information science},
  volume={41},
  number={6},
  pages={391--407},
  year={1990},
  publisher={Wiley Online Library}
}

@article{gasteiger2018predict,
  title={Predict then propagate: Graph neural networks meet personalized pagerank},
  author={Gasteiger, Johannes and Bojchevski, Aleksandar and G{\"u}nnemann, Stephan},
  journal={arXiv preprint arXiv:1810.05997},
  year={2018}
}

@inproceedings{giatsoglou2022graph,
  title={A Graph Diffusion Scheme for Decentralized Content Search based on Personalized PageRank},
  author={Giatsoglou, Nikolaos and Krasanakis, Emmanouil and Papadopoulos, Symeon and Kompatsiaris, Ioannis},
  booktitle={2022 IEEE 42nd International Conference on Distributed Computing Systems Workshops (ICDCSW)},
  pages={53--59},
  year={2022},
  organization={IEEE}
}

@article{johnson2024detailed,
  title={A detailed review on word embedding techniques with emphasis on word2vec},
  author={Johnson, S Joshua and Murty, M Ramakrishna and Navakanth, I},
  journal={Multimedia Tools and Applications},
  volume={83},
  number={13},
  pages={37979--38007},
  year={2024},
  publisher={Springer}
}

@inproceedings{kenton2019bert,
  title={Bert: Pre-training of deep bidirectional transformers for language understanding},
  author={Kenton, Jacob Devlin Ming-Wei Chang and Toutanova, Lee Kristina},
  booktitle={Proceedings of naacL-HLT},
  volume={1},
  pages={2},
  year={2019},
  organization={Minneapolis, Minnesota}
}

@inproceedings{li2003feasibility,
  title={On the feasibility of peer-to-peer web indexing and search},
  author={Li, Jinyang and Loo, Boon Thau and Hellerstein, Joseph M and Kaashoek, M Frans and Karger, David R and Morris, Robert},
  booktitle={International Workshop on Peer-to-Peer Systems},
  pages={207--215},
  year={2003},
  organization={Springer}
}

@article{liang2005kazaa,
  title={The kazaa overlay: A measurement study},
  author={Liang, Jian and Kumar, Rakesh and Ross, Keith W},
  journal={Computer networks journal (Elsevier)},
  volume={49},
  number={6},
  year={2005}
}

@inproceedings{maymounkov2002kademlia,
  title={Kademlia: A peer-to-peer information system based on the xor metric},
  author={Maymounkov, Petar and Mazieres, David},
  booktitle={International Workshop on Peer-to-Peer Systems},
  pages={53--65},
  year={2002},
  organization={Springer}
}

@article{min2023recent,
  title={Recent advances in natural language processing via large pre-trained language models: A survey},
  author={Min, Bonan and Ross, Hayley and Sulem, Elior and Veyseh, Amir Pouran Ben and Nguyen, Thien Huu and Sainz, Oscar and Agirre, Eneko and Heintz, Ilana and Roth, Dan},
  journal={ACM Computing Surveys},
  volume={56},
  number={2},
  pages={1--40},
  year={2023},
  publisher={ACM New York, NY}
}

@techreport{nakamoto2008bitcoin,
  title={Bitcoin: A peer-to-peer electronic cash system},
  author={Nakamoto, Satoshi},
  year={2008}
}

@inproceedings{neague2024dsi,
  title={De-DSI: Decentralised Differentiable Search Index},
  author={Neague, Petru and Gregoriadis, Marcel and Pouwelse, Johan},
  booktitle={Proceedings of the 4th Workshop on Machine Learning and Systems},
  pages={134--143},
  year={2024}
}

@inproceedings{pennington2014glove,
  title={Glove: Global vectors for word representation},
  author={Pennington, Jeffrey and Socher, Richard and Manning, Christopher D},
  booktitle={Proceedings of the 2014 conference on empirical methods in natural language processing (EMNLP)},
  pages={1532--1543},
  year={2014}
}

@article{rostam2024achieving,
  title={Achieving Peak Performance for Large Language Models: A Systematic Review},
  author={Rostam, Zhyar Rzgar K and Sz{\'e}n{\'a}si, S{\'a}ndor and Kert{\'e}sz, G{\'a}bor},
  journal={IEEE Access},
  year={2024},
  publisher={IEEE}
}

@article{stoica2003chord,
  title={Chord: a scalable peer-to-peer lookup protocol for internet applications},
  author={Stoica, Ion and Morris, Robert and Liben-Nowell, David and Karger, David R and Kaashoek, M Frans and Dabek, Frank and Balakrishnan, Hari},
  journal={IEEE/ACM Transactions on networking},
  volume={11},
  number={1},
  pages={17--32},
  year={2003},
  publisher={IEEE}
}

@inproceedings{tang2003peer,
  title={Peer-to-peer information retrieval using self-organizing semantic overlay networks},
  author={Tang, Chunqiang and Xu, Zhichen and Dwarkadas, Sandhya},
  booktitle={Proceedings of the 2003 conference on Applications, technologies, architectures, and protocols for computer communications},
  pages={175--186},
  year={2003}
}

@article{tay2022transformer,
  title={Transformer memory as a differentiable search index},
  author={Tay, Yi and Tran, Vinh and Dehghani, Mostafa and Ni, Jianmo and Bahri, Dara and Mehta, Harsh and Qin, Zhen and Hui, Kai and Zhao, Zhe and Gupta, Jai and others},
  journal={Advances in Neural Information Processing Systems},
  volume={35},
  pages={21831--21843},
  year={2022}
}

@book{vansteen2018distributed,
  title={Distributed systems},
  author={Van Steen, Maarten and Tanenbaum, Andrew S},
  year={2018},
  publisher={Maarten van Steen Leiden, The Netherlands}
}

@article{vasilakos2015information,
  title={Information centric network: Research challenges and opportunities},
  author={Vasilakos, Athanasios V and Li, Zhe and Simon, Gwendal and You, Wei},
  journal={Journal of network and computer applications},
  volume={52},
  pages={1--10},
  year={2015},
  publisher={Elsevier}
}

@article{vaswani2017attention,
  title={Attention is all you need},
  author={Vaswani, A},
  journal={Advances in Neural Information Processing Systems},
  year={2017}
}

@article{wood2014ethereum,
  title={Ethereum: A secure decentralised generalised transaction ledger},
  author={Wood, Gavin and others},
  journal={Ethereum project yellow paper},
  volume={151},
  number={2014},
  pages={1--32},
  year={2014}
}

@article{zhang2011comparative,
  title={A comparative study of TF* IDF, LSI and multi-words for text classification},
  author={Zhang, Wen and Yoshida, Taketoshi and Tang, Xijin},
  journal={Expert systems with applications},
  volume={38},
  number={3},
  pages={2758--2765},
  year={2011},
  publisher={Elsevier}
}

