@misc{Nostalgebraist2020,
  title={interpreting GPT: the logit lens},
  author={nostalgebraist},
  url={https://www.lesswrong.com/posts/AcKRB8wDpdaN6v6ru/interpreting-gpt-the-logit-lens},
  year={2020}
}

@article{azaria2023internal,
  title={The internal state of an LLM knows when it's lying},
  author={Azaria, Amos and Mitchell, Tom},
  journal={arXiv preprint arXiv:2304.13734},
  year={2023}
}

@article{bills2023language,
  title={Language models can explain neurons in language models},
  author={Bills, Steven and Cammarata, Nick and Mossing, Dan and Tillman, Henk and Gao, Leo and Goh, Gabriel and Sutskever, Ilya and Leike, Jan and Wu, Jeff and Saunders, William},
  journal={URL https://openaipublic. blob. core. windows. net/neuron-explainer/paper/index. html.(Date accessed: 14.05. 2023)},
  volume={2},
  year={2023}
}

@article{cahyawijaya2024high,
  title={High-Dimension Human Value Representation in Large Language Models},
  author={Cahyawijaya, Samuel and Chen, Delong and Bang, Yejin and Khalatbari, Leila and Wilie, Bryan and Ji, Ziwei and Ishii, Etsuko and Fung, Pascale},
  journal={arXiv preprint arXiv:2404.07900},
  year={2024}
}

@inproceedings{chen2020simple,
  title={A simple framework for contrastive learning of visual representations},
  author={Chen, Ting and Kornblith, Simon and Norouzi, Mohammad and Hinton, Geoffrey},
  booktitle={International conference on machine learning},
  pages={1597--1607},
  year={2020},
  organization={PMLR}
}

@article{chen2024selfie,
  title={Selfie: Self-interpretation of large language model embeddings},
  author={Chen, Haozhe and Vondrick, Carl and Mao, Chengzhi},
  journal={arXiv preprint arXiv:2403.10949},
  year={2024}
}

@article{dang2024explainable,
  title={Explainable and interpretable multimodal large language models: A comprehensive survey},
  author={Dang, Yunkai and Huang, Kaichen and Huo, Jiahao and Yan, Yibo and Huang, Sirui and Liu, Dongrui and Gao, Mengxi and Zhang, Jie and Qian, Chen and Wang, Kun and others},
  journal={arXiv preprint arXiv:2412.02104},
  year={2024}
}

@article{gao2024scaling,
  title={Scaling and evaluating sparse autoencoders},
  author={Gao, Leo and la Tour, Tom Dupr{\'e} and Tillman, Henk and Goh, Gabriel and Troll, Rajan and Radford, Alec and Sutskever, Ilya and Leike, Jan and Wu, Jeffrey},
  journal={arXiv preprint arXiv:2406.04093},
  year={2024}
}

@article{ghandeharioun2024patchscope,
  title={Patchscope: A unifying framework for inspecting hidden representations of language models},
  author={Ghandeharioun, Asma and Caciularu, Avi and Pearce, Adam and Dixon, Lucas and Geva, Mor},
  journal={arXiv preprint arXiv:2401.06102},
  year={2024}
}

@inproceedings{he2020momentum,
  title={Momentum contrast for unsupervised visual representation learning},
  author={He, Kaiming and Fan, Haoqi and Wu, Yuxin and Xie, Saining and Girshick, Ross},
  booktitle={Proceedings of the IEEE/CVF conference on computer vision and pattern recognition},
  pages={9729--9738},
  year={2020}
}

@article{huang2023can,
  title={Can large language models explain themselves? a study of llm-generated self-explanations},
  author={Huang, Shiyuan and Mamidanna, Siddarth and Jangam, Shreedhar and Zhou, Yilun and Gilpin, Leilani H},
  journal={arXiv preprint arXiv:2310.11207},
  year={2023}
}

@article{li2024inference,
  title={Inference-time intervention: Eliciting truthful answers from a language model},
  author={Li, Kenneth and Patel, Oam and Vi{\'e}gas, Fernanda and Pfister, Hanspeter and Wattenberg, Martin},
  journal={Advances in Neural Information Processing Systems},
  volume={36},
  year={2024}
}

@article{li2024open,
  title={Open the Pandora's Box of LLMs: Jailbreaking LLMs through Representation Engineering},
  author={Li, Tianlong and Zheng, Xiaoqing and Huang, Xuanjing},
  journal={arXiv preprint arXiv:2401.06824},
  year={2024}
}

@article{li2024wmdp,
  title={The wmdp benchmark: Measuring and reducing malicious use with unlearning},
  author={Li, Nathaniel and Pan, Alexander and Gopal, Anjali and Yue, Summer and Berrios, Daniel and Gatti, Alice and Li, Justin D and Dombrowski, Ann-Kathrin and Goel, Shashwat and Phan, Long and others},
  journal={arXiv preprint arXiv:2403.03218},
  year={2024}
}

@article{lieberum2024gemma,
  title={Gemma scope: Open sparse autoencoders everywhere all at once on gemma 2},
  author={Lieberum, Tom and Rajamanoharan, Senthooran and Conmy, Arthur and Smith, Lewis and Sonnerat, Nicolas and Varma, Vikrant and Kram{\'a}r, J{\'a}nos and Dragan, Anca and Shah, Rohin and Nanda, Neel},
  journal={arXiv preprint arXiv:2408.05147},
  year={2024}
}

@article{liu2023towards,
  title={Towards the difficulty for a deep neural network to learn concepts of different complexities},
  author={Liu, Dongrui and Deng, Huiqi and Cheng, Xu and Ren, Qihan and Wang, Kangrui and Zhang, Quanshi},
  journal={Advances in Neural Information Processing Systems},
  volume={36},
  pages={41283--41304},
  year={2023}
}

@inproceedings{liu2024efficient,
  title={Efficient Detection of Toxic Prompts in Large Language Models},
  author={Liu, Yi and Yu, Junzhe and Sun, Huijia and Shi, Ling and Deng, Gelei and Chen, Yuqi and Liu, Yang},
  booktitle={Proceedings of the 39th IEEE/ACM International Conference on Automated Software Engineering},
  pages={455--467},
  year={2024}
}

@inproceedings{liu2025latent,
  title={Latent guard: a safety framework for text-to-image generation},
  author={Liu, Runtao and Khakzar, Ashkan and Gu, Jindong and Chen, Qifeng and Torr, Philip and Pizzati, Fabio},
  booktitle={European Conference on Computer Vision},
  pages={93--109},
  year={2025},
  organization={Springer}
}

@article{nye2021show,
  title={Show your work: Scratchpads for intermediate computation with language models},
  author={Nye, Maxwell and Andreassen, Anders Johan and Gur-Ari, Guy and Michalewski, Henryk and Austin, Jacob and Bieber, David and Dohan, David and Lewkowycz, Aitor and Bosma, Maarten and Luan, David and others},
  journal={arXiv preprint arXiv:2112.00114},
  year={2021}
}

@article{orgad2024llms,
  title={Llms know more than they show: On the intrinsic representation of llm hallucinations},
  author={Orgad, Hadas and Toker, Michael and Gekhman, Zorik and Reichart, Roi and Szpektor, Idan and Kotek, Hadas and Belinkov, Yonatan},
  journal={arXiv preprint arXiv:2410.02707},
  year={2024}
}

@article{qian2024dean,
  title={Dean: Deactivating the coupled neurons to mitigate fairness-privacy conflicts in large language models},
  author={Qian, Chen and Liu, Dongrui and Zhang, Jie and Liu, Yong and Shao, Jing},
  journal={arXiv preprint arXiv:2410.16672},
  year={2024}
}

@article{qian2024towards,
  title={Towards tracing trustworthiness dynamics: Revisiting pre-training period of large language models},
  author={Qian, Chen and Zhang, Jie and Yao, Wei and Liu, Dongrui and Yin, Zhenfei and Qiao, Yu and Liu, Yong and Shao, Jing},
  journal={arXiv preprint arXiv:2402.19465},
  year={2024}
}

@inproceedings{radford2021learning,
  title={Learning transferable visual models from natural language supervision},
  author={Radford, Alec and Kim, Jong Wook and Hallacy, Chris and Ramesh, Aditya and Goh, Gabriel and Agarwal, Sandhini and Sastry, Girish and Askell, Amanda and Mishkin, Pamela and Clark, Jack and others},
  booktitle={International conference on machine learning},
  pages={8748--8763},
  year={2021},
  organization={PMLR}
}

@article{ren2024identifying,
  title={Identifying semantic induction heads to understand in-context learning},
  author={Ren, Jie and Guo, Qipeng and Yan, Hang and Liu, Dongrui and Zhang, Quanshi and Qiu, Xipeng and Lin, Dahua},
  journal={arXiv preprint arXiv:2402.13055},
  year={2024}
}

@article{ren2024towards,
  title={Towards the dynamics of a dnn learning symbolic interactions},
  author={Ren, Qihan and Xu, Yang and Zhang, Junpeng and Xin, Yue and Liu, Dongrui and Zhang, Quanshi},
  journal={arXiv preprint arXiv:2407.19198},
  year={2024}
}

@article{rosati2024representation,
  title={Representation noising effectively prevents harmful fine-tuning on LLMs},
  author={Rosati, Domenic and Wehner, Jan and Williams, Kai and Bartoszcze, {\L}ukasz and Atanasov, David and Gonzales, Robie and Majumdar, Subhabrata and Maple, Carsten and Sajjad, Hassan and Rudzicz, Frank},
  journal={arXiv preprint arXiv:2405.14577},
  year={2024}
}

@inproceedings{sevastjanova2022lmfingerprints,
  title={LMFingerprints: Visual explanations of language model embedding spaces through layerwise contextualization scores},
  author={Sevastjanova, Rita and Kalouli, A and Beck, Christin and Hauptmann, Hanna and El-Assady, Mennatallah},
  booktitle={Computer Graphics Forum},
  volume={41},
  number={3},
  pages={295--307},
  year={2022},
  organization={Wiley Online Library}
}

@article{turpin2024language,
  title={Language models don't always say what they think: unfaithful explanations in chain-of-thought prompting},
  author={Turpin, Miles and Michael, Julian and Perez, Ethan and Bowman, Samuel},
  journal={Advances in Neural Information Processing Systems},
  volume={36},
  year={2024}
}

@article{wei2022chain,
  title={Chain-of-thought prompting elicits reasoning in large language models},
  author={Wei, Jason and Wang, Xuezhi and Schuurmans, Dale and Bosma, Maarten and Xia, Fei and Chi, Ed and Le, Quoc V and Zhou, Denny and others},
  journal={Advances in neural information processing systems},
  volume={35},
  pages={24824--24837},
  year={2022}
}

@inproceedings{wei2024diff,
  title={Diff-eRank: A Novel Rank-Based Metric for Evaluating Large Language Models},
  author={Wei, Lai and Tan, Zhiquan and Li, Chenghai and Wang, Jindong and Huang, Weiran},
  booktitle={The Thirty-eighth Annual Conference on Neural Information Processing Systems},
  year={2024}
}

@article{wu2024reft,
  title={Reft: Representation finetuning for language models},
  author={Wu, Zhengxuan and Arora, Aryaman and Wang, Zheng and Geiger, Atticus and Jurafsky, Dan and Manning, Christopher D and Potts, Christopher},
  journal={arXiv preprint arXiv:2404.03592},
  year={2024}
}

@article{xu2024good,
  title={Good Idea or Not, Representation of LLM Could Tell},
  author={Xu, Yi and Xue, Bo and Sheng, Shuqian and Deng, Cheng and Ding, Jiaxin and Shen, Zanwei and Fu, Luoyi and Wang, Xinbing and Zhou, Chenghu},
  journal={arXiv preprint arXiv:2409.13712},
  year={2024}
}

@article{yang2024fingerprint,
  title={A Fingerprint for Large Language Models},
  author={Yang, Zhiguang and Wu, Hanzhou},
  journal={arXiv preprint arXiv:2407.01235},
  year={2024}
}

@article{yin2024lofit,
  title={LoFiT: Localized Fine-tuning on LLM Representations},
  author={Yin, Fangcong and Ye, Xi and Durrett, Greg},
  journal={arXiv preprint arXiv:2406.01563},
  year={2024}
}

@inproceedings{zbontar2021barlow,
  title={Barlow twins: Self-supervised learning via redundancy reduction},
  author={Zbontar, Jure and Jing, Li and Misra, Ishan and LeCun, Yann and Deny, St{\'e}phane},
  booktitle={International conference on machine learning},
  pages={12310--12320},
  year={2021},
  organization={PMLR}
}

@article{zhang2024better,
  title={The better angels of machine personality: How personality relates to llm safety},
  author={Zhang, Jie and Liu, Dongrui and Qian, Chen and Gan, Ziyue and Liu, Yong and Qiao, Yu and Shao, Jing},
  journal={arXiv preprint arXiv:2407.12344},
  year={2024}
}

@article{zhang2024real,
  title={REAL: Response Embedding-based Alignment for LLMs},
  author={Zhang, Honggen and Zhao, Xufeng and Molybog, Igor and Zhang, June},
  journal={arXiv preprint arXiv:2409.17169},
  year={2024}
}

@article{zhang2024reef,
  title={Reef: Representation encoding fingerprints for large language models},
  author={Zhang, Jie and Liu, Dongrui and Qian, Chen and Zhang, Linfeng and Liu, Yong and Qiao, Yu and Shao, Jing},
  journal={arXiv preprint arXiv:2410.14273},
  year={2024}
}

@inproceedings{zhou2024explaining,
  title={Explaining generalization power of a dnn using interactive concepts},
  author={Zhou, Huilin and Zhang, Hao and Deng, Huiqi and Liu, Dongrui and Shen, Wen and Chan, Shih-Han and Zhang, Quanshi},
  booktitle={Proceedings of the AAAI Conference on Artificial Intelligence},
  volume={38},
  number={15},
  pages={17105--17113},
  year={2024}
}

@inproceedings{zou2024improving,
  title={Improving alignment and robustness with circuit breakers},
  author={Zou, Andy and Phan, Long and Wang, Justin and Duenas, Derek and Lin, Maxwell and Andriushchenko, Maksym and Kolter, J Zico and Fredrikson, Matt and Hendrycks, Dan},
  booktitle={The Thirty-eighth Annual Conference on Neural Information Processing Systems},
  year={2024}
}

