@article{du2024llms,
  title={LLMs Can Simulate Standardized Patients via Agent Coevolution},
  author={Du, Zhuoyun and Zheng, Lujie and Hu, Renjun and Xu, Yuyang and Li, Xiawei and Sun, Ying and Chen, Wei and Wu, Jian and Cai, Haolei and Ying, Haohao},
  journal={arXiv preprint arXiv:2412.11716},
  year={2024}
}

@article{gao2023s,
  title={S3: Social-network Simulation System with Large Language Model-Empowered Agents},
  author={Gao, Chen and Lan, Xiaochong and Lu, Zhihong and Mao, Jinzhu and Piao, Jinghua and Wang, Huandong and Jin, Depeng and Li, Yong},
  journal={arXiv preprint arXiv:2307.14984},
  year={2023}
}

@techreport{horton2023large,
  title={Large language models as simulated economic agents: What can we learn from homo silicus?},
  author={Horton, John J},
  year={2023},
  institution={National Bureau of Economic Research}
}

@article{jin2023surrealdriver,
  title={Surrealdriver: Designing generative driver agent simulation framework in urban contexts based on large language model},
  author={Jin, Ye and Shen, Xiaoxi and Peng, Huiling and Liu, Xiaoan and Qin, Jingli and Li, Jiayang and Xie, Jintao and Gao, Peizhong and Zhou, Guyue and Gong, Jiangtao},
  journal={arXiv preprint arXiv:2309.13193},
  year={2023}
}

@article{jin2024teachtune,
  title={TeachTune: Reviewing Pedagogical Agents Against Diverse Student Profiles with Simulated Students},
  author={Jin, Hyoungwook and Yoo, Minju and Park, Jeongeon and Lee, Yokyung and Wang, Xu and Kim, Juho},
  journal={arXiv preprint arXiv:2410.04078},
  year={2024}
}

@article{liu2024personality,
  title={Personality-aware Student Simulation for Conversational Intelligent Tutoring Systems},
  author={Liu, Zhengyuan and Yin, Stella Xin and Lin, Geyu and Chen, Nancy F},
  journal={arXiv preprint arXiv:2404.06762},
  year={2024}
}

@inproceedings{lu2024generative,
  title={Generative students: Using llm-simulated student profiles to support question item evaluation},
  author={Lu, Xinyi and Wang, Xu}

@article{ma2024students,
  title={Students rather than experts: A new ai for education pipeline to model more human-like and personalised early adolescences},
  author={Ma, Yiping and Hu, Shiyu and Li, Xuchen and Wang, Yipei and Liu, Shiqing and Cheong, Kang Hao},
  journal={arXiv preprint arXiv:2410.15701},
  year={2024}
}

@inproceedings{markel2023gpteach,
  title={Gpteach: Interactive ta training with gpt-based students},
  author={Markel, Julia M and Opferman, Steven G and Landay, James A and Piech, Chris}

@article{park2023choicemates,
  title={Choicemates: Supporting unfamiliar online decision-making with multi-agent conversational interactions},
  author={Park, Jeongeon and Min, Bryan and Son, Kihoon and Song, Jean Y and Ma, Xiaojuan and Kim, Juho},
  journal={arXiv preprint arXiv:2310.01331},
  year={2023}
}

@inproceedings{qian2024chatdev,
  title={Chatdev: Communicative agents for software development},
  author={Qian, Chen and Liu, Wei and Liu, Hongzhang and Chen, Nuo and Dang, Yufan and Li, Jiahao and Yang, Cheng and Chen, Weize and Su, Yusheng and Cong, Xin and others},
  booktitle={Proceedings of the 62nd Annual Meeting of the Association for Computational Linguistics (Volume 1: Long Papers)},
  pages={15174--15186},
  year={2024}
}

@article{williams2023epidemic,
  title={Epidemic modeling with generative agents},
  author={Williams, Ross and Hosseinichimeh, Niyousha and Majumdar, Aritra and Ghaffarzadegan, Navid},
  journal={arXiv preprint arXiv:2307.04986},
  year={2023}
}

@article{zhao2023competeai,
  title={Competeai: Understanding the competition behaviors in large language model-based agents},
  author={Zhao, Qinlin and Wang, Jindong and Zhang, Yixuan and Jin, Yiqiao and Zhu, Kaijie and Chen, Hao and Xie, Xing},
  journal={arXiv preprint arXiv:2310.17512},
  year={2023}
}

@article{zou2023wireless,
  title={Wireless multi-agent generative ai: From connected intelligence to collective intelligence},
  author={Zou, Hang and Zhao, Qiyang and Bariah, Lina and Bennis, Mehdi and Debbah, Merouane},
  journal={arXiv preprint arXiv:2307.02757},
  year={2023}
}

