% Use this file for citations not found in the ACL Anthology (contained in "anthology.bib").

@book{Aho:72,
    author  = {Alfred V. Aho and Jeffrey D. Ullman},
    title   = {The Theory of Parsing, Translation and Compiling},
    year    = "1972",
    volume  = "1",
    publisher = {Prentice-Hall},
    address = {Englewood Cliffs, NJ}
}

@book{APA:83,
    author  = {{American Psychological Association}},
    title   = {Publications Manual},
    year    = "1983",
    publisher = {American Psychological Association},
    address = {Washington, DC}
}

@article{Chandra:81,
	author = {Ashok K. Chandra and Dexter C. Kozen and Larry J. Stockmeyer},
	year = "1981",
	title = {Alternation},
	journal = {Journal of the Association for Computing Machinery},
	volume = "28",
	number = "1",
	pages = "114--133",
	doi = "10.1145/322234.322243",
}

@inproceedings{andrew2007scalable,
  title={Scalable training of {L1}-regularized log-linear models},
  author={Andrew, Galen and Gao, Jianfeng},
  booktitle={Proceedings of the 24th International Conference on Machine Learning},
  pages={33--40},
  year={2007},
}

@book{Gusfield:97,
    author  = {Dan Gusfield},
    title   = {Algorithms on Strings, Trees and Sequences},
    year    = "1997",
    publisher = {Cambridge University Press},
    address = {Cambridge, UK}
}

@article{rasooli-tetrault-2015,
    author    = {Mohammad Sadegh Rasooli and Joel R. Tetreault},
    title     = {Yara Parser: {A} Fast and Accurate Dependency Parser},
    journal   = {Computing Research Repository},
    volume    = {arXiv:1503.06733},
    year      = {2015},
    url       = {http://arxiv.org/abs/1503.06733},
    note    = {version 2}
}

@article{Ando2005,
	Acmid = {1194905},
	Author = {Ando, Rie Kubota and Zhang, Tong},
	Issn = {1532-4435},
	Issue_Date = {12/1/2005},
	Journal = {Journal of Machine Learning Research},
	Month = dec,
	Numpages = {37},
	Pages = {1817--1853},
	Publisher = {JMLR.org},
	Title = {A Framework for Learning Predictive Structures from Multiple Tasks and Unlabeled Data},
	Volume = {6},
	Year = {2005}
}


@inproceedings{qian2024chatdev,
  title={Chatdev: Communicative agents for software development},
  author={Qian, Chen and Liu, Wei and Liu, Hongzhang and Chen, Nuo and Dang, Yufan and Li, Jiahao and Yang, Cheng and Chen, Weize and Su, Yusheng and Cong, Xin and others},
  booktitle={Proceedings of the 62nd Annual Meeting of the Association for Computational Linguistics (Volume 1: Long Papers)},
  pages={15174--15186},
  year={2024}
}

@inproceedings{chen2023agentverse,
  title={Agentverse: Facilitating multi-agent collaboration and exploring emergent behaviors},
  author={Chen, Weize and Su, Yusheng and Zuo, Jingwei and Yang, Cheng and Yuan, Chenfei and Chan, Chi-Min and Yu, Heyang and Lu, Yaxi and Hung, Yi-Hsin and Qian, Chen and others},
  booktitle={The Twelfth International Conference on Learning Representations},
  year={2023}
}

@article{chan2023chateval,
  title={Chateval: Towards better llm-based evaluators through multi-agent debate},
  author={Chan, Chi-Min and Chen, Weize and Su, Yusheng and Yu, Jianxuan and Xue, Wei and Zhang, Shanghang and Fu, Jie and Liu, Zhiyuan},
  journal={arXiv preprint arXiv:2308.07201},
  year={2023}
}

@article{hong2023metagpt,
  title={Metagpt: Meta programming for multi-agent collaborative framework},
  author={Hong, Sirui and Zheng, Xiawu and Chen, Jonathan and Cheng, Yuheng and Wang, Jinlin and Zhang, Ceyao and Wang, Zili and Yau, Steven Ka Shing and Lin, Zijuan and Zhou, Liyang and others},
  journal={arXiv preprint arXiv:2308.00352},
  year={2023}
}

@inproceedings{park2022social,
  title={Social simulacra: Creating populated prototypes for social computing systems},
  author={Park, Joon Sung and Popowski, Lindsay and Cai, Carrie and Morris, Meredith Ringel and Liang, Percy and Bernstein, Michael S},
  booktitle={Proceedings of the 35th Annual ACM Symposium on User Interface Software and Technology},
  pages={1--18},
  year={2022}
}

@article{xu2023exploring,
  title={Exploring large language models for communication games: An empirical study on werewolf},
  author={Xu, Yuzhuang and Wang, Shuo and Li, Peng and Luo, Fuwen and Wang, Xiaolong and Liu, Weidong and Liu, Yang},
  journal={arXiv preprint arXiv:2309.04658},
  year={2023}
}

@article{zhang2023exploring,
  title={Exploring collaboration mechanisms for llm agents: A social psychology view},
  author={Zhang, Jintian and Xu, Xin and Zhang, Ningyu and Liu, Ruibo and Hooi, Bryan and Deng, Shumin},
  journal={arXiv preprint arXiv:2310.02124},
  year={2023}
}

@article{li2023camel,
  title={Camel: Communicative agents for" mind" exploration of large language model society},
  author={Li, Guohao and Hammoud, Hasan and Itani, Hani and Khizbullin, Dmitrii and Ghanem, Bernard},
  journal={Advances in Neural Information Processing Systems},
  volume={36},
  pages={51991--52008},
  year={2023}
}

@article{gao2024large,
  title={Large language models empowered agent-based modeling and simulation: A survey and perspectives},
  author={Gao, Chen and Lan, Xiaochong and Li, Nian and Yuan, Yuan and Ding, Jingtao and Zhou, Zhilun and Xu, Fengli and Li, Yong},
  journal={Humanities and Social Sciences Communications},
  volume={11},
  number={1},
  pages={1--24},
  year={2024},
  publisher={Palgrave}
}

@article{wang2023recmind,
  title={Recmind: Large language model powered agent for recommendation},
  author={Wang, Yancheng and Jiang, Ziyan and Chen, Zheng and Yang, Fan and Zhou, Yingxue and Cho, Eunah and Fan, Xing and Huang, Xiaojiang and Lu, Yanbin and Yang, Yingzhen},
  journal={arXiv preprint arXiv:2308.14296},
  year={2023}
}

@inproceedings{zhang2024generative,
  title={On generative agents in recommendation},
  author={Zhang, An and Chen, Yuxin and Sheng, Leheng and Wang, Xiang and Chua, Tat-Seng},
  booktitle={Proceedings of the 47th international ACM SIGIR conference on research and development in Information Retrieval},
  pages={1807--1817},
  year={2024}
}

@article{gao2023s,
  title={S3: Social-network Simulation System with Large Language Model-Empowered Agents},
  author={Gao, Chen and Lan, Xiaochong and Lu, Zhihong and Mao, Jinzhu and Piao, Jinghua and Wang, Huandong and Jin, Depeng and Li, Yong},
  journal={arXiv preprint arXiv:2307.14984},
  year={2023}
}

@techreport{horton2023large,
  title={Large language models as simulated economic agents: What can we learn from homo silicus?},
  author={Horton, John J},
  year={2023},
  institution={National Bureau of Economic Research}
}

@article{zhao2023competeai,
  title={Competeai: Understanding the competition behaviors in large language model-based agents},
  author={Zhao, Qinlin and Wang, Jindong and Zhang, Yixuan and Jin, Yiqiao and Zhu, Kaijie and Chen, Hao and Xie, Xing},
  journal={arXiv preprint arXiv:2310.17512},
  year={2023}
}

@article{jin2023surrealdriver,
  title={Surrealdriver: Designing generative driver agent simulation framework in urban contexts based on large language model},
  author={Jin, Ye and Shen, Xiaoxi and Peng, Huiling and Liu, Xiaoan and Qin, Jingli and Li, Jiayang and Xie, Jintao and Gao, Peizhong and Zhou, Guyue and Gong, Jiangtao},
  journal={arXiv preprint arXiv:2309.13193},
  year={2023}
}

@article{zou2023wireless,
  title={Wireless multi-agent generative ai: From connected intelligence to collective intelligence},
  author={Zou, Hang and Zhao, Qiyang and Bariah, Lina and Bennis, Mehdi and Debbah, Merouane},
  journal={arXiv preprint arXiv:2307.02757},
  year={2023}
}

@article{park2023choicemates,
  title={Choicemates: Supporting unfamiliar online decision-making with multi-agent conversational interactions},
  author={Park, Jeongeon and Min, Bryan and Son, Kihoon and Song, Jean Y and Ma, Xiaojuan and Kim, Juho},
  journal={arXiv preprint arXiv:2310.01331},
  year={2023}
}

@article{williams2023epidemic,
  title={Epidemic modeling with generative agents},
  author={Williams, Ross and Hosseinichimeh, Niyousha and Majumdar, Aritra and Ghaffarzadegan, Navid},
  journal={arXiv preprint arXiv:2307.04986},
  year={2023}
}

@article{du2024llms,
  title={LLMs Can Simulate Standardized Patients via Agent Coevolution},
  author={Du, Zhuoyun and Zheng, Lujie and Hu, Renjun and Xu, Yuyang and Li, Xiawei and Sun, Ying and Chen, Wei and Wu, Jian and Cai, Haolei and Ying, Haohao},
  journal={arXiv preprint arXiv:2412.11716},
  year={2024}
}
@article{kuhn2008historical,
  title={Historical foundations of academic advising.},
  author={Kuhn, Terry L},
  year={2008},
  publisher={Jossey-Bass/Wiley}
}
@article{miller2011structuring,
  title={Structuring our conversations: Shifting to four dimensional advising models},
  author={Miller, MA},
  journal={A. Carlstrom \& MA Miller (Eds.)},
  year={2011}
}

@inproceedings{markel2023gpteach,
  title={Gpteach: Interactive ta training with gpt-based students},
  author={Markel, Julia M and Opferman, Steven G and Landay, James A and Piech, Chris},
  booktitle={Proceedings of the tenth acm conference on learning@ scale},
  pages={226--236},
  year={2023}
}
@inproceedings{lu2024generative,
  title={Generative students: Using llm-simulated student profiles to support question item evaluation},
  author={Lu, Xinyi and Wang, Xu},
  booktitle={Proceedings of the Eleventh ACM Conference on Learning@ Scale},
  pages={16--27},
  year={2024}
}
@article{liu2024personality,
  title={Personality-aware Student Simulation for Conversational Intelligent Tutoring Systems},
  author={Liu, Zhengyuan and Yin, Stella Xin and Lin, Geyu and Chen, Nancy F},
  journal={arXiv preprint arXiv:2404.06762},
  year={2024}
}
@article{jin2024teachtune,
  title={TeachTune: Reviewing Pedagogical Agents Against Diverse Student Profiles with Simulated Students},
  author={Jin, Hyoungwook and Yoo, Minju and Park, Jeongeon and Lee, Yokyung and Wang, Xu and Kim, Juho},
  journal={arXiv preprint arXiv:2410.04078},
  year={2024}
}
@article{ma2024students,
  title={Students rather than experts: A new ai for education pipeline to model more human-like and personalised early adolescences},
  author={Ma, Yiping and Hu, Shiyu and Li, Xuchen and Wang, Yipei and Liu, Shiqing and Cheong, Kang Hao},
  journal={arXiv preprint arXiv:2410.15701},
  year={2024}
}

@book{folsom2015new,
  title={The new advisor guidebook: Mastering the art of academic advising},
  author={Folsom, Pat and Yoder, Franklin and Joslin, Jennifer E},
  year={2015},
  publisher={John Wiley \& Sons}
}

@book{gordon2011academic,
  title={Academic advising: A comprehensive handbook},
  author={Gordon, Virginia N and Habley, Wesley R and Grites, Thomas J},
  year={2011},
  publisher={John Wiley \& Sons}
}

@article{archer2008empirical,
  title={Empirical characterization of random forest variable importance measures},
  author={Archer, Kellie J and Kimes, Ryan V},
  journal={Computational statistics \& data analysis},
  volume={52},
  number={4},
  pages={2249--2260},
  year={2008},
  publisher={Elsevier}
}

@article{breiman2001random,
  title={Random forests},
  author={Breiman, Leo},
  journal={Machine learning},
  volume={45},
  pages={5--32},
  year={2001},
  publisher={Springer}
}

@book{silver2023using,
  title={Using reflection and metacognition to improve student learning: Across the disciplines, across the academy},
  author={Silver, Naomi and Kaplan, Matthew and LaVaque-Manty, Danielle and Meizlish, Deborah},
  year={2023},
  publisher={Taylor \& Francis}
}

@article{schraw1995metacognitive,
  title={Metacognitive theories},
  author={Schraw, Gregory and Moshman, David},
  journal={Educational psychology review},
  volume={7},
  pages={351--371},
  year={1995},
  publisher={Springer}
}

@article{tanner2012promoting,
  title={Promoting student metacognition},
  author={Tanner, Kimberly D},
  journal={CBE—Life Sciences Education},
  volume={11},
  number={2},
  pages={113--120},
  year={2012},
  publisher={Am Soc Cell Biol}
}

@article{burns2008ethical,
  title={Ethical and legal issues associated with using response-to-intervention to assess learning disabilities},
  author={Burns, Matthew K and Jacob, Susan and Wagner, Angela R},
  journal={Journal of School Psychology},
  volume={46},
  number={3},
  pages={263--279},
  year={2008},
  publisher={Elsevier}
}

@article{doody2018ethical,
  title={Ethical challenges in intellectual disability research},
  author={Doody, Owen},
  journal={Mathews Journal of Nursing and Health Care},
  volume={1},
  number={1},
  pages={1--11},
  year={2018}
}

@inproceedings{aher2023using,
  title={Using large language models to simulate multiple humans and replicate human subject studies},
  author={Aher, Gati V and Arriaga, Rosa I and Kalai, Adam Tauman},
  booktitle={International Conference on Machine Learning},
  pages={337--371},
  year={2023},
  organization={PMLR}
}

@article{yu2024mooc,
  title={From mooc to maic: Reshaping online teaching and learning through llm-driven agents},
  author={Yu, Jifan and Zhang, Zheyuan and Zhang-li, Daniel and Tu, Shangqing and Hao, Zhanxin and Li, Rui Miao and Li, Haoxuan and Wang, Yuanchun and Li, Hanming and Gong, Linlu and others},
  journal={arXiv preprint arXiv:2409.03512},
  year={2024}
}

@article{zhang2024simulating,
  title={Simulating classroom education with llm-empowered agents},
  author={Zhang, Zheyuan and Zhang-Li, Daniel and Yu, Jifan and Gong, Linlu and Zhou, Jinchang and Liu, Zhiyuan and Hou, Lei and Li, Juanzi},
  journal={arXiv preprint arXiv:2406.19226},
  year={2024}
}

@article{chen2024bge,
  title={Bge m3-embedding: Multi-lingual, multi-functionality, multi-granularity text embeddings through self-knowledge distillation},
  author={Chen, Jianlv and Xiao, Shitao and Zhang, Peitian and Luo, Kun and Lian, Defu and Liu, Zheng},
  journal={arXiv preprint arXiv:2402.03216},
  year={2024}
}

@article{you2020design,
  title={Design space for graph neural networks},
  author={You, Jiaxuan and Ying, Zhitao and Leskovec, Jure},
  journal={Advances in Neural Information Processing Systems},
  volume={33},
  pages={17009--17021},
  year={2020}
}

@book{de2000big,
  title={The big five personality factors: the psycholexical approach to personality.},
  author={De Raad, Boele},
  year={2000},
  publisher={Hogrefe \& Huber Publishers}
}