@article{geiger2013vision,
  title={Vision meets robotics: The kitti dataset},
  author={Geiger, Andreas and Lenz, Philip and Stiller, Christoph and Urtasun, Raquel},
  journal=J-IJRR,
  volume={32},
  number={11},
  pages={1231--1237},
  year={2013},
  publisher={Sage Publications Sage UK: London, England}
}

@inproceedings{behley2019semantickitti,
  title={Semantickitti: A dataset for semantic scene understanding of lidar sequences},
  author={Behley, Jens and Garbade, Martin and Milioto, Andres and Quenzel, Jan and Behnke, Sven and Stachniss, Cyrill and Gall, Jurgen},
  booktitle=C-ICCV,
  pages={9297--9307},
  year={2019}
}

@inproceedings{kim2020mulran,
  title={Mulran: Multimodal range dataset for urban place recognition},
  author={Kim, Giseop and Park, Yeong Sang and Cho, Younghun and Jeong, Jinyong and Kim, Ayoung},
  booktitle=C-ICRA,
  pages={6246--6253},
  year={2020},
  organization={IEEE}
}

@inproceedings{behley2018efficient,
  title={Efficient surfel-based SLAM using 3D laser range data in urban environments.},
  author={Behley, Jens and Stachniss, Cyrill},
  booktitle=C-RSS,
  volume={2018},
  pages={59},
  year={2018}
}

@inproceedings{kim2020remove,
  title={Remove, then revert: Static point cloud map construction using multiresolution range images},
  author={Kim, Giseop and Kim, Ayoung},
  booktitle=C-IROS,
  pages={10758--10765},
  year={2020},
  organization={IEEE}
}

@article{lim2021erasor,
  title={ERASOR: Egocentric ratio of pseudo occupancy-based dynamic object removal for static 3D point cloud map building},
  author={Lim, Hyungtae and Hwang, Sungwon and Myung, Hyun},
  journal=IEEE_J_RAL,
  volume={6},
  number={2},
  pages={2272--2279},
  year={2021},
  publisher={IEEE}
}

@article{duberg2024dufomap,
  title={DUFOMap: Efficient dynamic awareness mapping},
  author={Duberg, Daniel and Zhang, Qingwen and Jia, MingKai and Jensfelt, Patric},
  journal=IEEE_J_RAL,
  year={2024},
  publisher={IEEE}
}

@article{jia2024beautymap,
  title={BeautyMap: Binary-Encoded Adaptable Ground Matrix for Dynamic Points Removal in Global Maps},
  author={Jia, Mingkai and Zhang, Qingwen and Yang, Bowen and Wu, Jin and Liu, Ming and Jensfelt, Patric},
  journal=IEEE_J_RAL,
  year={2024},
  publisher={IEEE}
}

@article{hornung2013octomap,
  title={OctoMap: An efficient probabilistic 3D mapping framework based on octrees},
  author={Hornung, Armin and Wurm, Kai M and Bennewitz, Maren and Stachniss, Cyrill and Burgard, Wolfram},
  journal=J-AR,
  volume={34},
  pages={189--206},
  year={2013},
  publisher={Springer}
}

@inproceedings{lim2023erasor2,
  title={ERASOR2: Instance-aware robust 3D mapping of the static world in dynamic scenes},
  author={Lim, Hyungtae and Nunes, Lucas and Mersch, Benedikt and Chen, Xieyunali and Behley, Jens and Myung, Hyun and Stachniss, Cyrill},
  booktitle=C-RSS,
  year={2023},
  organization={IEEE}
}

@article{schmid2023dynablox,
  title={Dynablox: Real-time detection of diverse dynamic objects in complex environments},
  author={Schmid, Lukas and Andersson, Olov and Sulser, Aurelio and Pfreundschuh, Patrick and Siegwart, Roland},
  journal=IEEE_J_RAL,
  year={2023},
  publisher={IEEE}
}

@article{mersch2022receding,
  title={Receding moving object segmentation in 3d lidar data using sparse 4d convolutions},
  author={Mersch, Benedikt and Chen, Xieyuanli and Vizzo, Ignacio and Nunes, Lucas and Behley, Jens and Stachniss, Cyrill},
  journal=IEEE_J_RAL,
  volume={7},
  number={3},
  pages={7503--7510},
  year={2022},
  publisher={IEEE}
}

@inproceedings{sun2022efficient,
  title={Efficient spatial-temporal information fusion for lidar-based 3d moving object segmentation},
  author={Sun, Jiadai and Dai, Yuchao and Zhang, Xianjing and Xu, Jintao and Ai, Rui and Gu, Weihao and Chen, Xieyuanli},
  booktitle=C-IROS,
  pages={11456--11463},
  year={2022},
  organization={IEEE}
}

@inproceedings{pfreundschuh2021dynamic,
  title={Dynamic object aware lidar slam based on automatic generation of training data},
  author={Pfreundschuh, Patrick and Hendrikx, Hubertus FC and Reijgwart, Victor and Dub{\'e}, Renaud and Siegwart, Roland and Cramariuc, Andrei},
  booktitle=C-ICRA,
  pages={11641--11647},
  year={2021},
  organization={IEEE}
}

@INPROCEEDINGS{09towards,
  author={Konolige, Kurt and Bowman, James},
  booktitle=C-IROS, 
  title={Towards lifelong visual maps}, 
  year={2009},
  volume={},
  number={},
  pages={1156-1163},
  keywords={Simultaneous localization and mapping;Robustness;Robot sensing systems;Layout;Intelligent robots;USA Councils;Cameras;Extraterrestrial measurements;Mobile robots;Filters},
  doi={10.1109/IROS.2009.5354121}}

% 2d
@inproceedings{zhao2021general,
  title={A general framework for lifelong localization and mapping in changing environment},
  author={Zhao, Min and Guo, Xin and Song, Le and Qin, Baoxing and Shi, Xuesong and Lee, Gim Hee and Sun, Guanghui},
  booktitle=C-IROS,
  pages={3305--3312},
  year={2021},
  organization={IEEE}
}

% 2d
@inproceedings{lazaro2018efficient,
  title={Efficient long-term mapping in dynamic environments},
  author={L{\'a}zaro, Mar{\'\i}a T and Capobianco, Roberto and Grisetti, Giorgio},
  booktitle=C-IROS,
  pages={153--160},
  year={2018},
  organization={IEEE}
}

@inproceedings{holoch2022detecting,
  title={Detecting Invalid Map Merges in Lifelong SLAM},
  author={Holoch, Matthias and Kurz, Gerhard and Biber, Peter},
  booktitle=C-IROS,
  pages={11039--11046},
  year={2022},
  organization={IEEE}
}

@article{yang2024lifelong,
  title={Lifelong 3D Mapping Framework for Hand-Held \& Robot-Mounted LiDAR Mapping Systems},
  author={Yang, Liudi and Prakhya, Sai Manoj and Zhu, Senhua and Liu, Ziyuan},
  journal=IEEE_J_RAL,
  year={2024},
  publisher={IEEE}
}

@article{hu2024paloc,
  title={PALoc: Advancing SLAM Benchmarking With Prior-Assisted 6-DoF Trajectory Generation and Uncertainty Estimation},
  author={Hu, Xiangcheng and Zheng, Linwei and Wu, Jin and Geng, Ruoyu and Yu, Yang and Wei, Hexiang and Tang, Xiaoyu and Wang, Lujia and Jiao, Jianhao and Liu, Ming},
  journal=IEEE_J_MECH,
  year={2024},
  publisher={IEEE}
}

@inproceedings{kim2022lt,
  title={Lt-mapper: A modular framework for lidar-based lifelong mapping},
  author={Kim, Giseop and Kim, Ayoung},
  booktitle=C-ICRA,
  pages={7995--8002},
  year={2022},
  organization={IEEE}
}

@article{rowell2024lista,
  title={LiSTA: Geometric Object-Based Change Detection in Cluttered Environments},
  author={Rowell, Joseph and Zhang, Lintong and Fallon, Maurice},
  journal={arXiv preprint arXiv:2403.02175},
  year={2024}
}

@inproceedings{pomerleau2014long,
  title={Long-term 3D map maintenance in dynamic environments},
  author={Pomerleau, Fran{\c{c}}ois and Kr{\"u}si, Philipp and Colas, Francis and Furgale, Paul and Siegwart, Roland},
  booktitle=C-ICRA,
  pages={3712--3719},
  year={2014},
  organization={IEEE}
}

% semantic representation
@article{sun2018recurrent,
  title={Recurrent-octomap: Learning state-based map refinement for long-term semantic mapping with 3-d-lidar data},
  author={Sun, Li and Yan, Zhi and Zaganidis, Anestis and Zhao, Cheng and Duckett, Tom},
  journal=IEEE_J_RAL,
  volume={3},
  number={4},
  pages={3749--3756},
  year={2018},
  publisher={IEEE}
}

@article{yin2023automerge,
  title={Automerge: A framework for map assembling and smoothing in city-scale environments},
  author={Yin, Peng and Zhao, Shiqi and Lai, Haowen and Ge, Ruohai and Zhang, Ji and Choset, Howie and Scherer, Sebastian},
  journal=IEEE_J_RO,
  year={2023},
  publisher={IEEE}
}

@article{cramariuc2022maplab,
  title={maplab 2.0--a modular and multi-modal mapping framework},
  author={Cramariuc, Andrei and Bernreiter, Lukas and Tschopp, Florian and Fehr, Marius and Reijgwart, Victor and Nieto, Juan and Siegwart, Roland and Cadena, Cesar},
  journal=IEEE_J_RAL,
  volume={8},
  number={2},
  pages={520--527},
  year={2022},
  publisher={IEEE}
}

@inproceedings{elvira2019orbslam,
  title={ORBSLAM-Atlas: a robust and accurate multi-map system},
  author={Elvira, Richard and Tard{\'o}s, Juan D and Montiel, Jose MM},
  booktitle=C-IROS,
  pages={6253--6259},
  year={2019},
  organization={IEEE}
}

@inproceedings{li20193d,
  title={3d map merging based on overlapping region},
  author={Li, Pan and Liu, Zhi and Huang, Dandan},
  booktitle={2019 3rd International Conference on Electronic Information Technology and Computer Engineering (EITCE)},
  pages={1133--1137},
  year={2019},
  organization={IEEE}
}

@ARTICLE{24frame,
  author={Stathoulopoulos, Nikolaos and Lindqvist, Bj√∂rn and Koval, Anton and Agha-Mohammadi, Ali-Akbar and Nikolakopoulos, George},
  journal=IEEE_J_FR, 
  title={FRAME: A Modular Framework for Autonomous Map Merging: Advancements in the Field}, 
  year={2024},
  volume={1},
  number={},
  pages={1-26},
  keywords={Robots;Point cloud compression;Feature extraction;Three-dimensional displays;Robot sensing systems;Robot kinematics;Accuracy;Feature extraction;machine learning;multirobot systems (MRSs);simultaneous localization and mapping (SLAM)},
  doi={10.1109/TFR.2024.3419439}}


@article{zou2024lta,
  title={LTA-OM: Long-term association LiDAR--IMU odometry and mapping},
  author={Zou, Zuhao and Yuan, Chongjian and Xu, Wei and Li, Haotian and Zhou, Shunbo and Xue, Kaiwen and Zhang, Fu},
  journal=J-JFR,
  year={2024},
  publisher={Wiley Online Library}
}

@inproceedings{kim2010multiple,
  title={Multiple relative pose graphs for robust cooperative mapping},
  author={Kim, Been and Kaess, Michael and Fletcher, Luke and Leonard, John and Bachrach, Abraham and Roy, Nicholas and Teller, Seth},
  booktitle=C-ICRA,
  pages={3185--3192},
  year={2010},
  organization={IEEE}
}

@inproceedings{fehr2017tsdf,
  title={TSDF-based change detection for consistent long-term dense reconstruction and dynamic object discovery},
  author={Fehr, Marius and Furrer, Fadri and Dryanovski, Ivan and Sturm, J{\"u}rgen and Gilitschenski, Igor and Siegwart, Roland and Cadena, Cesar},
  booktitle=C-ICRA,
  pages={5237--5244},
  year={2017},
  organization={IEEE}
}

@article{krajnik2017fremen,
  title={Fremen: Frequency map enhancement for long-term mobile robot autonomy in changing environments},
  author={Krajn{\'\i}k, Tom{\'a}{\v{s}} and Fentanes, Jaime P and Santos, Joao M and Duckett, Tom},
  journal=IEEE_J_RO,
  volume={33},
  number={4},
  pages={964--977},
  year={2017},
  publisher={IEEE}
}

@inproceedings{ambrucs2014meta,
  title={Meta-rooms: Building and maintaining long term spatial models in a dynamic world},
  author={Ambru{\c{s}}, Rare{\c{s}} and Bore, Nils and Folkesson, John and Jensfelt, Patric},
  booktitle=C-IROS,
  pages={1854--1861},
  year={2014},
  organization={IEEE}
}

@inproceedings{shan2020lio,
  title={Lio-sam: Tightly-coupled lidar inertial odometry via smoothing and mapping},
  author={Shan, Tixiao and Englot, Brendan and Meyers, Drew and Wang, Wei and Ratti, Carlo and Rus, Daniela},
  booktitle=C-IROS,
  pages={5135--5142},
  year={2020},
  organization={IEEE}
}

@article{xu2022fast,
  title={Fast-lio2: Fast direct lidar-inertial odometry},
  author={Xu, Wei and Cai, Yixi and He, Dongjiao and Lin, Jiarong and Zhang, Fu},
  journal=IEEE_J_RO,
  volume={38},
  number={4},
  pages={2053--2073},
  year={2022},
  publisher={IEEE}
}

@inproceedings{zhang2023dynamic,
  title={A dynamic points removal benchmark in point cloud maps},
  author={Zhang, Qingwen and Duberg, Daniel and Geng, Ruoyu and Jia, Mingkai and Wang, Lujia and Jensfelt, Patric},
  booktitle=C-ITSC,
  pages={608--614},
  year={2023},
  organization={IEEE}
}

@article{qin2018vins,
  title={Vins-mono: A robust and versatile monocular visual-inertial state estimator},
  author={Qin, Tong and Li, Peiliang and Shen, Shaojie},
  journal=IEEE_J_RO,
  volume={34},
  number={4},
  pages={1004--1020},
  year={2018},
  publisher={IEEE}
}

@inproceedings{zhong2023shine,
  title={Shine-mapping: Large-scale 3d mapping using sparse hierarchical implicit neural representations},
  author={Zhong, Xingguang and Pan, Yue and Behley, Jens and Stachniss, Cyrill},
  booktitle=C-ICRA,
  pages={8371--8377},
  year={2023},
  organization={IEEE}
}

@article{kim2021scan,
  title={Scan context++: Structural place recognition robust to rotation and lateral variations in urban environments},
  author={Kim, Giseop and Choi, Sunwook and Kim, Ayoung},
  journal=IEEE_J_RO,
  volume={38},
  number={3},
  pages={1856--1874},
  year={2021},
  publisher={IEEE}
}

@inproceedings{uy2018pointnetvlad,
  title={Pointnetvlad: Deep point cloud based retrieval for large-scale place recognition},
  author={Uy, Mikaela Angelina and Lee, Gim Hee},
  booktitle=C-CVPR,
  pages={4470--4479},
  year={2018}
}

@inproceedings{zhang2014loam,
  title={LOAM: Lidar odometry and mapping in real-time.},
  author={Zhang, Ji and Singh, Sanjiv and others},
  booktitle=C-RSS,
  volume={2},
  number={9},
  pages={1--9},
  year={2014},
  organization={Berkeley, CA}
}

@inproceedings{shan2018lego,
  title={Lego-loam: Lightweight and ground-optimized lidar odometry and mapping on variable terrain},
  author={Shan, Tixiao and Englot, Brendan},
  booktitle=C-IROS,
  pages={4758--4765},
  year={2018},
  organization={IEEE}
}

@article{lee2024lidar,
  title={LiDAR odometry survey: recent advancements and remaining challenges},
  author={Lee, Dongjae and Jung, Minwoo and Yang, Wooseong and Kim, Ayoung},
  journal=J-ISR,
  volume={17},
  number={2},
  pages={95--118},
  year={2024},
  publisher={Springer}
}

@article{girardeau2016cloudcompare,
	title={CloudCompare},
	author={Girardeau-Montaut, Daniel},
	journal={France: EDF R\&D Telecom ParisTech},
	year={2016}
}

@inproceedings{koide2021voxelized,
  title={Voxelized GICP for fast and accurate 3D point cloud registration},
  author={Koide, Kenji and Yokozuka, Masashi and Oishi, Shuji and Banno, Atsuhiko},
  booktitle=C-ICRA,
  pages={11054--11059},
  year={2021},
  organization={IEEE}
}

@article{jung2023helipr,
  title={HeLiPR: Heterogeneous LiDAR dataset for inter-LiDAR place recognition under spatiotemporal variations},
  author={Jung, Minwoo and Yang, Wooseong and Lee, Dongjae and Gil, Hyeonjae and Kim, Giseop and Kim, Ayoung},
  journal=J-IJRR,
  pages={02783649241242136},
  year={2023},
  publisher={SAGE Publications Sage UK: London, England}
}

@inproceedings{barnes2018driven,
  title={Driven to distraction: Self-supervised distractor learning for robust monocular visual odometry in urban environments},
  author={Barnes, Dan and Maddern, Will and Pascoe, Geoffrey and Posner, Ingmar},
  booktitle=C-ICRA,
  pages={1894--1900},
  year={2018},
  organization={IEEE}
}

@inproceedings{mcmanus2013distraction,
  title={Distraction suppression for vision-based pose estimation at city scales},
  author={McManus, Colin and Churchill, Winston and Napier, Ashley and Davis, Ben and Newman, Paul},
  booktitle=C-ICRA,
  pages={3762--3769},
  year={2013},
  organization={IEEE}
}

@inproceedings{schmid2022panoptic,
  title={Panoptic multi-tsdfs: a flexible representation for online multi-resolution volumetric mapping and long-term dynamic scene consistency},
  author={Schmid, Lukas and Delmerico, Jeffrey and Sch{\"o}nberger, Johannes L and Nieto, Juan and Pollefeys, Marc and Siegwart, Roland and Cadena, Cesar},
  booktitle={2022 International Conference on Robotics and Automation (ICRA)},
  pages={8018--8024},
  year={2022},
  organization={IEEE}
}

@inproceedings{langer2020robust,
  title={Robust and efficient object change detection by combining global semantic information and local geometric verification},
  author={Langer, Edith and Patten, Timothy and Vincze, Markus},
  booktitle={2020 IEEE/RSJ International Conference on Intelligent Robots and Systems (IROS)},
  pages={8453--8460},
  year={2020},
  organization={IEEE}
}

@article{zhang2023instaloc,
  title={InstaLoc: One-shot Global Lidar Localisation in Indoor Environments through Instance Learning},
  author={Zhang, Lintong and Digumarti, Tejaswi and Tinchev, Georgi and Fallon, Maurice},
  journal={arXiv preprint arXiv:2305.09552},
  year={2023}
}

@inproceedings{adam2022objects,
  title={Objects can move: 3d change detection by geometric transformation consistency},
  author={Adam, Aikaterini and Sattler, Torsten and Karantzalos, Konstantinos and Pajdla, Tomas},
  booktitle={European Conference on Computer Vision},
  pages={108--124},
  year={2022},
  organization={Springer}
}

@article{spinellis2012git,
  title={Git},
  author={Spinellis, Diomidis},
  journal={IEEE software},
  volume={29},
  number={3},
  pages={100--101},
  year={2012},
  publisher={IEEE}
}

@inproceedings{kurz2021geometry,
  title={Geometry-based graph pruning for lifelong SLAM},
  author={Kurz, Gerhard and Holoch, Matthias and Biber, Peter},
  booktitle={2021 IEEE/RSJ International Conference on Intelligent Robots and Systems (IROS)},
  pages={3313--3320},
  year={2021},
  organization={IEEE}
}

@inproceedings{stefanini2022efficient,
  title={Efficient 2D LIDAR-Based Map Updating For Long-Term Operations in Dynamic Environments},
  author={Stefanini, Elisa and Ciancolini, Enrico and Settimi, Alessandro and Pallottino, Lucia},
  booktitle={2022 IEEE/RSJ International Conference on Intelligent Robots and Systems (IROS)},
  pages={832--839},
  year={2022},
  organization={IEEE}
}