@STRING{C-3DIMPVT = {Proc. {IEEE} Intl. Conf. on 3D Imaging, Modeling, Processing, Visualization and Transmission}}

@STRING{C-3DV = {Proc. Intl. Conf. on 3D Vis.}}

@STRING{C-AAAI = {Proc. {AAAI} National Conf. on Art. Intell.}}

@STRING{C-ACC = {American Control Conf.}}

@STRING{C-AGU = {EOS: Trans. American Geophysical Union Fall Meeting Supplement}}

@STRING{C-BMVC = {Proc. British Machine Vision Conf.}}

@STRING{C-CDC = {Proc. {IEEE} Conf. on Decision and Control}}

@STRING{C-CVPR = {Proc. {IEEE} Conf. on Comput. Vision and Pattern Recog.}}

@STRING{C-DICTA = {Proc. Digital Image Computing: Techniques and Appl.}}

@STRING{C-ECCV = {Proc. European Conf. on Comput. Vision}}

@STRING{C-ICCV = {Proc. {IEEE} Intl. Conf. on Comput. Vision}}

@STRING{C-IJCNN = {Intl. Joint Conf. on Neural Networks}}

@STRING{C-FSR = {Proc. Intl. Conf. on Field and Service Robot.}}

@STRING{C-ICIP = {Proc. Intl. Conf. on Image Processing}}

@STRING{C-ICML = {Proc. Intl. Conf. on Machine Learning}}

@STRING{C-ICPR = {Proc. Intl. Conf. Pattern Recog.}}

@STRING{C-ICRA = {Proc. {IEEE} Intl. Conf. on Robot. and Automat.}}

@STRING{C-IJCAI = {Proc. Intl. Joint Conf. on Art. Intell.}}

@STRING{C-IROS = {Proc. {IEEE}/{RSJ} Intl. Conf. on Intell. Robots and Sys.}}

@STRING{C-ISCV = {Proc. Intl. Symp. Comput. Vision}}

@STRING{C-ISMAR = {Proc. Intl. Symp. on Mixed and Aug. Reality}}

@STRING{C-ISRR = {Proc. Intl. Symp. Robot. Research}}

@STRING{C-ISUT = {Proc. Intl. Symp. Underwater Tech.}}

@STRING{C-ITSC ={Proc. {IEEE} Intell. Transport. Sys. Conf.}}

@STRING{C-IVS = {Proc. {IEEE} Intell. Vehicle Symposium}}

@STRING{C-NIPS = {Advances in Neural Information Processing Sys. Conf.}}

@STRING{C-OCEANS = {Proc. {IEEE}/{MTS} {OCEANS} Conf. and Exhibition}}

@STRING{C-OCEANS-Europe = {Proc. {IEEE} {OCEANS}-Europe Conf. and Exhibition}}

@STRING{C-RSS = {Proc. Robot.: Science \& Sys. Conf.}}

@STRING{C-UAI = {Proc. Uncertainty in AI}}

@STRING{C-URAI = {Proc. Intl. Conf. on Ubiquitous Robots and Ambient Intell.}}

@STRING{C-UUST = {Proc. Intl. Symp. Unmanned Untethered Submersible Tech.}}

@STRING{I-CALTECH = {California Institue of Tech.}}

@STRING{I-CMU = {Carnegie Mellon University}}

@STRING{I-KTH = {Katholieke Universiteit Leuven}}

@STRING{I-MIT = {Massachusetts Inst. of Tech.}}

@STRING{I-MIT/WHOI = {Massachusetts Inst. of Tech. / Woods Hole Oceaonographic
	Institution Joint Program}}

@STRING{I-SCRIPPS = {Scripps Institution of Oceanography}}

@STRING{I-WHOI = {Woods Hole Oceanographic Institution}}


@STRING{IEEE_J_ANNE = {{IEEE} Trans. Aeronautical and Navigational Elec.}}

@STRING{IEEE_J_AES = {{IEEE} Trans. Aerospace and Electronic Sys.}}

@STRING{IEEE_J_ANE = {{IEEE} Trans. Aerospace and Navigational Elec.}}

@STRING{IEEE_J_AS = {{IEEE} Trans. Aerospace}}

@STRING{IEEE_J_AIRE = {{IEEE} Trans. Airborne Elec.}}

@STRING{IEEE_J_MIL = {{IEEE} Trans. Military Elec.}}

@STRING{IEEE_J_ITS = {{IEEE} Trans. Intell. Transport. Sys.}}

@STRING{IEEE_J_IV = {{IEEE} Trans. Intell. Vehicles}}

@STRING{IEEE_J_TTE = {{IEEE} Trans. Transport. Electrification}}

@STRING{IEEE_J_VC = {{IEEE} Trans. Vehicular Communications}}

@STRING{IEEE_J_VT = {{IEEE} Trans. Vehicular Tech.}}

@STRING{IEEE_J_STSP = {{IEEE} J. of Selected Topics in Signal Processing}}

@STRING{IEEE_J_SPL = {{IEEE} Signal Processing Lett.}}

@STRING{IEEE_J_SYST = {{IEEE} Sys. J.}}

@STRING{IEEE_J_ASSP = {{IEEE} Trans. Acoustics, Speech, and Signal Processing}}

@STRING{IEEE_J_AU = {{IEEE} Trans. Audio}}

@STRING{IEEE_J_AUEA = {{IEEE} Trans. Audio and Electroacoustics}}

@STRING{IEEE_J_ASLP = {{IEEE/ACM} Trans. Audio, Speech, and Language Processing}}

@STRING{IEEE_J_ASL = {{IEEE} Trans. Audio, Speech, and Language Processing}}

@STRING{IEEE_J_AC = {{IEEE} Trans. Automatic Control}}

@STRING{IEEE_J_CAS = {{IEEE} Trans. Circuits and Sys.}}

@STRING{IEEE_J_CASVT = {{IEEE} Trans. Circuits and Sys. for Video Tech.}}

@STRING{IEEE_J_CASI = {{IEEE} Trans. Circuits and Sys.---Part {I}: Fundamental Theory and Appl.}}

@STRING{IEEE_J_CASII = {{IEEE} Trans. Circuits and Sys.---Part {II}: Analog and Digital Signal Processing}}

@STRING{IEEE_J_CASI_RP = {{IEEE} Trans. Circuits and Sys.---Part {I}: Regular Papers}}

@STRING{IEEE_J_CASII_EB = {{IEEE} Trans. Circuits and Sys.---Part {II}: Express Briefs}}

@STRING{IEEE_J_CT = {{IEEE} Trans. Circuit Theory}}

@STRING{IEEE_J_CST = {{IEEE} Trans. Control Sys. Tech.}}

@STRING{IEEE_J_ETCAS = {{IEEE} Trans. Emerging and Selected Topics in Circuits and Sys.}}

@STRING{IEEE_J_SP = {{IEEE} Trans. Signal Processing}}

@STRING{IEEE_J_SU = {{IEEE} Trans. Sonics and Ultrasonics}}

@STRING{IEEE_J_SAP = {{IEEE} Trans. Speech and Audio Processing}}

@STRING{IEEE_J_UE = {{IEEE} Trans. Ultrasonics Eng.}}

@STRING{IEEE_J_UFFC = {{IEEE} Trans. Ultrasonics, Ferroelectrics, and Frequency Control}}

@STRING{IEEE_J_COML = {{IEEE} Communications Lett.}}

@STRING{IEEE_J_JSAC = {{IEEE} J. on Selected Areas in Communications}}

@STRING{IEEE_J_COM = {{IEEE} Trans. Communications}}

@STRING{IEEE_J_COMT = {{IEEE} Trans. Communication Tech.}}

@STRING{IEEE_J_WCOM = {{IEEE} Trans. Wireless Communications}}

@STRING{IEEE_J_WCOML = {{IEEE} Wireless Communications Lett.}}

@STRING{IEEE_J_ADVP = {{IEEE} Trans. Advanced Packaging}}

@STRING{IEEE_J_CHMT = {{IEEE} Trans. Comp., Hybrids and Manufacturing Tech.}}

@STRING{IEEE_J_CPMT = {{IEEE} Trans. Comp., Packaging and Manufacturing Tech.}}

@STRING{IEEE_J_CPMTA = {{IEEE} Trans. Comp., Packaging and Manufacturing Tech.---Part {A}}}

@STRING{IEEE_J_CPMTB = {{IEEE} Trans. Comp., Packaging and Manufacturing Tech.---Part {B}: Advanced Packaging}}

@STRING{IEEE_J_CPMTC = {{IEEE} Trans. Comp., Packaging and Manufacturing Tech.---Part {C}: Manufacturing}}

@STRING{IEEE_J_CAPTS = {{IEEE} Trans. Comp. and Packaging Technologies}}

@STRING{IEEE_J_CAPT = {{IEEE} Trans. Comp. and Packaging Tech.}}

@STRING{IEEE_J_CPART = {{IEEE} Trans. Component Parts}}

@STRING{IEEE_J_EPM = {{IEEE} Trans. Elec. Packaging Manufacturing}}

@STRING{IEEE_J_MFT = {{IEEE} Trans. Manufacturing Tech.}}

@STRING{IEEE_J_PHP = {{IEEE} Trans. Parts, Hybrids and Packaging}}

@STRING{IEEE_J_PMP = {{IEEE} Trans. Parts, Materials and Packaging}}

@STRING{IEEE_J_TCAD = {{IEEE} J. on Tech. in Comput. Aided Design}}

@STRING{IEEE_J_CAD = {{IEEE} Trans. Comput.-Aided Design of Integrated Circuits and Sys.}}

@STRING{IEEE_J_BD = {{IEEE} Trans. Big Data}}

@STRING{IEEE_J_IFS = {{IEEE} Trans. Information Forensics and Security}}

@STRING{IEEE_J_IT = {{IEEE} Trans. Information Theory}}

@STRING{IEEE_J_KDE = {{IEEE} Trans. Knowledge and Data Eng.}}

@STRING{IEEE_J_CAL = {{IEEE} Comput. Architecture Lett.}}

@STRING{IEEE_J_ES = {{IEEE} Embedded Sys. Lett.}}

@STRING{IEEE_J_IOT = {{IEEE} Internet of Things J.}}

@STRING{IEEE_J_XCDC = {{IEEE} J. on Exploratory Solid-State Computational Devices and Circuits}}

@STRING{IEEE_J_MMCT = {{IEEE} J. on Multiscale and Multiphysics Computational Techniques}}

@STRING{IEEE_J_SUSC = {{IEEE} Sustainable Computing}}

@STRING{IEEE_J_CC = {{IEEE} Trans. Cloud Computing}}

@STRING{IEEE_J_CSS = {{IEEE} Trans. Computational Social Sys.}}

@STRING{IEEE_J_C = {{IEEE} Trans. Comput.s}}

@STRING{IEEE_J_CNS = {{IEEE} Trans. Control of Network Sys.}}

@STRING{IEEE_J_DSC = {{IEEE} Trans. Dependable and Secure Computing}}

@STRING{IEEE_J_ECOMP = {{IEEE} Trans. Electronic Comput.s}}

@STRING{IEEE_J_ETC = {{IEEE} Trans. Emerging Topics in Computing}}

@STRING{IEEE_J_EVC = {{IEEE} Trans. Evolutionary Computation}}

@STRING{IEEE_J_FUZZ = {{IEEE} Trans. Fuzzy Sys.}}

@STRING{IEEE_J_MC = {{IEEE} Trans. Mobile Computing}}

@STRING{IEEE_J_MSCS = {{IEEE} Trans. Multi-Scale Computing Sys.}}

@STRING{IEEE_J_NET = {{IEEE/ACM} Trans. Networking}}

@STRING{IEEE_J_NSE = {{IEEE} Trans. Network Science and Eng.}}

@STRING{IEEE_J_NSM = {{IEEE} Trans. Network and Service Management}}

@STRING{IEEE_J_NN = {{IEEE} Trans. Neural Networks}}

@STRING{IEEE_J_NNLS = {{IEEE} Trans. Neural Networks and Learning Sys.}}

@STRING{IEEE_J_PDS = {{IEEE} Trans. Parallel and Distributed Sys.}}

@STRING{IEEE_J_SC = {{IEEE} Trans. Services Computing}}

@STRING{IEEE_J_SIPN = {{IEEE} Trans. Signal and Information Processing over Networks}}

@STRING{IEEE_J_SE = {{IEEE} Trans. Software Eng.}}

@STRING{IEEE_J_JDT = {{IEEE/OSA} J. of Display Tech.}}

@STRING{IEEE_J_IP = {{IEEE} Trans. Image Processing}}

@STRING{IEEE_J_MM = {{IEEE} Trans. Multimedia}}

@STRING{IEEE_J_VCG = {{IEEE} Trans. Visualization and Comput. Graphics}}

@STRING{IEEE_J_JAS = {{IEEE/CAA} J. of Automatica Sinica}}

@STRING{IEEE_J_JRA = {{IEEE} J. of Robot. and Automat.}}

@STRING{IEEE_J_AFFC = {{IEEE} Trans. Affective Computing}}

@STRING{IEEE_J_ASE = {{IEEE} Trans. Automat. Science and Eng.}}

@STRING{IEEE_J_AMD = {{IEEE} Trans. Autonomous Mental Development}}

@STRING{IEEE_J_CCN = {{IEEE} Trans. Cognitive Communications and Networking}}

@STRING{IEEE_J_CDS = {{IEEE} Trans. Cognitive and Developmental Sys.}}

@STRING{IEEE_J_CIAIG = {{IEEE} Trans. Computational Intell. and {AI} in Games}}

@STRING{IEEE_J_CYB = {{IEEE} Trans. Cybernetics}}

@STRING{IEEE_J_H = {{IEEE} Trans. Haptics}}

@STRING{IEEE_J_HFE = {{IEEE} Trans. Human Factors in Elec.}}

@STRING{IEEE_J_HMS = {{IEEE} Trans. Human-Machine Sys.}}

@STRING{IEEE_J_MMS = {{IEEE} Trans. Man-Machine Sys.}}

@STRING{IEEE_J_PAMI = {{IEEE} Trans. Pattern Analysis and Machine Intell.}}

@STRING{IEEE_J_RA = {{IEEE} Trans. Robot. and Automat.}}

@STRING{IEEE_J_RAL = {{IEEE} Robot. and Automat. Lett.}}

@STRING{IEEE_J_RO = {{IEEE} Trans. Robot.}}

@STRING{IEEE_J_SMC = {{IEEE} Trans. Sys., Man, and Cybernetics}}

@STRING{IEEE_J_SMCA = {{IEEE} Trans. Sys., Man, and Cybernetics---Part {A}: Sys. and Humans}}

@STRING{IEEE_J_SMCB = {{IEEE} Trans. Sys., Man, and Cybernetics---Part {B}: Cybernetics}}

@STRING{IEEE_J_SMCC = {{IEEE} Trans. Sys., Man, and Cybernetics---Part {C}: Appl. and Reviews}}

@STRING{IEEE_J_SMCS = {{IEEE} Trans. Sys., Man, and Cybernetics: Sys.}}

@STRING{IEEE_J_SSC = {{IEEE} Trans. Sys. Science and Cybernetics}}

@STRING{IEEE_J_GRSL = {{IEEE} Geosci. and Remote Sensing Lett.}}

@STRING{IEEE_J_GE = {{IEEE} Trans. Geosci. Elec.}}

@STRING{IEEE_J_GRS = {{IEEE} Trans. Geosci. and Remote Sensing}}

@STRING{IEEE_J_OE = {{IEEE} J. of Oceanic Eng.}}

@STRING{IEEE_J_STARS = {{IEEE} J. of Selected Topics in Applied Earth Observations and Remote Sensing}}

@STRING{IEEE_J_CJECE = {Canadian J. of Electrical and Comput. Eng.}}

@STRING{IEEE_J_PROC = {Proc. {IEEE}}}

@STRING{IEEE_J_RITA = {{IEEE} Revista Iberoamericana de Technolog{\'{i}}as del Aprendizaje}}

@STRING{IEEE_J_EDU = {{IEEE} Trans. Education}}

@STRING{IEEE_J_EM = {{IEEE} Trans. Eng. Management}}

@STRING{IEEE_J_EWS = {{IEEE} Trans. Eng. Writing and Speech}}

@STRING{IEEE_J_LT = {{IEEE} Trans. Learning Technologies}}

@STRING{IEEE_J_PC = {{IEEE} Trans. Prof. Communication}}

@STRING{IEEE_J_AWPL = {{IEEE} Antennas and Wireless Prop. Lett.}}

@STRING{IEEE_J_MAGL = {{IEEE} Magnetics Lett.}}

@STRING{IEEE_J_MGWL = {{IEEE} Microwave and Guided Wave Lett.}}

@STRING{IEEE_J_MWCL = {{IEEE} Microwave and Wireless Comp. Lett.}}

@STRING{IEEE_J_RFIC = {{IEEE} {RFIC} J.}}

@STRING{IEEE_J_RFID = {{IEEE} {RFID} J.}}

@STRING{IEEE_J_AP = {{IEEE} Trans. Antennas and Prop.}}

@STRING{IEEE_J_EMC = {{IEEE} Trans. Electromagnetic Compat.}}

@STRING{IEEE_J_MAG = {{IEEE} Trans. Magnetics}}

@STRING{IEEE_J_MTT = {{IEEE} Trans. Microwave Theory and Techniques}}

@STRING{IEEE_J_RFI = {{IEEE} Trans. Radio Frequency Interference}}

@STRING{IEEE_J_TTHZ = {{IEEE} Trans. Terahertz Science and Tech.}}

@STRING{IEEE_J_TJMJ = {{IEEE} Translation J. on Magnetics in Japan}}

@STRING{IEEE_J_PHOT = {{IEEE} J. of Photovoltaics}}

@STRING{IEEE_J_PEL = {{IEEE} Power Elec. Lett.}}

@STRING{IEEE_J_PETS = {{IEEE} Power and Energy Tech. Sys. J.}}

@STRING{IEEE_J_ESTPE = {{IEEE} Trans. Emerging and Selected Topics in Power Elec.}}

@STRING{IEEE_J_EC = {{IEEE} Trans. Energy Conversion}}

@STRING{IEEE_J_PWRAS = {{IEEE} Trans. Power Apparatus and Sys.}}

@STRING{IEEE_J_PWRD = {{IEEE} Trans. Power Delivery}}

@STRING{IEEE_J_PWRE = {{IEEE} Trans. Power Elec.}}

@STRING{IEEE_J_PWRS = {{IEEE} Trans. Power Sys.}}

@STRING{IEEE_J_SG = {{IEEE} Trans. Smart Grid}}

@STRING{IEEE_J_STE = {{IEEE} Trans. Sustainable Energy}}

@STRING{IEEE_J_PSE = {{IEEE} J. of Product Safety Eng.}}

@STRING{IEEE_J_APPIND = {{IEEE} Trans. Appl. and Ind.}}

@STRING{IEEE_J_BC = {{IEEE} Trans. Broadcasting}}

@STRING{IEEE_J_BCTV = {{IEEE} Trans. Broadcast and Television Receivers}}

@STRING{IEEE_J_CE = {{IEEE} Trans. Consumer Elec.}}

@STRING{IEEE_J_IE = {{IEEE} Trans. Ind. Elec.}}

@STRING{IEEE_J_IECI = {{IEEE} Trans. Ind. Elec. and Control Instrum.}}

@STRING{IEEE_J_IA = {{IEEE} Trans. Ind. Appl.}}

@STRING{IEEE_J_IGA = {{IEEE} Trans. Ind. and General Appl.}}

@STRING{IEEE_J_IINF = {{IEEE} Trans. Ind. Informatics}}

@STRING{IEEE_J_IM = {{IEEE} Trans. Instrum. and Meas.}}

@STRING{IEEE_J_JEM = {{IEEE/TMS} J. of Electronic Materials}}

@STRING{IEEE_J_DEI = {{IEEE} Trans. Dielectrics and Electrical Insulation}}

@STRING{IEEE_J_EI = {{IEEE} Trans. Electrical Insulation}}

@STRING{IEEE_J_MEMS = {{IEEE/ASME} J. of Microelectromechanical Sys.}}

@STRING{IEEE_J_MEMSI = {{IEEE} J. of Microelectromechanical Sys.}}

@STRING{IEEE_J_MECH = {{IEEE/ASME} Trans. Mechatronics}}

@STRING{IEEE_J_BHI = {{IEEE} J. of Biomed. and Health Informatics}}

@STRING{IEEE_J_TEHM = {{IEEE} J. of Translational Eng. in Health and Medicine}}

@STRING{IEEE_J_LS = {{IEEE} Life Sci. Lett.}}

@STRING{IEEE_J_RBME = {{IEEE} Reviews in Biomed. Eng.}}

@STRING{IEEE_J_BCAS = {{IEEE} Trans. Biomed. Circuits and Sys.}}

@STRING{IEEE_J_BMELC = {{IEEE} Trans. Bio-Med. Elec.}}

@STRING{IEEE_J_BME = {{IEEE} Trans. Biomed. Eng.}}

@STRING{IEEE_J_B-ME = {{IEEE} Trans. Bio-Med. Eng.}}

@STRING{IEEE_J_CBB = {{IEEE/ACM} Trans. Computational Biology and Bioinformatics}}

@STRING{IEEE_J_ITBM = {{IEEE} Trans. Information Tech. in Biomedicine}}

@STRING{IEEE_J_ME = {{IEEE} Trans. Med. Elec.}}

@STRING{IEEE_J_MI = {{IEEE} Trans. Med. Imaging}}

@STRING{IEEE_J_MBSC = {{IEEE} Trans. Molecular, Biological and Multi-Scale Communications}}

@STRING{IEEE_J_NB = {{IEEE} Trans. NanoBioscience}}

@STRING{IEEE_J_NSRE = {{IEEE} Trans. Neural Sys. and Rehabilitation Eng.}}

@STRING{IEEE_J_RE = {{IEEE} Trans. Rehabilitation Eng.}}

@STRING{IEEE_J_JLT = {{IEEE/OSA} J. of Lightwave Tech.}}

@STRING{IEEE_J_OCN = {{IEEE} J. of Optical Communications and Networking}}

@STRING{IEEE_J_PJ = {{IEEE} Photonics J.}}

@STRING{IEEE_J_PTL = {{IEEE} Photonics Tech. Lett.}}

@STRING{IEEE_J_EDL = {{IEEE} Electron Device Lett.}}

@STRING{IEEE_J_EDS = {{IEEE} J. of Electron Devices Society}}

@STRING{IEEE_J_JQE = {{IEEE} J. of Quantum Elec.}}

@STRING{IEEE_J_JSTQE = {{IEEE} J. of Selected Topics in Quantum Elec.}}

@STRING{IEEE_J_ENANO = {{IEEE} Nanotechnology Express}}

@STRING{IEEE_J_ED = {{IEEE} Trans. Electron Devices}}

@STRING{IEEE_J_NANO = {{IEEE} Trans. Nanotechnology}}

@STRING{IEEE_J_NS = {{IEEE} Trans. Nuclear Science}}

@STRING{IEEE_J_PS = {{IEEE} Trans. Plasma Science}}

@STRING{IEEE_J_DMR = {{IEEE} Trans. Device and Materials Reliability}}

@STRING{IEEE_J_R = {{IEEE} Trans. Reliability}}

@STRING{IEEE_J_ESSL = {{IEEE/ECS} Electrochemical and Solid-State Lett.}}

@STRING{IEEE_J_JSSC = {{IEEE} J. of Solid-State Circuits}}

@STRING{IEEE_J_ASC = {{IEEE} Trans. Applied Superconductivity}}

@STRING{IEEE_J_SM = {{IEEE} Trans. Semiconductor Manufacturing}}

@STRING{IEEE_J_SENSOR = {{IEEE} Sensors J.}}

@STRING{IEEE_J_VLSI = {{IEEE} Trans. Very Large Scale Integration ({VLSI}) Sys.}}

@STRING{IEEE_O_ACC = {{IEEE} Access}}

@STRING{IEEE_M_AES = {{IEEE} Aerospace and Elec. Sys. Magn.}}

@STRING{IEEE_M_HIST = {{IEEE} Annals of the History of Computing}}

@STRING{IEEE_M_AP = {{IEEE} Antennas and Prop. Magn.}}

@STRING{IEEE_M_ASSP = {{IEEE} {ASSP} Magn.}}

@STRING{IEEE_M_CHINAC = {China Communications Magn.}}

@STRING{IEEE_M_CD = {{IEEE} Circuits and Devices Magn.}}

@STRING{IEEE_M_CAS = {{IEEE} Circuits and Sys. Magn.}}

@STRING{IEEE_M_COM = {{IEEE} Communications Magn.}}

@STRING{IEEE_M_COMSOC = {{IEEE} Communications Society Magn.}}

@STRING{IEEE_O_CSTO = {{IEEE} Communications Surveys and Tutorials}}

@STRING{IEEE_M_CIM = {{IEEE} Computational Intell. Magn.}}

@STRING{IEEE_M_CSE = {{IEEE} Computing in Science and Eng.}}

@STRING{IEEE_M_CSEM = {{IEEE} Computational Science and Eng. Magn.}}

@STRING{IEEE_M_C = {Comput.}}

@STRING{IEEE_M_CAP = {{IEEE} Comput. Appl. in Power}}

@STRING{IEEE_M_CGA = {{IEEE} Comput. Graphics and Appl.}}

@STRING{IEEE_M_CONC = {{IEEE} Concurrency}}

@STRING{IEEE_M_CS = {{IEEE} Control Sys. Magn.}}

@STRING{IEEE_M_DT = {{IEEE} Design \&\ Test}}

@STRING{IEEE_M_DTC = {{IEEE} Design and Test of Comput.s}}

@STRING{IEEE_O_DSO = {{IEEE} Distributed Sys. Online}}

@STRING{IEEE_M_EI = {{IEEE} Electrical Insulation Magn.}}

@STRING{IEEE_M_ETF = {{IEEE} Electrification Magn.}}

@STRING{IEEE_M_EMC = {{IEEE} Electromagnetic Compat. Magn.}}

@STRING{IEEE_M_ETR = {{IEEE} ElectroTech. Review}}

@STRING{IEEE_M_EMR = {{IEEE} Eng. Management Review}}

@STRING{IEEE_M_EMB = {{IEEE} Eng. in Medicine and Biology Magn.}}

@STRING{IEEE_M_EXP = {{IEEE} Expert}}

@STRING{IEEE_M_GRS = {{IEEE} Geosci. and Remote Sensing Magn.}}

@STRING{IEEE_M_IA = {{IEEE} Ind. Appl. Magn.}}

@STRING{IEEE_M_IE = {{IEEE} Ind. Elec. Magn.}}

@STRING{IEEE_M_IM = {{IEEE} Instrum. and Meas. Magn.}}

@STRING{IEEE_M_IS = {{IEEE} Intell. Sys.}}

@STRING{IEEE_M_ITS = {{IEEE} Intell. Transport. Sys. Magn.}}

@STRING{IEEE_M_IC = {{IEEE} Internet Computing}}

@STRING{IEEE_M_ITP = {{IEEE} {IT} Prof.}}

@STRING{IEEE_M_MICRO = {{IEEE} Micro}}

@STRING{IEEE_M_MW = {{IEEE} Microwave Magn.}}

@STRING{IEEE_M_MM = {{IEEE} Multimedia}}

@STRING{IEEE_M_NANO = {{IEEE} Nanotechnology Magn.}}

@STRING{IEEE_M_NET = {{IEEE} Network}}

@STRING{IEEE_M_PCOM = {{IEEE} Personal Communications Magn.}}

@STRING{IEEE_M_PVC = {{IEEE} Pervasive Computing}}

@STRING{IEEE_M_POT = {{IEEE} Potentials}}

@STRING{IEEE_M_PEL = {{IEEE} Power Elec. Magn.}}

@STRING{IEEE_M_PE = {{IEEE} Power and Energy Magn.}}

@STRING{IEEE_M_PER = {{IEEE} Power Eng. Review}}

@STRING{IEEE_M_PULSE = {{IEEE} Pulse}}

@STRING{IEEE_M_RA = {{IEEE} Robot. and Automat. Magn.}}

@STRING{IEEE_M_SAP = {{IEEE} Security and Privacy}}

@STRING{IEEE_M_SP = {{IEEE} Signal Processing Magn.}}

@STRING{IEEE_M_S = {{IEEE} Software}}

@STRING{IEEE_M_SSC = {{IEEE} Solid-State Circuits Magn.}}

@STRING{IEEE_M_SPECT = {{IEEE} Spectrum}}

@STRING{IEEE_M_SMC = {{IEEE} Sys., Man, and Cybernetics Magn.}}

@STRING{IEEE_M_TS = {{IEEE} Tech. and Society Magn.}}

@STRING{IEEE_M_VT = {{IEEE} Vehicular Tech. Magn.}}

@STRING{IEEE_M_WC = {{IEEE} Wireless Communications}}

@STRING{IEEE_M_TODAY = {Today's Engineer}}

@STRING{IEEE_J_FR = {{IEEE} Trans. Field Robot.}}

@STRING{J-AGU = {{EOS}, Trans. American Geophysical Union}}

@STRING{J-AR = {Autonomous Robots}}

@STRING{J-CVIU = {Comput. Vision and Image Understanding}}

@STRING{J-IJCV = {Intl. J. of Comput. Vision}}

@STRING{J-IJRR = {Intl. J. of Robot. Research}}

@STRING{J-JFR = {J. of Field Robot.}}

@STRING{J-JGR = {J. of Geophysical Research}}

@STRING{J-JMLR = {J. of Machine Learning Research}}

@STRING{J-JOSA = {J. of the Optical Society of America}}

@STRING{J-LNCS = {Lecture Notes in Comput. Science, Springer-Verlag}}

@STRING{J-MEPS = {Marine Ecology Progress Series}}

@STRING{J-MTS = {Marine Tech. Society J.}}

@STRING{J-NEJ = {Naval Engineers J.}}

@STRING{J-PTRSL = {Philosophical Trans. Royal Society of London}}

@STRING{J-RAS = {Robot. and Autonomous Sys.}}

@STRING{J-ISR = {Intl. Service Robot.}}

@STRING{KJ-JICROS = {J. of Inst. of Control, Robot. and Sys.}}
