@misc{celestrak-sem,
	title        = {CelesTrak: GPS SEM Almanacs},
	url          = {https://celestrak.org/GPS/almanac/SEM/}
}
@misc{nasa-cddis,
	title        = {NASA - Crustal dynamics data information system},
	url          = {https://cddis.nasa.gov/index.html}
}
@misc{Draft-ietf-ntp-roughtime-06,
	title        = {draft-ietf-ntp-roughtime-06},
	url          = {https://datatracker.ietf.org/doc/html/draft-ietf-ntp-roughtime}
}
@misc{Grounding1995,
	title        = {Grounding of Panamanian Passenger Ship Royal Majesty near Nantucket Island, MA, June 10, 1995},
	url          = {https://www.ntsb.gov/news/events/Pages/Grounding\%5Fof\%5FPanamanian\%5FPassenger\%5FShip\%5FRoyal\%5FMajesty\%5Fnear\%5FNantucket\%5FIsland\%5FMA\%5FJune\%5F10\%5F1995.aspx}
}
@article{NoTitle,
	title        = {No Title},
	doi          = {10.1109/JPROC.2016.2530814}
}
@misc{RoughtimeGoogle,
	title        = {roughtime - Git at Google},
	url          = {https://roughtime.googlesource.com/roughtime}
}
@misc{SDRMultiFrequency2018,
	title        = {{(In)Feasibility of Multi-Frequency Spoofing - Inside {GNSS} - Global Navigation Satellite Systems Engineering, Policy, and Design}},
	url          = {https://inside{GNSS}.com/infeasibility-of-multi-frequency-spoofing/},
	urldate      = {2023-01-16}
}
@misc{LeksellTGalileo2021,
	title        = {A Comparison of Smartphone GPSL1 and Galileo E1-B/C Spoofing Resilience},
	url          = {http://www.diva-portal.org/smash/get/diva2:1544978/FULLTEXT01.pdf},
	urldate      = {2023-01-16}
}
@article{Annessi,
	title        = {SecureTime: Secure Multicast Time Synchronization},
	author       = {Annessi, Robert and Fabini, Joachim and Zseby, Tanja},
	pages        = {1--20}
}
@techreport{Arnolda,
	title        = {Options for PTP Security},
	author       = {Arnold, Doug}
}
@techreport{Broumandan,
	title        = {A low-complexity GPS anti-spoofing method using a multi-antenna array {GNSS} Measurement Quality Monitoring (MQM) View project Android phone {GNSS} data evaluation View project A Low-Complexity GPS Anti-Spoofing Method Using a Multi-Antenna Array},
	author       = {Broumandan, Ali and Lachapelle, G\'{e}rard and Daneshmand, Saeed and others},
	url          = {http://plan.geomatics.ucalgary.ca}
}
@article{DeutschPreventingChronos,
	title        = {Preventing (Network) Time Travel with Chronos},
	author       = {Deutsch, Omer and Schiff, Neta Rozen and Dolev, Danny and others},
	doi          = {10.14722/ndss.2018.23231},
	url          = {http://dx.doi.org/10.14722/ndss.2018.23231}
}
@article{HumphreysAssessingSpoofer,
	title        = {Assessing the Spoofing Threat: Development of a Portable GPS Civilian Spoofer},
	author       = {Humphreys, Todd E and Psiaki, Mark L and O'hanlon, Brady W and others},
	url          = {http://philosecurity.org/2008/09/07/gps-spoofing}
}
@article{Seco-GranadosDetectionUnpredictability,
	title        = {Detection of Replay Attacks to {GNSS} based on Partial Correlations and Authentication Data Unpredictability},
	author       = {Seco-Granados, Gonzalo and G{\'{o}}mez-Casco, David and L{\'{o}}pez-Salcedo, Jos\'{e} A and others}
}
@article{Allan1987,
	title        = {Time and Frequency (Time-Domain) Characterization, Estimation, and Prediction of Precision Clocks and Oscillators},
	author       = {Allan, David W.},
	year         = 1987,
	journal      = {IEEE Transactions on Ultrasonics, Ferroelectrics, and Frequency Control},
	volume       = 34,
	number       = 6,
	pages        = {647--654},
	doi          = {10.1109/T-UFFC.1987.26997}
}
@article{JonesTryonTimeSeries,
	title        = {Continuous Time Series Models for Unequally Spaced Data Applied to Modeling Atomic Clocks},
	author       = {Jones, Richard H. and Tryon, Peter V.},
	year         = 1987,
	journal      = {SIAM Journal on Scientific and Statistical Computing},
	volume       = 8,
	number       = 1,
	pages        = {71--81},
	doi          = {10.1137/0908007}
}
@inproceedings{Butterline1988,
	title        = {{USE OF GPS TO SYNCHRONIZE THE AT{\&}T NATIONAL TELECOMMUNICATIONS NETWORK}},
	author       = {Butterline, E.W. and Abate, J.E. and Zampetti, G.P.},
	year         = 1988,
	month        = 11,
	booktitle    = {Proceedings of the 20th Annual Precise Time and Time Interval Systems and Applications Meeting},
	address      = {Vienna, Virginia},
	pages        = {65--76},
	url          = {http://www.ion.org/publications/abstract.cfm?jp=p\&articleID=15423}
}
@article{Brown1991b,
	title        = {The Theory of the GPS Composite Clock},
	author       = {Brown, Kenneth R},
	year         = 1991,
	journal      = {Proceedings of the 4th International Technical Meeting of the Satellite Division of The Institute of Navigation (ION GPS 1991)},
	pages        = {223--242}
}
@article{GPSICD-M-2021,
	title        = {Navstar GPS Space Segment/Navigation User Interfaces (Public Release Version)},
	author       = {Fyfe, Peter and Kovach, Karl},
	year         = 1991,
	url          = {https://www.gps.gov/technical/icwg/IS-GPS-200M.pdf http://oai.dtic.mil/oai/oai?verb=getRecord\&metadataPrefix=html\&identifier=ADA255994}
}
@inproceedings{Hutsell1995Relating,
	title        = {Relating the Hadamard Variance to MCS Kalman Filter Clock Estimation},
	author       = {Hutsell, Steven},
	year         = 1995,
	month        = 11,
	publisher    = {Proceedings of the 27th Annual Precise Time and Time Interval Systems and Applications Meeting},
	address      = {San Diego, CA}
}
@inproceedings{Hutseil1996,
	title        = {Relating the Hadamard Variance to MCS Kalman Filter Clock Variance Estimation},
	author       = {Hutseil, T},
	year         = 1996,
	month        = 12,
	booktitle    = {27th Annual Precise Time and Time Interval (PTTI) Applications and Planning Meeting},
	pages        = {291--302}
}
@inproceedings{Cantor1999,
	title        = {Clock Technology},
	author       = {Cantor, Stephen R and Corporation, The Mitre and Bedford, Burlington Rd and others},
	year         = 1999,
	month        = 6,
	publisher    = {Proceedings of the 55th Annual Meeting of The Institute of Navigation (1999)},
	address      = {Cambridge, MA},
	number       = {June},
	pages        = {28--30}
}
@misc{Levine1999c,
	title        = {Introduction to time and frequency metrology},
	author       = {Levine, Judah},
	year         = 1999,
	booktitle    = {Review of Scientific Instruments},
	publisher    = {American Institute of Physics Inc.},
	volume       = 70,
	number       = 6,
	pages        = {2567--2596},
	doi          = {10.1063/1.1149844}
}
@article{Greenhall2001,
	title        = {Kalman plus weights: a time scale algorithm},
	author       = {Greenhall, CA},
	year         = 2001,
	journal      = {33rd Annual Precise Time and Time Interval ( {\ldots}},
	number       = {January},
	url          = {http://trs-new.jpl.nasa.gov/dspace/handle/2014/36902}
}
@article{Defraigne2003TimeReceivers,
	title        = {Time transfer to TAI using geodetic receivers},
	author       = {Defraigne, P and Petit, G},
	year         = 2003,
	journal      = {Metrologia},
	volume       = 40,
	pages        = {184--188}
}
@article{Filho2003,
	title        = {Real Time Estimation of Gps Receiver Clock Offset By the Kalman Filter},
	author       = {Filho, Edmundo A. Marques and Lopes, Roberto V. F. and Kuga, Koiti H\'{e}lio},
	year         = 2003,
	journal      = {Proceedings of 17th International Congress of Mechanical Engineering}
}
@article{Filho2003b,
	title        = {Real Time Estimation of Gps Receiver Clock Offset By the Kalman Filter},
	author       = {Filho, Edmundo A. Marques and Lopes, Roberto V. F. and Kuga, Koiti H\'{e}lio},
	year         = 2003,
	journal      = {Proceedings of 17th International Congress of Mechanical Engineering}
}
@article{Galleani2003a,
	title        = {On the use of the Kalman filter in timescales},
	author       = {Galleani, L. and Tavella, P.},
	year         = 2003,
	journal      = {Metrologia},
	volume       = 40,
	number       = 3,
	doi          = {10.1088/0026-1394/40/3/312}
}
@article{Sinopoli2004,
	title        = {Kalman filtering with intermittent observations},
	author       = {Sinopoli, Bruno and Schenato, Luca and Franceschetti, Massimo and others},
	year         = 2004,
	month        = 9,
	journal      = {IEEE Transactions on Automatic Control},
	volume       = 49,
	number       = 9,
	pages        = {1453--1464},
	doi          = {10.1109/TAC.2004.834121}
}
@inproceedings{Kohno2005,
	title        = {Remote physical device fingerprinting},
	author       = {Kohno, Tadayoshi and Broido, Andre and Claffy, K. C.},
	year         = 2005,
	month        = 4,
	booktitle    = {IEEE Transactions on Dependable and Secure Computing},
	volume       = 2,
	number       = 2,
	pages        = {93--108},
	doi          = {10.1109/TDSC.2005.26}
}
@article{sun2005self,
	title        = {A self-coherence anti-jamming GPS receiver},
	author       = {Sun, Wei and Amin, Moeness G},
	year         = 2005,
	journal      = {IEEE Transactions on Signal Processing},
	publisher    = {IEEE},
	volume       = 53,
	number       = 10,
	pages        = {3910--3915}
}
@inproceedings{Wen2005CountermeasuresSpoofing,
	title        = {Countermeasures for GPS signal spoofing},
	author       = {Wen, Hengqing and Huang, Peter Yih Ru and Dyer, John and others},
	year         = 2005,
	booktitle    = {Proceedings of the 18th International Technical Meeting of the Satellite Division of The Institute of Navigation, ION {GNSS} 2005},
	volume       = 2005,
	pages        = {1285--1290}
}
@article{Greenhall2006,
	title        = {A Kalman filter clock ensemble algorithm that admits measurement noise},
	author       = {Greenhall, Charles A.},
	year         = 2006,
	journal      = {Metrologia},
	volume       = 43,
	number       = 4,
	doi          = {10.1088/0026-1394/43/4/S19}
}
@article{Greenhall2006b,
	title        = {A Kalman filter clock ensemble algorithm that admits measurement noise},
	author       = {Greenhall, Charles A.},
	year         = 2006,
	journal      = {Metrologia},
	volume       = 43,
	number       = 4,
	doi          = {10.1088/0026-1394/43/4/S19}
}
@article{Greenhall2006a,
	title        = {A Kalman filter clock ensemble algorithm that admits measurement noise},
	author       = {Greenhall, Charles A.},
	year         = 2006,
	journal      = {Metrologia},
	volume       = 43,
	number       = 4,
	doi          = {10.1088/0026-1394/43/4/S19}
}
@book{mills2016computer,
	title        = {Computer network time synchronization: the Network Time Protocol},
	author       = {Mills, David L.},
	year         = 2006,
	booktitle    = {Group},
	publisher    = {CRC press},
	pages        = 286,
	url          = {http://books.google.com/books?id=pdTcJBfnbq8C\&pgis=1}
}
@inproceedings{Eidson2007a,
	title        = {IEEE 1588 standard for a precision clock synchronization protocol for networked measurement and control systems},
	author       = {Eidson, J. and {Kang Lee}},
	year         = 2007,
	month        = 10,
	publisher    = {Institute of Electrical and Electronics Engineers (IEEE)},
	pages        = {98--105},
	doi          = {10.1109/sficon.2002.1159815}
}
@inproceedings{Eidson2007ab,
	title        = {IEEE 1588 standard for a precision clock synchronization protocol for networked measurement and control systems},
	author       = {Eidson, J. and {Kang Lee}},
	year         = 2007,
	month        = 10,
	publisher    = {Institute of Electrical and Electronics Engineers (IEEE)},
	pages        = {98--105},
	doi          = {10.1109/sficon.2002.1159815}
}
@inproceedings{Allan2008,
	title        = {Accurate Time and Frequency Transfer During Common-View of a GPS Satellite},
	author       = {Allan, D.W. and Weiss, M.A.},
	year         = 2008,
	month        = 5,
	booktitle    = {Proc. 34th Ann. Freq. Control Symposium (USAERADCOM)},
	address      = {Ft. Monmouth, Wyoming},
	pages        = {334--346},
	doi          = {10.1109/freq.1980.200424}
}
@inproceedings{Gaggero2008,
	title        = {Ultra-stable oscillators: Limits of {GNSS} coherent integration},
	author       = {Gaggero, Pascal O. and Borio, Daniele},
	year         = 2008,
	booktitle    = {21st International Technical Meeting of the Satellite Division of the Institute of Navigation, ION {GNSS} 2008},
	volume       = 1,
	pages        = {101--111}
}
@article{Hamilton2008d,
	title        = {ACES: Adaptive clock estimation and synchronization using Kalman filtering},
	author       = {Hamilton, Benjamin R. and Ma, Xiaoli and Zhao, Qi and others},
	year         = 2008,
	journal      = {Proceedings of the Annual International Conference on Mobile Computing and Networking, MOBICOM},
	pages        = {152--162},
	doi          = {10.1145/1409944.1409963}
}
@inproceedings{Humphreys2008,
	title        = {Assessing the spoofing threat: Development of a portable gps civilian spoofer},
	author       = {Humphreys, Todd E. and Ledvina, Brent M. and Psiaki, Mark L. and others},
	year         = 2008,
	booktitle    = {21st International Technical Meeting of the Satellite Division of the Institute of Navigation, ION {GNSS} 2008},
	volume       = 2,
	pages        = {1198--1209}
}
@inproceedings{papadimMilcom2008,
	title        = {{GNSS}-based positioning: Attacks and countermeasures},
	author       = {Papadimitratos, Panagiotis and Jovanovic, Aleksandar},
	year         = 2008,
	month        = 11,
	booktitle    = {Proceedings - IEEE Military Communications Conference MILCOM},
	publisher    = {IEEE},
	pages        = {1--7},
	doi          = {10.1109/MILCOM.2008.4753512},
	url          = {https://ieeexplore.ieee.org/stamp/stamp.jsp?arnumber=4753512 http://ieeexplore.ieee.org/document/4753512/},
	arxivid      = {1001.0025}
}

@article{Petit2008GPSComputation,
	title        = {GPS All in View time transfer for TAI computation},
	author       = {Petit, G and Jiang, Z},
	year         = 2008,
	journal      = {Metrologia},
	volume       = 45,
	pages        = {35--45},
	doi          = {10.1088/0026-1394/45/1/006}
}
@article{Wang2008TestFiltering,
	title        = {Test Statistics in Kalman Filtering},
	author       = {Wang, Jian-Guo},
	year         = 2008,
	journal      = {Journal of Global Positioning Systems},
	volume       = 7,
	number       = 1,
	pages        = {81--90}
}
@inproceedings{montgomery2009receiver,
	title        = {Receiver-autonomous spoofing detection: Experimental results of a multi-antenna receiver defense against a portable civil GPS spoofer},
	author       = {Montgomery, Paul Y. and Humphreys, Todd E. and Ledvina, Brent M.},
	year         = 2009,
	booktitle    = {Proceedings of the Institute of Navigation, National Technical Meeting},
	volume       = 1,
	pages        = {124--130}
}
@inproceedings{rfc201006,
	title        = {{Network Time Protocol Version 4: Autokey Specification}},
	author       = {{B. Haberman}, Ed. and JHU/APL and {D. Mills} and others},
	year         = 2010,
	booktitle    = {Internet Engineering Task Force (IETF)},
	url          = {https://tools.ietf.org/html/rfc5906},
	abstract     = {This memo describes the Autokey security model for authenticating servers to clients using the Network Time Protocol (NTP) and public key cryptography. Its design is based on the premise that IPsec schemes cannot be adopted intact, since that would preclude stateless servers and severely compromise timekeeping accuracy. In addition, Public Key Infrastructure (PKI) schemes presume authenticated time values are always available to enforce certificate lifetimes; however, cryptographically verified timestamps require interaction between the timekeeping and authentication functions.}
}
@article{Jana2010,
	title        = {On fast and accurate detection of unauthorized wireless access points using clock skews},
	author       = {Jana, Suman and Kasera, Sneha K.},
	year         = 2010,
	month        = 3,
	journal      = {IEEE Transactions on Mobile Computing},
	volume       = 9,
	number       = 3,
	pages        = {449--462},
	doi          = {10.1109/TMC.2009.145}
}
@inproceedings{Ledvina2010AnReceivers,
	title        = {An in-line anti-spoofing device for legacy civil GPS receivers},
	author       = {Ledvina, Brent M. and Bencze, William J. and Galusha, Bryan and others},
	year         = 2010,
	month        = 1,
	booktitle    = {Institute of Navigation - International Technical Meeting 2010, ITM 2010},
	volume       = 2,
	pages        = {868--882},
	url          = {http://www.ion.org/publications/abstract.cfm?jp=p\&articleID=8852}
}
@article{muthuraman2010c,
	title        = {C/No estimation for modernized {GNSS} signals: Theoretical bounds and a novel iterative estimator},
	author       = {Muthuraman, Kannan and Borio, Daniele},
	year         = 2010,
	journal      = {Navigation, Journal of the Institute of Navigation},
	publisher    = {Wiley Online Library},
	volume       = 57,
	number       = 4,
	pages        = {309--323},
	doi          = {10.1002/j.2161-4296.2010.tb01785.x}
}
@article{Zhang2010CombinationTransfer,
	title        = {Combination of TWSTFT and GPS data for time transfer},
	author       = {Zhang, Shengkang and Parker, Thomas and Zhang, Victor and others},
	year         = 2010,
	journal      = {Metrologia},
	volume       = 47,
	pages        = {305--316},
	doi          = {10.1088/0026-1394/47/3/022}
}
@inproceedings{Greenhall2011b,
	title        = {Reduced Kalman filters for clock ensembles},
	author       = {Greenhall, Charles A.},
	year         = 2011,
	booktitle    = {Proceedings of the IEEE International Frequency Control Symposium and Exposition},
	doi          = {10.1109/FCS.2011.5977317}
}
@inproceedings{Greenhall2011bb,
	title        = {Reduced Kalman filters for clock ensembles},
	author       = {Greenhall, Charles A.},
	year         = 2011,
	booktitle    = {Proceedings of the IEEE International Frequency Control Symposium and Exposition},
	doi          = {10.1109/FCS.2011.5977317}
}
@article{Nielsen2011{GNSS}Receivers,
	title        = {{GNSS} Spoofing Detection for Single Antenna Handheld Receivers},
	author       = {Nielsen, John and Broumandan, A. L.I. and Lachapelle, G\'{e}rard},
	year         = 2011,
	month        = 12,
	journal      = {Navigation},
	publisher    = {John Wiley {\&} Sons, Ltd},
	volume       = 58,
	number       = 4,
	pages        = {335--344},
	doi          = {10.1002/J.2161-4296.2011.TB02590.X},
}
@inproceedings{tippenhauer2011requirements,
	title        = {On the requirements for successful GPS spoofing attacks},
	author       = {Tippenhauer, Nils Ole and P{\"{o}}pper, Christina and Rasmussen, Kasper B. and others},
	year         = 2011,
	booktitle    = {Proceedings of the ACM Conference on Computer and Communications Security},
	pages        = {75--85},
	doi          = {10.1145/2046707.2046719},
	organization = {ACM}
}
@inproceedings{tippenhauer2011requirementsb,
	title        = {On the requirements for successful GPS spoofing attacks},
	author       = {Tippenhauer, Nils Ole and P{\"{o}}pper, Christina and Rasmussen, Kasper B. and others},
	year         = 2011,
	booktitle    = {Proceedings of the ACM Conference on Computer and Communications Security},
	pages        = {75--85},
	doi          = {10.1145/2046707.2046719},
	organization = {ACM}
}
@inproceedings{wesson2011evaluation,
	title        = {An evaluation of the vestigial signal defense for civil GPS anti-spoofing},
	author       = {Wesson, Kyle D. and Shepard, Daniel P. and Bhatti, Jahshan A. and others},
	year         = 2011,
	booktitle    = {24th International Technical Meeting of the Satellite Division of the Institute of Navigation 2011, ION {GNSS} 2011},
	volume       = 4,
	pages        = {2646--2656}
}
@article{6178212,
	title        = {IEEE Standard for Information technology-Telecommunications and information exchange between systems Local and metropolitan area networks- Specific requirements Part 11: Wireless LAN Medium Access Control (MAC) and Physical Layer (PHY)Specifications},
	author       = {802.11, IEEE},
	year         = 2012,
	journal      = {IEEE Std 802.11-2012 (Revision of IEEE Std 802.11-2007)},
	volume       = 11,
	pages        = {1--2793},
	doi          = {10.1109/IEEESTD.2012.6178212}
}
@article{Akos2012,
	title        = {Who's afraid of the spoofer? GPS/{GNSS} spoofing detection via automatic gain control (agc)},
	author       = {Akos, Dennis M.},
	year         = 2012,
	month        = 12,
	journal      = {Navigation, Journal of the Institute of Navigation},
	publisher    = {John Wiley {\&} Sons, Ltd},
	volume       = 59,
	number       = 4,
	pages        = {281--290},
	doi          = {10.1002/navi.19},
	url          = {http://doi.wiley.com/10.1002/navi.19}
}
@article{borowski2012detecting,
	title        = {Detecting false signals: With automatic gain control},
	author       = {Borowski, Holly and Isoz, Oscar and Eklof, Fredrik Marsten and others},
	year         = 2012,
	journal      = {GPS World},
	volume       = 23,
	number       = 4,
	pages        = {38--43}
}
@article{Humphreys2012a,
	title        = {The Texas spoofing test battery: Toward a standard for evaluating GPS signal authentication techniques},
	author       = {Humphreys, Todd and Bhatti, Jahshan and Shepard, Daniel and others},
	year         = 2012,
	journal      = {25th International Technical Meeting of the Satellite Division of the Institute of Navigation 2012, ION {GNSS} 2012},
	volume       = 5,
	pages        = {3569--3583}
}
@techreport{Humphreys2012,
	title        = {The Texas Spoofing Test Battery: Toward a Standard for Evaluating GPS Signal Authentication Techniques},
	author       = {Humphreys, Todd and Bhatti, Jahshan and Shepard, Daniel and others},
	year         = 2012
}
@article{jafarnia2012gps,
	title        = {GPS vulnerability to spoofing threats and a review of antispoofing techniques},
	author       = {Jafarnia-Jahromi, Ali and Broumandan, Ali and Nielsen, John and others},
	year         = 2012,
	journal      = {International Journal of Navigation and Observation},
	publisher    = {Hindawi Publishing Corporation},
	volume       = 2012,
	doi          = {10.1155/2012/127072}
}
@article{jafarnia2012gpsb,
	title        = {GPS vulnerability to spoofing threats and a review of antispoofing techniques},
	author       = {Jafarnia-Jahromi, Ali and Broumandan, Ali and Nielsen, John and others},
	year         = 2012,
	journal      = {International Journal of Navigation and Observation},
	publisher    = {Hindawi Publishing Corporation},
	volume       = 2012,
	doi          = {10.1155/2012/127072}
}
@article{Kim2012,
	title        = {Tracking low-precision clocks with time-varying drifts using Kalman filtering},
	author       = {Kim, Hayang and Ma, Xiaoli and Hamilton, Benjamin Russell},
	year         = 2012,
	journal      = {IEEE/ACM Transactions on Networking},
	volume       = 20,
	number       = 1,
	pages        = {257--270},
	doi          = {10.1109/TNET.2011.2158656}
}
@inproceedings{Mizrahi2012,
	title        = {Slave diversity: Using multiple paths to improve the accuracy of clock synchronization protocols},
	author       = {Mizrahi, Tal},
	year         = 2012,
	booktitle    = {ISPCS 2012 - 2012 International IEEE Symposium on Precision Clock Synchronization for Measurement, Control, and Communication, Proceedings},
	pages        = {55--60},
	doi          = {10.1109/ISPCS.2012.6336621}
}
@article{Mizrahi2012AProtocols,
	title        = {A game theoretic analysis of delay attacks against time synchronization protocols},
	author       = {Mizrahi, Tal},
	year         = 2012,
	journal      = {ISPCS 2012 - 2012 International IEEE Symposium on Precision Clock Synchronization for Measurement, Control, and Communication, Proceedings},
	pages        = {67--72},
	doi          = {10.1109/ISPCS.2012.6336612}
}
@inproceedings{o2012real,
	title        = {Real-time spoofing detection using correlation between two civil GPS receivers},
	author       = {O'Hanlon, Brady W. and Psiaki, Mark L. and Humphreys, Todd E. and others},
	year         = 2012,
	booktitle    = {25th International Technical Meeting of the Satellite Division of the Institute of Navigation 2012, ION {GNSS} 2012},
	volume       = 5,
	pages        = {3584--3590}
}
@article{Shepard2012c,
	title        = {Evaluation of the vulnerability of phasor measurement units to GPS spoofing attacks},
	author       = {Shepard, Daniel P. and Humphreys, Todd E. and Fansler, Aaron A.},
	year         = 2012,
	journal      = {International Journal of Critical Infrastructure Protection},
	publisher    = {Elsevier},
	volume       = 5,
	number       = {3-4},
	pages        = {146--153},
	doi          = {10.1016/j.ijcip.2012.09.003},
	url          = {http://dx.doi.org/10.1016/j.ijcip.2012.09.003}
}
@article{wesson2012practical,
	title        = {Practical cryptographic civil GPS signal authentication},
	author       = {Wesson, K. and Rothlisberger, M. and Humphreys, T.},
	year         = 2012,
	journal      = {Navigation, Journal of the Institute of Navigation},
	publisher    = {Wiley Online Library},
	volume       = 59,
	number       = 3,
	pages        = {177--193},
	doi          = {10.1002/navi.14}
}
@inproceedings{Zenzinger2012,
	title        = {Failure detection and correction for clock ensemble in space},
	author       = {Zenzinger, A. and Bartusch, T. and Kuehl, C. and others},
	year         = 2012,
	booktitle    = {6th ESA Workshop on Satellite Navigation Technologies: Multi-{GNSS} Navigation Technologies Galileo's Here, NAVITEC 2012 and European Workshop on {GNSS} Signals and Signal Processing},
	doi          = {10.1109/NAVITEC.2012.6423054}
}
@inproceedings{garofaloWAMS,
	title        = {A GPS Spoofing Resilient WAMS for Smart Grid},
	author       = {Garofalo, Alessia and Di Sarno, Cesario and Coppolino, Luigi and others},
	year         = 2013,
	booktitle    = {Dependable Computing},
	publisher    = {Springer Berlin Heidelberg},
	address      = {Berlin, Heidelberg},
	pages        = {134--147},
	editor       = {Vieira, Marco and Cunha, Jo\~{a}o Carlos}
}
@article{humphreys2013detection,
	title        = {Detection strategy for cryptographic {GNSS} anti-spoofing},
	author       = {Humphreys, Todd E.},
	year         = 2013,
	journal      = {IEEE Transactions on Aerospace and Electronic Systems},
	publisher    = {IEEE},
	volume       = 49,
	number       = 2,
	pages        = {1073--1090},
	doi          = {10.1109/TAES.2013.6494400}
}
@inproceedings{jafarnia2013PNT,
	title        = {PVT solution authentication based on monitoring the clock state for a moving {GNSS} receiver},
	author       = {Jafarnia-Jahromi, Ali and Daneshmand, Saeed and Broumandan, Ali and others},
	year         = 2013,
	booktitle    = {European navigation conference (ENC)},
	volume       = 11
}
@article{Jafarnia-Jahromi2013b,
	title        = {Spoofing Countermeasures for {GNSS} Receivers – A Review of Current and Future Research},
	author       = {Jafarnia-Jahromi, Ali and Daneshmand, Saeed and Lachapelle, Gerard},
	year         = 2013,
	journal      = {4th Intern Colloquium on Scientific and Fundamental Aspects of the Galileo Programme},
	pages        = {4--6}
}
@article{Jahromi2013{GNSS}Interference,
	title        = {{GNSS} Signal Authenticity Verification in the Presence of Structural Interference},
	author       = {Jahromi, Ali Jafarnia},
	year         = 2013,
	month        = 9,
	journal      = {UCGE Reports},
	publisher    = {Graduate Studies},
	number       = 20385,
	doi          = {10.11575/PRISM/26310},
	url          = {https://prism.ucalgary.ca/handle/11023/927}
}
@article{marnach2013detecting,
	title        = {Detecting Meaconing Attacks by Analysing the Clock Bias of {GNSS} Receivers},
	author       = {Marnach, Daniel and Mauw, Sjouke and Martins, Miguel and others},
	year         = 2013,
	month        = 5,
	journal      = {Artificial Satellites},
	publisher    = {Walter de Gruyter GmbH},
	volume       = 48,
	number       = 2,
	pages        = {63--83},
	doi          = {10.2478/arsa-2013-0006}
}
@article{psiaki2013,
	title        = {GPS spoofing detection via dual-receiver correlation of military signals},
	author       = {Psiaki, Mark L. and O'Hanlon, Brady W. and Bhatti, Jahshan A. and others},
	year         = 2013,
	month        = 10,
	journal      = {IEEE Transactions on Aerospace and Electronic Systems},
	volume       = 49,
	number       = 4,
	pages        = {2250--2267},
	doi          = {10.1109/TAES.2013.6621814},
	url          = {http://ieeexplore.ieee.org/document/6621814/}
}
@article{psiaki2013antenna,
	title        = {{GNSS} spoofing detection using high-frequency antenna motion and carrier-phase data},
	author       = {Psiaki, Mark L. and Powell, Steven P. and O'Hanlon, Brady W.},
	year         = 2013,
	journal      = {26th International Technical Meeting of the Satellite Division of the Institute of Navigation, ION {GNSS} 2013},
	volume       = 4,
	pages        = {2949--2991}
}
@article{Jiang2013,
	title        = {Spoofing {GPS} Receiver Clock Offset of Phasor Measurement Units},
	author       = {Xichen Jiang and Jiangmeng Zhang and Brian J. Harding and others},
	year         = 2013,
	month        = aug,
	journal      = {{IEEE} Transactions on Power Systems},
	publisher    = {Institute of Electrical and Electronics Engineers ({IEEE})},
	volume       = 28,
	number       = 3,
	pages        = {3253--3262},
	doi          = {10.1109/tpwrs.2013.2240706},
	url          = {https://doi.org/10.1109/tpwrs.2013.2240706}
}
@article{Zhang2013,
	title        = {Time Synchronization Attack in Smart Grid: Impact and Analysis},
	author       = {Zhenghao Zhang and Shuping Gong and Aleksandar D. Dimitrovski and others},
	year         = 2013,
	month        = mar,
	journal      = {{IEEE} Transactions on Smart Grid},
	publisher    = {Institute of Electrical and Electronics Engineers ({IEEE})},
	volume       = 4,
	number       = 1,
	pages        = {87--98},
	doi          = {10.1109/tsg.2012.2227342},
	url          = {https://doi.org/10.1109/tsg.2012.2227342}
}
@article{Kerns2014,
	title        = {Unmanned Aircraft Capture and Control Via {GPS} Spoofing},
	author       = {Andrew J. Kerns and Daniel P. Shepard and Jahshan A. Bhatti and others},
	year         = 2014,
	month        = apr,
	journal      = {Journal of Field Robotics},
	publisher    = {Wiley},
	volume       = 31,
	number       = 4,
	pages        = {617--636},
	doi          = {10.1002/rob.21513},
	url          = {https://doi.org/10.1002/rob.21513}
}
@article{Hwang2014,
	title        = {Receiver Autonomous Signal Authentication (RASA) based on clock stability analysis},
	author       = {Hwang, Patrick Y. and McGraw, Gary A.},
	year         = 2014,
	journal      = {Record - IEEE PLANS, Position Location and Navigation Symposium},
	publisher    = {IEEE},
	pages        = {270--281},
	doi          = {10.1109/PLANS.2014.6851386}
}
@article{Jovanovic2014Multi-testReceivers,
	title        = {Multi-test Detection and Protection Algorithm Against Spoofing Attacks on {GNSS} Receivers},
	author       = {Jovanovic, Aleksandar and Botteron, Cyril and Farin{\'{e}}, Pierre-Andre},
	year         = 2014
}
@article{Mizrahi2014SecurityNetworks,
	title        = {Security Requirements of Time Protocols in Packet Switched Networks},
	author       = {Mizrahi, T.},
	year         = 2014,
	month        = 10,
	doi          = {10.17487/RFC7384},
	url          = {https://www.rfc-editor.org/info/rfc7384}
}
@techreport{Odonoghue2014,
	title        = {Emerging Solutions in Time Synchronization Security},
	author       = {O'donoghue, Karen},
	year         = 2014,
	url          = {www.internetsociety.org}
}
@article{psiaki2014{GNSS},
	title        = {{GNSS} spoofing detection using two-antenna differential carrier phase},
	author       = {Psiaki, Mark L. and O'Hanlon, Brady W. and Powell, Steven P. and others},
	year         = 2014,
	journal      = {27th International Technical Meeting of the Satellite Division of the Institute of Navigation, ION {GNSS} 2014},
	publisher    = {Citeseer},
	volume       = 4,
	pages        = {2776--2800}
}
@inproceedings{Dalmas2015,
	title        = {Improving PTP robustness to the byzantine failure},
	author       = {Dalmas, Marcelo and Rachadel, Higor and Silvano, Gustavo and others},
	year         = 2015,
	booktitle    = {IEEE International Symposium on Precision Clock Synchronization for Measurement, Control, and Communication, ISPCS},
	volume       = {2015-Novem},
	pages        = {111--114},
	doi          = {10.1109/ISPCS.2015.7324693}
}
@inproceedings{Dalmas2015b,
	title        = {Improving PTP robustness to the byzantine failure},
	author       = {Dalmas, Marcelo and Rachadel, Higor and Silvano, Gustavo and others},
	year         = 2015,
	booktitle    = {IEEE International Symposium on Precision Clock Synchronization for Measurement, Control, and Communication, ISPCS},
	volume       = {2015-Novem},
	pages        = {111--114},
	doi          = {10.1109/ISPCS.2015.7324693}
}
@article{Defraigne2015,
	title        = {CGGTTS-Version 2E : an extended standard for {GNSS} Time Transfer},
	author       = {Defraigne, P and Petit, G},
	year         = 2015,
	journal      = {Metrologia},
	volume       = 52,
	number       = 6,
	pages        = {G1-G1},
	doi          = {10.1088/0026-1394/52/6/g1},
	url          = {http://dx.doi.org/10.1088/0026-1394/52/6/G1}
}
@article{Giorgi2015,
	title        = {An event-based kalman filter for clock synchronization},
	author       = {Giorgi, Giada},
	year         = 2015,
	month        = 2,
	journal      = {IEEE Transactions on Instrumentation and Measurement},
	publisher    = {Institute of Electrical and Electronics Engineers Inc.},
	volume       = 64,
	number       = 2,
	pages        = {449--457},
	doi          = {10.1109/TIM.2014.2340631}
}
@inproceedings{Heng2014,
	title        = {GPS Signal Authentication from Cooperative Peers},
	author       = {Heng, Liang and Work, Daniel B. and Gao, Grace Xingxin},
	year         = 2015,
	booktitle    = {IEEE Transactions on Intelligent Transportation Systems},
	volume       = 16,
	number       = 4,
	pages        = {1794--1805},
	doi          = {10.1109/TITS.2014.2372000}
}
@inproceedings{Heng2014b,
	title        = {GPS Signal Authentication from Cooperative Peers},
	author       = {Heng, Liang and Work, Daniel B. and Gao, Grace Xingxin},
	year         = 2015,
	booktitle    = {IEEE Transactions on Intelligent Transportation Systems},
	volume       = 16,
	number       = 4,
	pages        = {1794--1805},
	doi          = {10.1109/TITS.2014.2372000}
}
@inproceedings{HuangL2015,
	title        = {Low-cost GPS simulator - GPS spoofing by SDR},
	author       = {Huang, Lin and Yang, Qing},
	year         = 2015,
	booktitle    = {Proceedings of DEF CON23},
	location     = {Las Vegas, NV , USA}
}
@article{Krawinkel2015,
	title        = {Benefits of chip scale atomic clocks in {GNSS} applications},
	author       = {Krawinkel, T. and Sch{\"{o}}n, S.},
	year         = 2015,
	journal      = {28th International Technical Meeting of the Satellite Division of the Institute of Navigation, ION {GNSS} 2015},
	volume       = 4,
	pages        = {2867--2874}
}
@article{Krawinkel2015b,
	title        = {Benefits of chip scale atomic clocks in {GNSS} applications},
	author       = {Krawinkel, T. and Sch{\"{o}}n, S.},
	year         = 2015,
	journal      = {28th International Technical Meeting of the Satellite Division of the Institute of Navigation, ION {GNSS} 2015},
	volume       = 4,
	pages        = {2867--2874}
}
@article{lee2015gps,
	title        = {GPS spoofing detection using accelerometers and performance analysis with probability of detection},
	author       = {Lee, Jung Hoon and Kwon, Keum Cheol and An, Dae Sung and others},
	year         = 2015,
	journal      = {International Journal of Control, Automation and Systems},
	publisher    = {Springer},
	volume       = 13,
	number       = 4,
	pages        = {951--959},
	doi          = {10.1007/s12555-014-0347-2}
}
@misc{Huang2015,
	title        = {GPS SPOOFING Low-cost GPS simulator},
	author       = {Lin, Huang and Qing, Yang},
	year         = 2015,
	booktitle    = {DEFCON'15},
	url          = {https://media.defcon.org/DEF CON 23/DEF CON 23 presentations/DEFCON-23-Lin-Huang-Qing-Yang-GPS-Spoofing.pdf}
}
@inproceedings{Moreira2015b,
	title        = {Security mechanisms to protect IEEE 1588 synchronization: State of the art and trends},
	author       = {Moreira, Naiara and L{\'{a}}zaro, Jes\'{u}s and Jimenez, Jaime and others},
	year         = 2015,
	month        = 11,
	booktitle    = {IEEE International Symposium on Precision Clock Synchronization for Measurement, Control, and Communication, ISPCS},
	publisher    = {IEEE Computer Society},
	volume       = {2015-Novem},
	pages        = {115--120},
	doi          = {10.1109/ISPCS.2015.7324694}
}
@inproceedings{Moreira2015SecurityTrends,
	title        = {Security mechanisms to protect IEEE 1588 synchronization: State of the art and trends},
	author       = {Moreira, Naiara and L{\'{a}}zaro, Jes\'{u}s and Jimenez, Jaime and others},
	year         = 2015,
	month        = 11,
	booktitle    = {IEEE International Symposium on Precision Clock Synchronization for Measurement, Control, and Communication, ISPCS},
	publisher    = {IEEE Computer Society},
	volume       = {2015-Novem},
	pages        = {115--120},
	doi          = {10.1109/ISPCS.2015.7324694}
}
@article{Neinavaie2015ExploitingResults,
	title        = {Exploiting Starlink Signals for Navigation : First Results},
	author       = {Neinavaie, Mohammad and Khalife, Joe and Kassas, Zaher M},
	year         = 2015,
	pages        = {2766--2773}
}
@inproceedings{walker2015galileo,
	title        = {Galileo open service authentication: A complete service design and provision analysis},
	author       = {Walker, P. and Rijmen, V. and Fern{\'{a}}ndez-Hern{\'{a}}ndez, I. and others},
	year         = 2015,
	booktitle    = {28th International Technical Meeting of the Satellite Division of the Institute of Navigation, ION {GNSS} 2015},
	volume       = 5,
	pages        = {3383--3396}
}
@inproceedings{Arafin2016DetectingOscillators,
	title        = {Detecting {GNSS} spoofing using a network of hardware oscillators},
	author       = {Arafin, Md Tanvir and Anand, D. M. and Qu, Gang},
	year         = 2016,
	month        = 1,
	booktitle    = {Proceedings of the Annual Precise Time and Time Interval Systems and Applications Meeting, PTTI},
	address      = {Monterey, California},
	volume       = {2015-Janua},
	pages        = {74--79},
	doi          = {10.33012/2016.13135},
	url          = {https://doi.org/10.33012/2016.13135}
}
@article{Dempster2016,
	title        = {Interference Localization for Satellite Navigation Systems},
	author       = {Dempster, Andrew G. and Cetin, Ediz},
	year         = 2016,
	journal      = {Proceedings of the IEEE},
	volume       = 104,
	number       = 6,
	pages        = {1318--1326},
	doi          = {10.1109/JPROC.2016.2530814}
}
@article{european2015galileo,
	title        = {European {GNSS} (Galileo) Open Service Signal-In-Space Interface Control Document (OS SIS ICD)},
	author       = {European Union},
	year         = 2016,
	journal      = {European Commission},
	number       = {Issue 1.3},
	pages        = 76,
	url          = {http://www.gsa.europa.eu/sites/default/files/galileo os sis icd - short version en.pdf}
}
@article{Fernandez-Hernandez2016,
	title        = {A Navigation Message Authentication Proposal for the Galileo Open Service},
	author       = {Fern{\'{a}}ndez-Hern{\'{a}}ndez, Ignacio and Rijmen, Vincent and Seco-Granados, Gonzalo and others},
	year         = 2016,
	month        = 3,
	journal      = {Navigation, Journal of the Institute of Navigation},
	volume       = 63,
	number       = 1,
	pages        = {85--102},
	doi          = {10.1002/navi.125},
}
@article{Fernandez-Hernandez2016a,
	title        = {A Navigation Message Authentication Proposal for the Galileo Open Service},
	author       = {Fern{\'{a}}ndez-Hern{\'{a}}ndez, Ignacio and Rijmen, Vincent and Seco-Granados, Gonzalo and others},
	year         = 2016,
	journal      = {Navigation, Journal of the Institute of Navigation},
	volume       = 63,
	number       = 1,
	pages        = {85--102},
	doi          = {10.1002/navi.125}
}
@article{Fernandez-Hernandez2016AService,
	title        = {A Navigation Message Authentication Proposal for the Galileo Open Service},
	author       = {Fern{\'{a}}ndez-Hern{\'{a}}ndez, Ignacio and Rijmen, Vincent and Seco-Granados, Gonzalo and others},
	year         = 2016,
	journal      = {Navigation, Journal of the Institute of Navigation},
	volume       = 63,
	number       = 1,
	pages        = {85--102},
	doi          = {10.1002/navi.125}
}
@inproceedings{Zhu2016,
	title        = {Detection techniques for data-level spoofing in {GPS}-based phasor measurement units},
	author       = {Fu Zhu and Amr Youssef and Walaa Hamouda},
	year         = 2016,
	month        = apr,
	booktitle    = {2016 International Conference on Selected Topics in Mobile and Wireless Networking ({MoWNeT})},
	publisher    = {{IEEE}},
	doi          = {10.1109/mownet.2016.7496634},
	url          = {https://doi.org/10.1109/mownet.2016.7496634}
}
@article{Lombardi2016TheLaboratories,
	title        = {The Use of GPS Disciplined Oscillators as Primary Frequency Standards for Calibration and Metrology Laboratories},
	author       = {Lombardi, Michael A.},
	year         = 2016,
	month        = 9,
	journal      = {http://dx.doi.org/10.1080/19315775.2008.11721437},
	publisher    = {Taylor {\&} Francis},
	volume       = 3,
	number       = 3,
	pages        = {56--65},
	doi          = {10.1080/19315775.2008.11721437},
	url          = {https://www.tandfonline.com/doi/abs/10.1080/19315775.2008.11721437}
}
@article{Peiffer2016,
	title        = {An approach to Kalman filtering for oscillator tracking},
	author       = {Peiffer, Benjamin and Goguri, Sairam and Dasgupta, Soura and others},
	year         = 2016,
	journal      = {Conference Record - Asilomar Conference on Signals, Systems and Computers},
	publisher    = {IEEE},
	volume       = {2016-Febru},
	pages        = {261--265},
	doi          = {10.1109/ACSSC.2015.7421127}
}
@article{psiaki2016gnss,
	title        = {{GNSS} Spoofing and Detection},
	author       = {Psiaki, Mark L and Humphreys, Todd E},
	year         = 2016,
	journal      = {Proceedings of the IEEE},
	publisher    = {IEEE},
	volume       = 104,
	number       = 6,
	pages        = {1258--1270}
}
@article{rezaei2016new,
	title        = {New GPS anti-jamming system based on multiple short-time Fourier transform},
	author       = {Rezaei, Mohammad Javad and Abedi, Mohsen and Mosavi, Mohammad Reza},
	year         = 2016,
	journal      = {IET Radar, Sonar and Navigation},
	publisher    = {IET},
	volume       = 10,
	number       = 4,
	pages        = {807--815},
	doi          = {10.1049/iet-rsn.2015.0417}
}
@article{Ioannides2016,
	title        = {Known Vulnerabilities of Global Navigation Satellite Systems,  Status,  and Potential Mitigation Techniques},
	author       = {Rigas Themistoklis Ioannides and Thomas Pany and Glen Gibbons},
	year         = 2016,
	month        = jun,
	journal      = {Proceedings of the {IEEE}},
	publisher    = {Institute of Electrical and Electronics Engineers ({IEEE})},
	volume       = 104,
	number       = 6,
	pages        = {1174--1194},
	doi          = {10.1109/jproc.2016.2535898},
}
@article{schmidtSurveyAnalysisgnss2016,
	title        = {A survey and analysis of the {GNSS} spoofing threat and countermeasures},
	author       = {Schmidt, Desmond and Radke, Kenneth and Camtepe, Seyit and others},
	year         = 2016,
	journal      = {ACM Computing Surveys},
	volume       = 48,
	number       = 4,
	pages        = {1--31},
	doi          = {10.1145/2897166}
}
@inproceedings{anderson2017chips,
	title        = {Chips-message robust authentication (chimera) for GPS civilian signals},
	author       = {Anderson, Jon M. and Carroll, Katherine L. and DeVilbiss, Nathan P. and others},
	year         = 2017,
	booktitle    = {30th International Technical Meeting of the Satellite Division of the Institute of Navigation, ION {GNSS} 2017},
	volume       = 4,
	pages        = {2388--2416},
	doi          = {10.33012/2017.15206}
}
@misc{Annessi2017,
	title        = {SecureTime: Secure multicast time synchronization},
	author       = {Annessi, Robert and Fabini, Joachim and Zseby, Tanja},
	year         = 2017,
	booktitle    = {arXiv}
}
@inproceedings{Arafin2017,
	title        = {A low-cost GPS spoofing detector design for Internet of Things (IoT) applications},
	author       = {Arafin, Md Tanvir and Anand, Dhananjay and Qu, Gang},
	year         = 2017,
	month        = 5,
	booktitle    = {Proceedings of the ACM Great Lakes Symposium on VLSI, GLSVLSI},
	publisher    = {Association for Computing Machinery},
	address      = {Banff, Alberta, Canada},
	pages        = {161--166},
	doi          = {10.1145/3060403.3060455}
}
@misc{defconconferenceDEFCON252017,
	title        = {{{\{}{\{}DEF CON{\}}{\}} 25 - {\{}{\{}David Robinson{\}}{\}} - {\{}{\{}Using GPS Spoofing{\}}{\}} to Control Time}},
	author       = {DEFCONConference},
	year         = 2017,
	url          = {https://www.youtube.com/watch?v=isiuTNh5P34},
	howpublished = {{\textbackslash}url{\{}https://www.youtube.com/watch?v=isiuTNh5P34{\}}}
}
@misc{Ebinuma2017GitHubSimulator,
	title        = {GitHub - osqzss/gps-sdr-sim: Software-Defined GPS Signal Simulator},
	author       = {Ebinuma, Takuij},
	year         = 2017,
	url          = {https://github.com/osqzss/gps-sdr-sim https://github.com/osqzss/gps-sdr-sim\%0Ahttps://github.com/osqzss/gps-sdr-sim/}
}
@inproceedings{Haider2017,
	title        = {Survey on effective GPS spoofing countermeasures},
	author       = {Haider, Zeeshan and Khalid, Shehzad},
	year         = 2017,
	booktitle    = {2016 6th International Conference on Innovative Computing Technology, INTECH 2016},
	pages        = {573--577},
	doi          = {10.1109/INTECH.2016.7845038},
}
@article{Bhatti2017,
	title        = {Hostile Control of Ships via False {GPS} Signals: Demonstration and Detection},
	author       = {Jahshan Bhatti and Todd E. Humphreys},
	year         = 2017,
	month        = mar,
	journal      = {{NAVIGATION}},
	publisher    = {Institute of Navigation},
	volume       = 64,
	number       = 1,
	pages        = {51--66},
	doi          = {10.1002/navi.183},
}
@inproceedings{Curran2017OnTU,
	title        = {On the use of Low-Cost IMUs for {GNSS} Spoofing Detection in Vehicular Applications},
	author       = {James T. Curran and Ali Broumandan},
	year         = 2017,
	booktitle    = {International Tecnincal Symposium on Navigation and Timing (ITSNT)},
	address      = {Toulouse, France}
}
@article{Konstantinou2017a,
	title        = {GPS spoofing effect on phase angle monitoring and control in a real-time digital simulator-based hardware-in-the-loop environment},
	author       = {Konstantinou, Charalambos and Sazos, Marios and Musleh, Ahmed S. and others},
	year         = 2017,
	journal      = {IET Cyber-Physical Systems: Theory {\&} Applications},
	volume       = 2,
	number       = 4,
	pages        = {180--187},
	doi          = {10.1049/iet-cps.2017.0033},
	url          = {www.ietdl.org}
}
@misc{Mahmood2017,
	title        = {Clock synchronization over IEEE 802.11 - A survey of methodologies and protocols},
	author       = {Mahmood, Aneeq and Exel, Reinhard and Trsek, Henning and others},
	year         = 2017,
	month        = 4,
	booktitle    = {IEEE Transactions on Industrial Informatics},
	publisher    = {IEEE Computer Society},
	volume       = 13,
	number       = 2,
	pages        = {907--922},
	doi          = {10.1109/TII.2016.2629669}
}
@inproceedings{Malhotra2017,
	title        = {Attacking the Network Time Protocol},
	author       = {Malhotra, Aanchal and Cohen, Isaac E and Brakke, Erik and others},
	year         = 2017,
	doi          = {10.14722/ndss.2016.23090},
	url          = {http://dx.doi.org/10.14722/ndss.2016.23090}
}
@inproceedings{sarto2017implementation,
	title        = {Implementation and testing of OSNMA for Galileo},
	author       = {Sarto, Carlo and Pozzobon, Oscar and Fantinato, Samuele and others},
	year         = 2017,
	booktitle    = {30th International Technical Meeting of the Satellite Division of the Institute of Navigation, ION {GNSS} 2017},
	address      = {Portland, Oregon},
	volume       = 3,
	pages        = {1508--1519},
	doi          = {10.33012/2017.15184}
}
@inproceedings{Zeng2017,
	title        = {A practical GPS location spoofing attack in road navigation scenario},
	author       = {Zeng, Kexiong and Shu, Yuanchao and Liu, Shinan and others},
	year         = 2017,
	month        = 2,
	booktitle    = {HotMobile 2017 - Proceedings of the 18th International Workshop on Mobile Computing Systems and Applications},
	publisher    = {Association for Computing Machinery, Inc},
	address      = {New York, New York, USA},
	pages        = {85--90},
	doi          = {10.1145/3032970.3032983},
	url          = {http://dl.acm.org/citation.cfm?doid=3032970.3032983}
}
@misc{IEEE2018,
	title        = {IEEE/IEC International Standard - Measuring relays and protection equipment - Part 118-1: Synchrophasor for power systems - Measurements},
	author       = {{IEEE} and {IEC}},
	year         = 2018,
	booktitle    = {Iec/Ieee 60255-118-1:2018},
	pages        = {1--78},
	url          = {https://standards.ieee.org/standard/60255-118-1-2018.html}
}
@article{Broumandan2018,
	title        = {Spoofing detection using {GNSS}/INS/Odometer coupling for vehicular navigation},
	author       = {Broumandan, Ali and Lachapelle, G\'{e}rard},
	year         = 2018,
	journal      = {Sensors (Switzerland)},
	volume       = 18,
	number       = 5,
	doi          = {10.3390/s18051305},
	pmid         = 29695064
}
@inproceedings{Miralles2018,
	title        = {Android Raw {{GNSS}} Measurements as the New Anti-Spoofing and Anti-Jamming Solution},
	author       = {Damian Miralles and Nathan Levigne and Dennis M. Akos and others},
	year         = 2018,
	month        = oct,
	booktitle    = {Proceedings of the 31st International Technical Meeting of The Satellite Division of the Institute of Navigation ({ION} {{GNSS}+} 2018)},
	publisher    = {Institute of Navigation},
	doi          = {10.33012/2018.15883},
	url          = {https://doi.org/10.33012/2018.15883}
}
@inproceedings{Maier2018,
	title        = {The {{GNSS}}-Transceiver: Using Vector-tracking Approach to Convert a {{GNSS}} Receiver to a Simulator: Implementation and Verification for Signal Authentication},
	author       = {Daniel S. Maier and Kathrin Frankl and Thomas Pany},
	year         = 2018,
	month        = oct,
	booktitle    = {Proceedings of the 31st International Technical Meeting of The Satellite Division of the Institute of Navigation ({ION} {{GNSS}} 2018)},
	publisher    = {Institute of Navigation},
	doi          = {10.33012/2018.16083},
	url          = {https://doi.org/10.33012/2018.16083}
}
@inproceedings{Deutsch2018,
	title        = {Preventing (Network) Time Travel with Chronos},
	author       = {Deutsch, Omer and Schiff, Neta Rozen and Dolev, Danny and others},
	year         = 2018,
	booktitle    = {Proceedings 2018 Network and Distributed System Security Symposium},
	publisher    = {Internet Society},
	address      = {Reston, VA},
	doi          = {10.14722/ndss.2018.23231},
	url          = {http://dx.doi.org/10.14722/ndss.2018.23231 https://www.ndss-symposium.org/wp-content/uploads/2018/02/ndss2018\%5F02A-2\%5FDeutsch\%5Fpaper.pdf}
}
@inproceedings{Jansen2018,
	title        = {Crowd-GPS-Sec: Leveraging Crowdsourcing to Detect and Localize GPS Spoofing Attacks},
	author       = {Jansen, Kai and Schafer, Matthias and Moser, Daniel and others},
	year         = 2018,
	booktitle    = {Proceedings - IEEE Symposium on Security and Privacy},
	volume       = {2018-May},
	pages        = {1018--1031},
	doi          = {10.1109/SP.2018.00012}
}
@article{Khalife2018UniversalOpportunity,
	title        = {Universal Receiver Architecture for Blind Navigation with Partially Known Terrestrial and Extraterrestrial Signals of Opportunity},
	author       = {Khalife, Joe and Neinavaie, M and Kassas, Zaher M},
	year         = 2018,
	pages        = {2201--2211}
}
@article{Liu2018ImpactSystem,
	title        = {Impact Assessment of {GNSS} Spoofing Attacks on INS/{GNSS} Integrated Navigation System},
	author       = {Liu, Yang and Li, Sihai and Fu, Qiangwen and others},
	year         = 2018,
	month        = 5,
	journal      = {Sensors 2018, Vol. 18, Page 1433},
	publisher    = {Multidisciplinary Digital Publishing Institute},
	volume       = 18,
	number       = 5,
	pages        = 1433,
	doi          = {10.3390/S18051433},
	url          = {https://www.mdpi.com/1424-8220/18/5/1433/htm https://www.mdpi.com/1424-8220/18/5/1433},
	pmid         = 29734715
}
@article{7797198,
	title        = {A Detection and Mitigation Model for PTP Delay Attack in an IEC 61850 Substation},
	author       = {Moussa, Bassam and Debbabi, Mourad and Assi, Chadi},
	year         = 2018,
	journal      = {IEEE Transactions on Smart Grid},
	volume       = 9,
	number       = 5,
	pages        = {3954--3965},
	doi          = {10.1109/TSG.2016.2644618}
}
@techreport{Narula2018,
	title        = {Requirements for Secure Clock Synchronization},
	author       = {Narula, Lakshay and Humphreys, Todd E.},
	year         = 2018,
	booktitle    = {IEEE Journal on Selected Topics in Signal Processing},
	volume       = 12,
	number       = 4,
	pages        = {749--762},
	doi          = {10.1109/JSTSP.2018.2835772},
	url          = {https://arxiv.org/pdf/1710.05798.pdf},
	arxivid      = {1710.05798v3}
}
@article{Thombre2018,
	title        = {{GNSS} Threat Monitoring and Reporting: Past, Present, and a Proposed Future},
	author       = {Thombre, Sarang and Bhuiyan, M. Zahidul H. and Eliardsson, Patrik and others},
	year         = 2018,
	month        = 5,
	journal      = {Journal of Navigation},
	publisher    = {Kungliga Tekniska Hogskolan},
	volume       = 71,
	number       = 3,
	pages        = {513--529},
	doi          = {10.1017/S0373463317000911}
}
@article{wesson2017gnss,
	title        = {{GNSS} Signal Authentication Via Power and Distortion Monitoring},
	author       = {Wesson, Kyle D. and Gross, Jason N. and Humphreys, Todd E. and others},
	year         = 2018,
	journal      = {IEEE Transactions on Aerospace and Electronic Systems},
	publisher    = {IEEE},
	volume       = 54,
	number       = 2,
	pages        = {739--754},
	doi          = {10.1109/TAES.2017.2765258},
	arxivid      = {1702.06554}
}

@inproceedings{KexiongAllBelongToUs2018,
	title        = {All Your GPS Are Belong to Us: Towards Stealthy Manipulation of Road Navigation Systems},
	author       = {Zeng, Kexiong and Liu, Shinan and Shu, Yuanchao and others},
	year         = 2018,
	booktitle    = {Proceedings of the 27th USENIX Conference on Security Symposium},
	location     = {Baltimore, MD, USA},
	publisher    = {USENIX Association},
	address      = {USA},
	series       = {SEC'18},
	pages        = {1527–1544},
	numpages     = 18
}
@article{Blum2019,
	title        = {Investigation of the vulnerability of mobile networks against spoofing attacks on their {GNSS} timing-receiver and developing a meaconing protection},
	author       = {Blum, Ronny and D{\"{o}}tterb{\"{o}}ck, Dominik and Pany, Thomas},
	year         = 2019,
	journal      = {ION 2019 International Technical Meeting Proceedings},
	pages        = {345--362},
	doi          = {10.33012/2019.16697}
}
@inproceedings{Hashemi2019,
	title        = {STRIKE3-Case Study for Standardized Testing of Timing-Grade {GNSS} Receivers Against Real-World Interference Threats},
	author       = {Hashemi, Amin and Thombre, Sarang and Giorgia Ferrara, N. and others},
	year         = 2019,
	month        = 6,
	booktitle    = {2019 International Conference on Localization and {GNSS} (ICL-{GNSS})},
	publisher    = {IEEE},
	pages        = {1--8},
	doi          = {10.1109/ICL-{GNSS}.2019.8752948},
	url          = {https://ieeexplore.ieee.org/document/8752948/}
}
@article{Malhotra2019MessageProtocol,
	title        = {Message Authentication Code for the Network Time Protocol},
	author       = {Malhotra, A. and Goldberg, S.},
	year         = 2019,
	month        = 6,
	doi          = {10.17487/RFC8573},
	url          = {https://www.rfc-editor.org/info/rfc8573}
}
@inproceedings{Arizabaleta2019,
	title        = {A Feasibility Study and Risk Assessment of Security Code Estimation and Replay ({SCER}) Attacks},
	author       = {Markel Arizabaleta and Elias Gkougkas and Thomas Pany},
	year         = 2019,
	month        = oct,
	booktitle    = {Proceedings of the 32nd International Technical Meeting of the Satellite Division of The Institute of Navigation ({ION} {{GNSS}+} 2019)},
	publisher    = {Institute of Navigation},
	doi          = {10.33012/2019.17041},
	url          = {https://doi.org/10.33012/2019.17041}
}
@article{Schiff2019A4,
	title        = {A secure selection and filtering mechanism for the network time protocol version 4},
	author       = {Schiff, N R and Dolev, D and Mizrahi, T and others},
	year         = 2019,
	journal      = {Working Draft, IETF {\ldots}},
	url          = {https://www.ietf.org/id/draft-ietf-ntp-chronos-05.html\#Chronos\%5Fpaper https://datatracker.ietf.org/meeting/104/materials/slides-104-ntp-a-secure-selection-and-filtering-mechanism-for-the-network-time-protocol-version-4-01.pdf}
}
@inproceedings{Lo2019,
	title        = {Test of Crowdsourced Smartphones Measurements to Detect {{GNSS}} Spoofing and Other Disruptions},
	author       = {Sherman Lo and Yu Hsuan Chen and Dennis Akos and others},
	year         = 2019,
	month        = feb,
	booktitle    = {The International Technical Meeting of the The Institute of Navigation},
	publisher    = {Institute of Navigation},
	doi          = {10.33012/2019.16698},
	url          = {https://doi.org/10.33012/2019.16698}
}
@inproceedings{zhang2019safe,
	title        = {Safeguarding NMA enhanced Galileo os signals from distance-decreasing attacks},
	author       = {Zhang, Kewei and Papadimitratos, Panos},
	year         = 2019,
	booktitle    = {Proceedings of the 32nd International Technical Meeting of the Satellite Division of the Institute of Navigation, ION {GNSS}+ 2019},
	address      = {Miami, Florida},
	pages        = {4041--4052},
	doi          = {10.33012/2019.17114}
}
@inproceedings{Demir2020OnAttacks,
	title        = {On the Limitations of GPS Time-Spoofing Attacks},
	author       = {Demir, Mehmet Ozgun and Kurt, Gunes Karabulut and Pusane, Ali Emre},
	year         = 2020,
	month        = 7,
	booktitle    = {2020 43rd International Conference on Telecommunications and Signal Processing, TSP 2020},
	publisher    = {Institute of Electrical and Electronics Engineers Inc.},
	pages        = {313--316},
	doi          = {10.1109/TSP49548.2020.9163444}
}
@article{Gallardo2020,
	title        = {{SCER} Spoofing Attacks on the Galileo Open Service and Machine Learning Techniques for End-User Protection},
	author       = {Francisco Gallardo and Antonio Perez Yuste},
	year         = 2020,
	journal      = {{IEEE} Access},
	publisher    = {Institute of Electrical and Electronics Engineers ({IEEE})},
	volume       = 8,
	pages        = {85515--85532},
	doi          = {10.1109/access.2020.2992119},
	url          = {https://doi.org/10.1109/access.2020.2992119}
}
@techreport{ietf-ntp-using-nts-for-ntp-28,
	title        = {Network Time Security for the Network Time Protocol},
	author       = {Franke, D. and Sibold, D. and Teichel, K. and others},
	year         = 2020,
	booktitle    = {RFC Editor},
	publisher    = {Internet Engineering Task Force},
	number       = {draft-ietf-ntp-using-nts-for-ntp-28},
	doi          = {10.17487/RFC8915},
	url          = {http://dx.doi.org/10.17487/rfc8915\%0Ahttps://www.rfc-editor.org/info/rfc8915},
	institution  = {Internet Engineering Task Force}
}

@article{Gamba2020GPSAnalysis,
	title        = {GPS chimera: A software profiling analysis},
	author       = {Gamba, Micaela Troglia and Nicola, Mario and Motella, Beatrice},
	year         = 2020,
	journal      = {Proceedings of the 33rd International Technical Meeting of the Satellite Division of the Institute of Navigation, ION {GNSS}+ 2020},
	publisher    = {Institute of Navigation},
	pages        = {3781--3793},
	doi          = {10.33012/2020.17717}
}
@inproceedings{Sathaye2020,
	title        = {{SemperFi}},
	author       = {Harshad Sathaye and Aanjhan Ranganathan},
	year         = 2020,
	month        = jul,
	booktitle    = {Proceedings of the 13th {ACM} Conference on Security and Privacy in Wireless and Mobile Networks},
	publisher    = {{ACM}},
	doi          = {10.1145/3395351.3401703},
	url          = {https://doi.org/10.1145/3395351.3401703}
}
@article{Motella2020AReceiver,
	title        = {A real-time OSNMA-ready software receiver},
	author       = {Motella, Beatrice and Gamba, Micaela Troglia and Nicola, Mario},
	year         = 2020,
	journal      = {ION 2020 International Technical Meeting Proceedings},
	publisher    = {Institute of Navigation},
	pages        = {979--991},
	doi          = {10.33012/2020.17191}
}
@article{shangClockSingleSignal,
	title        = {{GNSS} spoofing detection and identification based on clock drift monitoring using only one signal},
	author       = {Shang, Shunshun and Li, Hong and Wei, Yimin and others},
	year         = 2020,
	journal      = {ION 2020 International Technical Meeting Proceedings},
	pages        = {331--341},
	doi          = {10.33012/2020.17147}
}
@inproceedings{Spanghero2020,
	title        = {Authenticated time for detecting {GNSS} attacks},
	author       = {Spanghero, Marco and Zhang, Kewei and Papadimitratos, Panagiotis},
	year         = 2020,
	month        = 9,
	booktitle    = {Proceedings of the 33rd International Technical Meeting of the Satellite Division of the Institute of Navigation, ION {GNSS}+ 2020},
	publisher    = {Institute of Navigation},
	pages        = {3826--3834},
	doi          = {10.33012/2020.17719},
	url          = {http://www.ion.org/publications/abstract.cfm?jp=p\&articleID=17719}
}
@inproceedings{spangheroGNSS20,
	title        = {Authenticated time for detecting {GNSS} attacks},
	author       = {Spanghero, Marco and Zhang, Kewei and Papadimitratos, Panagiotis},
	year         = 2020,
	month        = 10,
	booktitle    = {Proceedings of the 33rd International Technical Meeting of the Satellite Division of the Institute of Navigation, ION {GNSS}+ 2020},
	pages        = {3826--3834},
	doi          = {10.33012/2020.17719}
}
@misc{ZEDF9PInterfaceDescription,
	title        = {ZED-F9P Interface Description},
	author       = {UBlox},
	year         = 2020
}
@inproceedings{kzmsppPLANS2020,
	title        = {Protecting {GNSS}-based Services using Time Offset Validation},
	author       = {Zhang, Kewei and Spanghero, Marco and Papadimitratos, Panagiotis},
	year         = 2020,
	booktitle    = {2020 IEEE/ION Position, Location and Navigation Symposium, PLANS 2020},
	pages        = {575--583},
	doi          = {10.1109/PLANS46316.2020.9110224}
}
@inproceedings{kzmsppPLANS2020b,
	title        = {Protecting {GNSS}-based Services using Time Offset Validation},
	author       = {Zhang, Kewei and Spanghero, Marco and Papadimitratos, Panagiotis},
	year         = 2020,
	booktitle    = {2020 IEEE/ION Position, Location and Navigation Symposium, PLANS 2020},
	pages        = {575--583},
	doi          = {10.1109/PLANS46316.2020.9110224}
}
@article{Cucchi2021AssessingReceiver,
	title        = {Assessing galileo OSNMA under different user environments by means of a multi-purpose test bench, including a software-defined {GNSS} receiver},
	author       = {Cucchi, L. and Damy, S. and Paonni, M. and others},
	year         = 2021,
	journal      = {Proceedings of the 34th International Technical Meeting of the Satellite Division of the Institute of Navigation, ION {GNSS}+ 2021},
	publisher    = {Institute of Navigation},
	pages        = {3653--3667},
	doi          = {10.33012/2021.17966}
}
@techreport{EuropeanCommission2021,
	title        = {Galileo Open Service Navigation Message Authentication (Osnma) - User Icd for the Test Phase},
	author       = {European Commission},
	year         = 2021,
	number       = 1,
	pages        = {1--81},
	doi          = {10.2878/230609},
	url          = {https://www.gsc-europa.eu/sites/default/files/sites/all/files/Galileo\%5FOSNMA\%5FUser\%5FICD\%5Ffor\%5FTest\%5FPhase\%5Fv1.0.pdf}
}
@article{Gotzelmann2021GalileoProvision,
	title        = {Galileo open service navigation message authentication: Preparation phase and drivers for future service provision},
	author       = {G{\"{o}}tzelmann, Martin and K{\"{o}}ller, Evelyn and Semper, Ignacio Viciano and others},
	year         = 2021,
	journal      = {Proceedings of the 34th International Technical Meeting of the Satellite Division of the Institute of Navigation, ION {GNSS}+ 2021},
	publisher    = {Institute of Navigation},
	pages        = {385--401},
	doi          = {10.33012/2021.17886}
}
@article{Gamba2021ComputationalPlatforms,
	title        = {Computational load analysis of a galileo osnma-ready receiver for arm-based embedded platforms},
	author       = {Gamba, Micaela Troglia and Nicola, Mario and Motella, Beatrice},
	year         = 2021,
	month        = 1,
	journal      = {Sensors (Switzerland)},
	publisher    = {MDPI AG},
	volume       = 21,
	number       = 2,
	pages        = {1--21},
	doi          = {10.3390/S21020467},
	pmid         = 33440767
}
@article{Graff2021,
	title        = {Analysis of OFDM signals for ranging and communications},
	author       = {Graff, Andrew M and Blount, William N and Iannucci, Peter A and others},
	year         = 2021,
	pages        = {2910--2924}
}
@inproceedings{perry2021,
	title        = {A Devil of a Time: How Vulnerable is NTP to Malicious Timeservers?},
	author       = {Perry, Yarin and Rozen-Schiff, Neta and Schapira, Michael},
	year         = 2021,
	booktitle    = {Proceedings 2021 Network and Distributed System Security Symposium},
	publisher    = {Internet Society},
	address      = {Reston, VA},
	number       = {February},
	doi          = {10.14722/ndss.2021.24302},
	url          = {https://dx.doi.org/10.14722/ndss.2021.24302 https://www.ndss-symposium.org/wp-content/uploads/ndss2021\%5F1A-2\%5F24302\%5Fpaper.pdf}
}
@inproceedings{Jada2021,
	title        = {Evaluation of {PNT} Situational Awareness Algorithms and Methods},
	author       = {Sandeep Jada and Mark Psiaki and Sean Landerkin and others},
	year         = 2021,
	month        = oct,
	booktitle    = {Proceedings of the 34th International Technical Meeting of the Satellite Division of The Institute of Navigation ({ION} {{GNSS}+} 2021)},
	publisher    = {Institute of Navigation},
	doi          = {10.33012/2021.17935},
	url          = {https://doi.org/10.33012/2021.17935}
}
@article{Schmidt2021RejectionTechniques,
	title        = {Rejection of Smooth GPS Time Synchronization Attacks via Sparse Techniques},
	author       = {Schmidt, Erick and Lee, Junhwan and Gatsis, Nikolaos and others},
	year         = 2021,
	month        = 2,
	journal      = {IEEE Sensors Journal},
	publisher    = {Institute of Electrical and Electronics Engineers Inc.},
	volume       = 21,
	number       = 1,
	pages        = {776--789},
	doi          = {10.1109/JSEN.2020.3014239},
	url          = {http://arxiv.org/abs/2103.00650 http://dx.doi.org/10.1109/JSEN.2020.3014239},
	arxivid      = {2103.00650v1}
}
@article{Seco-Granados2021,
	title        = {Detection of replay attacks to {GNSS} based on partial correlations and authentication data unpredictability},
	author       = {Seco-Granados, Gonzalo and G{\'{o}}mez-Casco, David and L{\'{o}}pez-Salcedo, Jos{\'{e}} A and others},
	year         = 2021,
	journal      = {GPS Solutions},
	volume       = 25,
	number       = 2,
	doi          = {10.1007/s10291-020-01049-z}
}
@article{Seco-Granados2021DetectionUnpredictability,
	title        = {Detection of replay attacks to {GNSS} based on partial correlations and authentication data unpredictability},
	author       = {Seco-Granados, Gonzalo and G{\'{o}}mez-Casco, David and L{\'{o}}pez-Salcedo, Jos\'{e} A and others},
	year         = 2021,
	journal      = {GPS Solutions},
	volume       = 25,
	number       = 2,
	doi          = {10.1007/s10291-020-01049-z}
}
@inproceedings{Spanghero2021a,
	title        = {Detecting {GNSS} misbehaviour with high-precision clocks},
	author       = {Spanghero, Marco and Papadimitratos, Panos},
	year         = 2021,
	month        = 6,
	booktitle    = {Proceedings of the 14th ACM Conference on Security and Privacy in Wireless and Mobile Networks},
	publisher    = {ACM},
	address      = {New York, NY, USA},
	pages        = {389--391},
	doi          = {10.1145/3448300.3468254},
	url          = {https://dl.acm.org/doi/10.1145/3448300.3468254}
}
@article{Feng2021,
	title        = {Software-Defined Radio Implemented {GPS} Spoofing and Its Computationally Efficient Detection and Suppression},
	author       = {Weike Feng and Jean-Michel Friedt and Gwenhael Goavec-Merou and others},
	year         = 2021,
	month        = mar,
	journal      = {{IEEE} Aerospace and Electronic Systems Magazine},
	publisher    = {Institute of Electrical and Electronics Engineers ({IEEE})},
	volume       = 36,
	number       = 3,
	pages        = {36--52},
	doi          = {10.1109/maes.2020.3040491},
	url          = {https://doi.org/10.1109/maes.2020.3040491}
}
@article{Clemens2022,
	title        = {Carrier-phase and IMU based {GNSS} Spoofing Detection for Ground Vehicles},
	author       = {Clements, Zachary and Yoder, James E. and Humphreys, Todd E.},
	year         = 2022,
	publisher    = {arXiv},
	doi          = {10.48550/ARXIV.2203.00140},
	url          = {https://arxiv.org/abs/2203.00140},
	copyright    = {arXiv.org perpetual, non-exclusive license}
}
@inproceedings{Lenhart2022,
	title        = {Distributed and Mobile Message Level Relaying/Replaying of {{GNSS}} Signals},
	author       = {Malte Lenhart and Marco Spanghero and Panos Papadimitratos},
	year         = 2022,
	month        = feb,
	booktitle    = {The International Technical Meeting of the The Institute of Navigation},
	publisher    = {Institute of Navigation},
	doi          = {10.33012/2022.18227},
	url          = {https://doi.org/10.33012/2022.18227}
}
@article{Nicola2022GalileoValidation,
	title        = {Galileo OSNMA Public Observation Phase: Signal Testing and Validation},
	author       = {Nicola, Mario and Motella, Beatrice and Pini, Marco and others},
	year         = 2022,
	journal      = {IEEE Access},
	publisher    = {Institute of Electrical and Electronics Engineers Inc.},
	volume       = 10,
	pages        = {27960--27969},
	doi          = {10.1109/ACCESS.2022.3157337}
}
@inproceedings{Spanghero2022,
	title        = {High-precision Hardware Oscillators Ensemble for {GNSS} Attack Detection},
	author       = {Spanghero, Marco and Papadimitratos, Panos},
	year         = 2022,
	booktitle    = {2022 IEEE Aerospace Conference (AERO)},
	pages        = {1--11},
	doi          = {10.1109/AERO53065.2022.9843381}
}

@inproceedings{ODriscol2020,
  doi = {10.33012/2020.17758},
  url = {https://doi.org/10.33012/2020.17758},
  year = {2020},
  month = oct,
  publisher = {Institute of Navigation},
  author = {Cillian O'Driscol and Shane Keating and Gianluca Caparra},
  title = {A Performance Assessment of Secure Wireless Two-Way Time Transfer},
  booktitle = {Proceedings of the 33rd International Technical Meeting of the Satellite Division of The Institute of Navigation ({ION} {{GNSS}}+ 2020)}
}

