@article{Akos2012,
	title        = {Who's afraid of the spoofer? GPS/{GNSS} spoofing detection via automatic gain control (agc)},
	author       = {Akos, Dennis M.},
	year         = 2012,
	month        = 12,
	journal      = {Navigation, Journal of the Institute of Navigation},
	publisher    = {John Wiley {\&} Sons, Ltd},
	volume       = 59,
	number       = 4,
	pages        = {281--290},
	doi          = {10.1002/navi.19}
}
@article{Shepard2012c,
	title        = {Evaluation of the vulnerability of phasor measurement units to GPS spoofing attacks},
	author       = {Shepard, Daniel P. and Humphreys, Todd E. and Fansler, Aaron A.},
	year         = 2012,
	journal      = {International Journal of Critical Infrastructure Protection},
	publisher    = {Elsevier},
	volume       = 5,
	number       = {3-4},
	pages        = {146--153},
	doi          = {10.1016/j.ijcip.2012.09.003}
}
@article{humphreys2013detection,
	title        = {Detection strategy for cryptographic {GNSS} anti-spoofing},
	author       = {Humphreys, Todd E.},
	year         = 2013,
	journal      = {IEEE Transactions on Aerospace and Electronic Systems},
	publisher    = {IEEE},
	volume       = 49,
	number       = 2,
	pages        = {1073--1090},
	doi          = {10.1109/TAES.2013.6494400}
}
@article{psiaki2013,
	title        = {GPS spoofing detection via dual-receiver correlation of military signals},
	author       = {Psiaki, Mark L. and O'Hanlon, Brady W. and Bhatti, Jahshan A. and others},
	year         = 2013,
	month        = 10,
	journal      = {IEEE Transactions on Aerospace and Electronic Systems},
	volume       = 49,
	number       = 4,
	pages        = {2250--2267},
	doi          = {10.1109/TAES.2013.6621814}
}
@article{Jiang2013,
	title        = {Spoofing {GPS} Receiver Clock Offset of Phasor Measurement Units},
	author       = {Xichen Jiang and Jiangmeng Zhang and Brian J. Harding and others},
	year         = 2013,
	month        = aug,
	journal      = {{IEEE} Transactions on Power Systems},
	publisher    = {Institute of Electrical and Electronics Engineers ({IEEE})},
	volume       = 28,
	number       = 3,
	pages        = {3253--3262},
	doi          = {10.1109/tpwrs.2013.2240706}
}
@article{Zhang2013,
	title        = {Time Synchronization Attack in Smart Grid: Impact and Analysis},
	author       = {Zhenghao Zhang and Shuping Gong and Aleksandar D. Dimitrovski and others},
	year         = 2013,
	month        = mar,
	journal      = {{IEEE} Transactions on Smart Grid},
	publisher    = {Institute of Electrical and Electronics Engineers ({IEEE})},
	volume       = 4,
	number       = 1,
	pages        = {87--98},
	doi          = {10.1109/tsg.2012.2227342}
}
@article{Kerns2014,
	title        = {Unmanned Aircraft Capture and Control Via {GPS} Spoofing},
	author       = {Andrew J. Kerns and Daniel P. Shepard and Jahshan A. Bhatti and others},
	year         = 2014,
	month        = apr,
	journal      = {Journal of Field Robotics},
	publisher    = {Wiley},
	volume       = 31,
	number       = 4,
	pages        = {617--636},
	doi          = {10.1002/rob.21513}
}
@article{Fernandez-Hernandez2016,
	title        = {A Navigation Message Authentication Proposal for the Galileo Open Service},
	author       = {Fern{\'{a}}ndez-Hern{\'{a}}ndez, Ignacio and Rijmen, Vincent and Seco-Granados, Gonzalo and others},
	year         = 2016,
	month        = 3,
	journal      = {Navigation, Journal of the Institute of Navigation},
	volume       = 63,
	number       = 1,
	pages        = {85--102},
	doi          = {10.1002/navi.125}
}
@article{psiaki2016gnss,
	title        = {{GNSS} Spoofing and Detection},
	author       = {Psiaki, Mark L and Humphreys, Todd E},
	year         = 2016,
	journal      = {Proceedings of the IEEE},
	publisher    = {IEEE},
	volume       = 104,
	number       = 6,
	pages        = {1258--1270}
}
@article{Ioannides2016,
	title        = {Known Vulnerabilities of Global Navigation Satellite Systems,  Status,  and Potential Mitigation Techniques},
	author       = {Rigas Themistoklis Ioannides and Thomas Pany and Glen Gibbons},
	year         = 2016,
	month        = jun,
	journal      = {Proceedings of the {IEEE}},
	publisher    = {Institute of Electrical and Electronics Engineers ({IEEE})},
	volume       = 104,
	number       = 6,
	pages        = {1174--1194},
	doi          = {10.1109/jproc.2016.2535898}
}
@article{Bhatti2017,
	title        = {Hostile Control of Ships via False {GPS} Signals: Demonstration and Detection},
	author       = {Jahshan Bhatti and Todd E. Humphreys},
	year         = 2017,
	month        = mar,
	journal      = {Navigation, Journal of the Institute of Navigation},
	publisher    = {Institute of Navigation},
	volume       = 64,
	number       = 1,
	pages        = {51--66},
	doi          = {10.1002/navi.183}
}
@article{Broumandan2018,
	title        = {Spoofing detection using {GNSS}/INS/Odometer coupling for vehicular navigation},
	author       = {Broumandan, Ali and Lachapelle, G\'{e}rard},
	year         = 2018,
	journal      = {Sensors},
	volume       = 18,
	number       = 5,
	doi          = {10.3390/s18051305},
	pmid         = 29695064
}
@article{Thombre2018,
	title        = {{GNSS} Threat Monitoring and Reporting: Past, Present, and a Proposed Future},
	author       = {Thombre, Sarang and Bhuiyan, M. Zahidul H. and Eliardsson, Patrik and others},
	year         = 2018,
	journal      = {Navigation, Journal of the Institute of Navigation},
	publisher    = {Institute of Navigation},
	volume       = 71,
	number       = 3,
	pages        = {513--529},
	doi          = {10.1017/S0373463317000911}
}
@article{wesson2017gnss,
	title        = {{GNSS} Signal Authentication Via Power and Distortion Monitoring},
	author       = {Wesson, Kyle D. and Gross, Jason N. and Humphreys, Todd E. and others},
	year         = 2018,
	journal      = {IEEE Transactions on Aerospace and Electronic Systems},
	publisher    = {Institute of Electrical and Electronics Engineers ({IEEE})},
	volume       = 54,
	number       = 2,
	pages        = {739--754},
	doi          = {10.1109/TAES.2017.2765258},
	arxivid      = {1702.06554}
}
@article{Gallardo2020,
	title        = {{SCER} Spoofing Attacks on the Galileo Open Service and Machine Learning Techniques for End-User Protection},
	author       = {Francisco Gallardo and Antonio Perez Yuste},
	year         = 2020,
	journal      = {{IEEE} Access},
	publisher    = {Institute of Electrical and Electronics Engineers ({IEEE})},
	volume       = 8,
	pages        = {85515--85532},
	doi          = {10.1109/access.2020.2992119}
}
@article{Gamba2021ComputationalPlatforms,
	title        = {Computational load analysis of a galileo osnma-ready receiver for arm-based embedded platforms},
	author       = {Gamba, Micaela Troglia and Nicola, Mario and Motella, B.},
	year         = 2021,
	month        = 1,
	journal      = {Sensors},
	publisher    = {MDPI AG},
	volume       = 21,
	number       = 2,
	pages        = {1--21},
	doi          = {10.3390/S21020467},
	pmid         = 33440767
}
@article{Seco-Granados2021,
	title        = {Detection of replay attacks to {GNSS} based on partial correlations and authentication data unpredictability},
	author       = {Seco-Granados, Gonzalo and G{\'{o}}mez-Casco, David and L{\'{o}}pez-Salcedo, Jos{\'{e}} A and others},
	year         = 2021,
	journal      = {GPS Solutions},
	volume       = 25,
	number       = 2,
	doi          = {10.1007/s10291-020-01049-z}
}
@article{Feng2021,
	title        = {Software-Defined Radio Implemented {GPS} Spoofing and Its Computationally Efficient Detection and Suppression},
	author       = {Weike Feng and Jean-Michel Friedt and Gwenhael Goavec-Merou and others},
	year         = 2021,
	journal      = {{IEEE} Aerospace and Electronic Systems Magazine},
	publisher    = {Institute of Electrical and Electronics Engineers ({IEEE})},
	volume       = 36,
	number       = 3,
	pages        = {36--52},
	doi          = {10.1109/maes.2020.3040491}
}
@inproceedings{Motella2020AReceiver,
	title        = {A real-time OSNMA-ready software receiver},
	author       = {Motella, Beatrice and Gamba, Micaela Troglia and Nicola, Mario},
	year         = 2020,
	month        = jan,
	booktitle    = {International Technical Meeting of The Institute of Navigation (ITM 2020)},
	address      = {San Diego, CA, USA},
	doi          = {10.33012/2020.17191}
}
@inproceedings{Cucchi2021AssessingReceiver,
	title        = {Assessing galileo OSNMA under different user environments by means of a multi-purpose test bench, including a software-defined {GNSS} receiver},
	author       = {Cucchi, L. and Damy, S. and Paonni, M. and others},
	year         = 2021,
	month        = sep,
	booktitle    = {International Technical Meeting of the Satellite Division of the Institute of Navigation (ION GNSS+)},
	address      = {St. Louis, MO, USA},
	doi          = {10.33012/2021.17966}
}
@inproceedings{Gotzelmann2021GalileoProvision,
	title        = {Galileo open service navigation message authentication: Preparation phase and drivers for future service provision},
	author       = {G{\"{o}}tzelmann, Martin and K{\"{o}}ller, Evelyn and Semper, Ignacio Viciano and others},
	year         = 2021,
	month        = sep,
	booktitle    = {International Technical Meeting of the Satellite Division of the Institute of Navigation (ION GNSS+)},
	address      = {St. Louis, MO, USA},
	doi          = {10.33012/2021.17886}
}
@inproceedings{psiaki2013antenna,
	title        = {{GNSS} spoofing detection using high-frequency antenna motion and carrier-phase data},
	author       = {Psiaki, Mark L. and Powell, Steven P. and O'Hanlon, Brady W.},
	year         = 2013,
	month        = sep,
	booktitle    = {International Technical Meeting of the Satellite Division of the Institute of Navigation (ION GNSS+)},
	address      = {Nashville, TN, USA}
}
@inproceedings{Hwang2014,
	title        = {Receiver Autonomous Signal Authentication (RASA) based on clock stability analysis},
	author       = {Hwang, Patrick Y. and McGraw, Gary A.},
	year         = 2014,
	month        = jul,
	booktitle    = {IEEE/ION Position, Location and Navigation Symposium (PLANS 2014)},
	address      = {Monterey, CA, USA},
	doi          = {10.1109/PLANS.2014.6851386}
}
@inproceedings{HumphreysAssessingSpoofer,
	title        = {Assessing the Spoofing Threat: Development of a Portable GPS Civilian Spoofer},
	author       = {Humphreys, T. E. and Ledvina, B. M. and Psiaki, M. L. and others},
	year         = 2008,
	booktitle    = {International Technical Meeting of the Satellite Division of The Institute of Navigation (ION GNSS)},
	address      = {Savannah, GA, USA}
}
@inproceedings{papadimMilcom2008,
	title        = {{GNSS-based Positioning: Attacks and Countermeasures}},
	author       = {Papadimitratos, Panos and Jovanovic, Aleksandar},
	year         = 2008,
	month        = jan,
	booktitle    = {IEEE Military Communications Conference (IEEE MILCOM)},
	address      = {San Diego, CA, USA},
	doi          = {10.1109/MILCOM.2008.4753512}
}
@inproceedings{Humphreys2012,
	title        = {The Texas spoofing test battery: Toward a standard for evaluating GPS signal authentication techniques},
	author       = {Humphreys, Todd and Bhatti, Jahshan and Shepard, Daniel and others},
	year         = 2012,
	month        = 2012,
	booktitle    = {International Technical Meeting of the Satellite Division of the Institute of Navigation 2012, (ION GNSS)},
	address      = {Nashville, TN, USA},
	pages        = {3569--3583}
}
@inproceedings{jafarnia2013PNT,
	title        = {PVT solution authentication based on monitoring the clock state for a moving {GNSS} receiver},
	author       = {Jafarnia-Jahromi, Ali and Daneshmand, Saeed and Broumandan, Ali and others},
	year         = 2013,
	month        = apr,
	booktitle    = {European Navigation Conference (ENC2013)},
	address      = {Vienna, Austria}
}
@inproceedings{HuangL2015,
	title        = {Low-cost GPS simulator - GPS spoofing by SDR},
	author       = {Huang, Lin and Yang, Qing},
	year         = 2015,
	month        = aug,
	booktitle    = {Proceedings of DEF CON23},
	address      = {Las Vegas, NV, USA}
}
@inproceedings{Arafin2016DetectingOscillators,
	title        = {Detecting {GNSS} spoofing using a network of hardware oscillators},
	author       = {Arafin, Md Tanvir and Anand, D. M. and Qu, Gang},
	year         = 2016,
	month        = jan,
	booktitle    = {Precise Time and Time Interval Systems and Applications Meeting (PTTI)},
	address      = {Monterey, CA, USA},
	doi          = {10.33012/2016.13135}
}
@inproceedings{Zhu2016,
	title        = {Detection techniques for data-level spoofing in {GPS}-based phasor measurement units},
	author       = {Fu Zhu and Amr Youssef and Walaa Hamouda},
	year         = 2016,
	month        = jun,
	booktitle    = {2016 International Conference on Selected Topics in Mobile and Wireless Networking ({MoWNeT})},
	address      = {Cairo, Egypt},
	doi          = {10.1109/mownet.2016.7496634}
}
@inproceedings{anderson2017chips,
	title        = {Chips-message robust authentication (chimera) for GPS civilian signals},
	author       = {Anderson, Jon M. and Carroll, Katherine L. and DeVilbiss, Nathan P. and others},
	year         = 2017,
	month        = sep,
	booktitle    = {International Technical Meeting of the Satellite Division of the Institute of Navigation (ION GNSS+)},
	address      = {Portland, Oregon},
	doi          = {10.33012/2017.15206}
}
@inproceedings{Arafin2017,
	title        = {A Low-Cost GPS Spoofing Detector Design for Internet of Things (IoT) Applications},
	author       = {Arafin, Md Tanvir and Anand, Dhananjay and Qu, Gang},
	year         = 2017,
	month        = may,
	booktitle    = {Great Lakes Symposium on VLSI (GLSVLSI17)},
	location     = {Banff, Alberta},
	address      = {New York, NY, USA},
	doi          = {10.1145/3060403.3060455}
}
@inproceedings{Curran2017OnTU,
	title        = {On the use of Low-Cost IMUs for {GNSS} Spoofing Detection in Vehicular Applications},
	author       = {James T. Curran and Ali Broumandan},
	year         = 2017,
	month        = nov,
	booktitle    = {International Technical Symposium on Navigation and Timing (ITSNT)},
	address      = {Toulouse, France}
}
@inproceedings{Malhotra2017,
	title        = {Attacking the Network Time Protocol},
	author       = {Aanchal Malhotra and Isaac E. Cohen and Erik Brakke and others},
	year         = 2016,
	month        = feb,
	booktitle    = {Annual Network and Distributed System Security Symposium (NDSS)},
	address      = {San Diego, CA, USA}
}
@inproceedings{Miralles2018,
	title        = {Android Raw {{GNSS}} Measurements as the New Anti-Spoofing and Anti-Jamming Solution},
	author       = {Damian Miralles and Nathan Levigne and Dennis M. Akos and others},
	year         = 2018,
	month        = sep,
	month        = sep,
	booktitle    = {International Technical Meeting of The Satellite Division of the Institute of Navigation (ION GNSS+)},
	address      = {Miami, FL, USA},
	doi          = {10.33012/2018.15883}
}
@inproceedings{Maier2018,
	title        = {The {{GNSS}}-Transceiver: Using Vector-tracking Approach to Convert a {{GNSS}} Receiver to a Simulator: Implementation and Verification for Signal Authentication},
	author       = {Daniel S. Maier and Kathrin Frankl and Thomas Pany},
	year         = 2018,
	month        = sep,
	booktitle    = {31st International Technical Meeting of The Satellite Division of the Institute of Navigation ({ION} {{GNSS}} 2018)},
	address      = {Miami, FL, USA},
	doi          = {10.33012/2018.16083}
}
@inproceedings{Deutsch2018,
	title        = {Preventing (Network) Time Travel with Chronos},
	author       = {Deutsch, Omer and Schiff, Neta Rozen and Dolev, Danny and others},
	year         = 2018,
	month        = feb,
	booktitle    = {Network and Distributed System Security Symposium (NDSS)},
	address      = {Reston, VA, USA},
	doi          = {10.14722/ndss.2018.23231}
}
@inproceedings{Jansen2018,
	title        = {Crowd-GPS-Sec: Leveraging Crowdsourcing to Detect and Localize GPS Spoofing Attacks},
	author       = {Jansen, Kai and Schafer, Matthias and Moser, Daniel and others},
	year         = 2018,
	month        = may,
	booktitle    = {Proceedings - IEEE Symposium on Security and Privacy},
	address      = {San Francisco, CA, USA},
	doi          = {10.1109/SP.2018.00012}
}
@inproceedings{KexiongAllBelongToUs2018,
	title        = {All Your {GPS} Are Belong To Us: Towards Stealthy Manipulation of Road Navigation Systems},
	author       = {Kexiong (Curtis) Zeng and Shinan Liu and Yuanchao Shulen and others},
	year         = 2018,
	month        = aug,
	booktitle    = {USENIX Security Symposium},
	address      = {Baltimore, MD, USA}
}
@inproceedings{Hashemi2019,
	title        = {STRIKE3-Case Study for Standardized Testing of Timing-Grade {GNSS} Receivers Against Real-World Interference Threats},
	author       = {Hashemi, Amin and Thombre, Sarang and Giorgia Ferrara, N. and others},
	year         = 2019,
	month        = jul,
	booktitle    = {International Conference on Localization and {GNSS} (ICL-{GNSS})},
	address      = {Nuremberg, Germany},
	pages        = {1--8},
	doi          = {10.1109/ICL-{GNSS}.2019.8752948}
}
@inproceedings{Arizabaleta2019,
	title        = {A Feasibility Study and Risk Assessment of Security Code Estimation and Replay ({SCER}) Attacks},
	author       = {Markel Arizabaleta and Elias Gkougkas and Thomas Pany},
	year         = 2019,
	month        = sep,
	booktitle    = {International Technical Meeting of the Satellite Division of The Institute of Navigation (ION GNSS+)},
	address      = {Miami, FL, USA},
	doi          = {10.33012/2019.17041}
}
@inproceedings{Lo2019,
	title        = {Test of Crowdsourced Smartphones Measurements to Detect {{GNSS}} Spoofing and Other Disruptions},
	author       = {Sherman Lo and Yu Hsuan Chen and Dennis Akos and others},
	year         = 2019,
	month        = jan,
	booktitle    = {The International Technical Meeting of the The Institute of Navigation},
	address      = {Reston, VA, USA},
	doi          = {10.33012/2019.16698}
}
@inproceedings{zhang2019safe,
	title        = {Safeguarding NMA enhanced Galileo os signals from distance-decreasing attacks},
	author       = {Zhang, Kewei and Papadimitratos, Panos},
	year         = 2019,
	month        = sep,
	booktitle    = {International Technical Meeting of the Satellite Division of the Institute of Navigation (ION {GNSS}+)},
	address      = {Miami, FL, USA},
	doi          = {10.33012/2019.17114}
}
@inproceedings{Sathaye2020,
	title        = {SemperFi: Anti-spoofing {GPS} Receiver for UAVs},
	author       = {Harshad Sathaye and Gerald LaMountain and Pau Closas and others},
	year         = 2022,
	month        = apr,
	booktitle    = {Annual Network and Distributed System Security Symposium (NDSS)},
	address      = {San Diego, CA, USA},
	doi          = {10.1145/3395351.3401703}
}
@inproceedings{spangheroGNSS20,
	title        = {{Authenticated time for detecting GNSS attacks}},
	author       = {Spanghero, Marco and Zhang, Kewei and Papadimitratos, Panos},
	year         = 2020,
	booktitle    = {International Technical Meeting of the Satellite Division of the Institute of Navigation (ION GNSS+)},
	address      = {Online, virtual},
	doi          = {10.33012/2020.17719}
}
@inproceedings{kzmsppPLANS2020,
	title        = {{Protecting GNSS-based Services using Time Offset Validation}},
	author       = {Zhang, Kewei and Spanghero, Marco and Papadimitratos, Panos},
	year         = 2020,
	booktitle    = {IEEE/ION Position, Location and Navigation Symposium (PLANS)},
	address      = {Online, virtual},
	doi          = {10.1109/PLANS46316.2020.9110224}
}
@inproceedings{LiuWPP:2023,
	title        = {Probabilistic detection of GNSS spoofing using opportunistic information},
	author       = {Liu, Wenjie and Papadimitratos, Panos},
	year         = 2023,
	month        = apr,
	booktitle    = {IEEE/ION Position, Location and Navigation Symposium (PLANS)},
	address      = {Monterey, CA, USA}
}
@inproceedings{perry2021,
	title        = {A Devil of a Time: How Vulnerable is NTP to Malicious Timeservers?},
	author       = {Perry, Yarin and Rozen-Schiff, Neta and Schapira, Michael},
	year         = 2021,
	month        = feb,
	booktitle    = {Network and Distributed System Security Symposium (NDSS)},
	address      = {Reston, VA, USA},
	doi          = {10.14722/ndss.2021.24302}
}
@inproceedings{Jada2021,
	title        = {Evaluation of {PNT} Situational Awareness Algorithms and Methods},
	author       = {Sandeep Jada and Mark Psiaki and Sean Landerkin and others},
	year         = 2021,
	month        = sep,
	booktitle    = {International Technical Meeting of the Satellite Division of The Institute of Navigation ({ION} {{GNSS}+} 2021)},
	address      = {St. Louis, MO, USA},
	doi          = {10.33012/2021.17935}
}
@inproceedings{Spanghero2021a,
	title        = {{[Poster] Detecting GNSS Misbehaviour with High-Precision Clocks}},
	author       = {Spanghero, Marco and Papadimitratos, Panos},
	year         = 2021,
	month        = {June},
	booktitle    = {ACM Conference on Security and Privacy in Wireless and Mobile Networks (WiSec)},
	location     = {Abu Dhabi, United Arab Emirates}
}
@inproceedings{Lenhart2022,
	title        = {{Distributed and Mobile Message Level Relaying/Replaying of GNSS Signals}},
	author       = {Malte Lenhart and Marco Spanghero and Panos Papadimitratos},
	year         = 2022,
	month        = jan,
	booktitle    = {International Technical Meeting of The Institute of Navigation (ION ITM)},
	address      = {Long Beach, CA, USA},
	doi          = {10.33012/2022.18227}
}
@inproceedings{Spanghero2022,
	title        = {{High-precision Hardware Oscillators Ensemble for GNSS Attack Detection}},
	author       = {Marco Spanghero and Panos Papadimitratos},
	year         = 2022,
	month        = mar,
	booktitle    = {IEEE Aerospace Conference},
	address      = {Big Sky, MT, USA},
	doi          = {10.1109/AERO53065.2022.9843381}
}
@inproceedings{ODriscol2020,
	title        = {A Performance Assessment of Secure Wireless Two-Way Time Transfer},
	author       = {Cillian O'Driscol and Shane Keating and Gianluca Caparra},
	year         = 2020,
	month        = sep,
	booktitle    = {International Technical Meeting of the Satellite Division of The Institute of Navigation (ION GNSS+)},
	address      = {Online, virtual},
	pages        = {3938--3951},
	doi          = {10.33012/2020.17758}
}
@inproceedings{tippenhauer2011requirements,
	title        = {On the Requirements for Successful GPS Spoofing Attacks},
	author       = {Tippenhauer, Nils Ole and P\"{o}pper, Christina and Rasmussen, Kasper Bonne and others},
	year         = 2011,
	month        = oct,
	booktitle    = {ACM Conference on Computer and Communications Security (ACM CCS)},
	location     = {Chicago, IL, USA},
	address      = {New York, NY, USA},
	pages        = {75–86},
	doi          = {10.1145/2046707.2046719}
}
@mastersthesis{LeksellTGalileo2021,
	title        = {A Comparison of Smartphone GPS L1 and Galileo E1-B/C Spoofing Resilience},
	author       = {Leksell, Torbj{\"o}rn},
	year         = 2021,
	series       = {TRITA-EECS-EX},
	number       = {2021:95},
	pages        = 74,
	institution  = {KTH, School of Electrical Engineering and Computer Science (EECS)},
	school       = {KTH, School of Electrical Engineering and Computer Science (EECS)}
}
@misc{rfc5905,
	title        = {{Network Time Protocol Version 4: Protocol and Algorithms Specification}},
	author       = {Jim Martin and Jack Burbank and William Kasch and Professor David L. Mills},
	year         = 2010,
	month        = jun,
	publisher    = {RFC Editor},
	series       = {Request for Comments},
	number       = 5905,
	doi          = {10.17487/RFC5905},
	howpublished = {RFC 5905},
	pagetotal    = 110
}
@misc{rfc5906,
	title        = {{ Network Time Protocol Version 4: Protocol and Algorithms Specification}},
	author       = {Professor David L. Mills and Brian Haberman},
	year         = 2010,
	month        = jun,
	publisher    = {RFC Editor},
	series       = {Request for Comments},
	number       = 5906,
	doi          = {10.17487/RFC5906},
	howpublished = {RFC 5906},
	pagetotal    = 58
}
@misc{ietf-ntp-roughtime-07,
	title        = {{Roughtime}},
	author       = {Aanchal Malhotra and Adam Langley and Watson Ladd and others},
	year         = 2022,
	month        = sep,
	day          = 26,
	publisher    = {Internet Engineering Task Force},
	number       = {draft-ietf-ntp-roughtime-07},
	note         = {work in progress},
	type         = {Internet-Draft},
	institution  = {Internet Engineering Task Force},
	pagetotal    = 21
}
@misc{SDRMultiFrequency2018,
	title        = {{(In)Feasibility of Multi-Frequency Spoofing}},
	year         = 2018,
	month        = {June},
	urldate      = {2023-01-16},
	howpublished = {Inside {GNSS} - Global Navigation Satellite Systems Engineering, Policy, and Design}
}
@misc{Ebinuma2017GitHubSimulator,
	title        = {gps-sdr-sim: Software-Defined GPS Signal Simulator},
	author       = {Ebinuma, Takuij},
	year         = 2017,
}
@misc{fugroAtomichron,
	title        = {Fugro AtomiChron: Time synchronisation service},
	author       = {Fugro},
	year         = 2023,
}
@misc{IEEE2018,
	title        = {IEEE/IEC International Standard - Measuring relays and protection equipment - Part 118-1: Synchrophasor for power systems - Measurements},
	year         = 2018,
	journal      = {IEC/IEEE 60255-118-1:2018},
	pages        = {1--78},
	doi          = {10.1109/IEEESTD.2018.8577045}
}
@misc{Clemens2022,
	title        = {Carrier-phase and IMU based GNSS Spoofing Detection for Ground Vehicles},
	author       = {Zachary Clements and James E. Yoder and Todd E. Humphreys},
	year         = 2022,
	eprint       = {2203.00140},
	archiveprefix = {arXiv},
	primaryclass = {eess.SP}
}
@techreport{ietf-ntp-using-nts-for-ntp-28,
	title        = {Network Time Security for the Network Time Protocol},
	author       = {Franke, D. and Sibold, D. and Teichel, K. and others},
	year         = 2020,
	booktitle    = {RFC Editor},
	publisher    = {Internet Engineering Task Force},
	number       = {draft-ietf-ntp-using-nts-for-ntp-28},
	doi          = {10.17487/RFC8915},
	institution  = {Internet Engineering Task Force}
}
@inproceedings{Jiadong2019,
	title        = {{Research of Intermediate Spoofing Without Precise Target Information}},
	author       = {Peng, Chenxi and Li, Hong and Wen, Jian and Lu, Mingquan},
	year         = 2019,
	month        = may,
	booktitle    = {China Satellite Navigation Conference (CSNC)},
	publisher    = {Springer Singapore},
	address      = {Singapore}
}
@inproceedings{spangheroMPPPLANS23,
	title        = {{Detecting GNSS misbehavior leveraging secure heterogeneous time sources}},
	author       = {Spanghero, Marco and Papadimitratos, Panos},
	year         = 2023,
	month        = {April},
	booktitle    = {IEEE/ION Position, Location and Navigation Symposium (PLANS)},
	address      = {Monterey, CA, USA},
	doi          = {10.1109/PLANS53410.2023.10140008},
	webpdf       = {https://nss.proj.kth.se/publications/fulltext/detecting_gnss_misbheavior_by_time_PLANS.pdf},
	typ          = {C}
}
@inproceedings{rugamer2023,
	title        = {Validation of a Combined GNSS Correction and NMA L-Band Service Against Spoofing},
	author       = {Rügamer, Alexander and Melgård, Tor Egil and De Wilde, Wim and Gerstung, Heiko and Wegmann, Isa and Schellekens, Dries},
	year         = 2023,
	month        = {July},
	booktitle    = {IEEE/ION Position, Location and Navigation Symposium (PLANS)},
	address      = {Monterey, CA, USA},
	doi          = {10.1109/PLANS53410.2023.10140014}
}
@inproceedings{gioiaTRAIM2021,
	title        = {Interference Mitigation and T-RAIM for Robust GNSS Timing},
	author       = {Gioia, Ciro and Borio, Daniele},
	year         = 2021,
	month        = aug,
	booktitle    = {IEEE International Workshop on Metrology for AeroSpace (MetroAeroSpace)},
	address      = {Naples, Italy},
	doi          = {10.1109/MetroAeroSpace51421.2021.9511655}
}
@article{ZhangLP:J:2022,
	title        = {{Protecting GNSS Open Service Navigation Message Authentication Against Distance-Decreasing Attacks}},
	author       = {Zhang, Kewei and Larsson, Erik G. and Papadimitratos, Panos},
	year         = 2022,
	journal      = {IEEE Transactions on Aerospace and Electronic Systems (IEEE TAES)},
	volume       = 58,
	number       = 2,
	pages        = {1224--1240},
	doi          = {10.1109/TAES.2021.3122512},
	webpdf       = {https://nss.proj.kth.se/publications/fulltext/Protecting_GNSS_Open_Service_Navigation_Message_Authentication_Against_Distance-Decreasing_Attacks.pdf},
	typ          = {J}
}
@inproceedings{ZhangP:C:2019a,
	title        = {{On the Effects of Distance-decreasing Attacks on Cryptographically Protected GNSS Signals}},
	author       = {Zhang, Kewei and Papadimitratos, Panagiotis},
	year         = 2019,
	month        = {January},
	booktitle    = {International Technical Meeting of The Institute of Navigation (ION ITM)},
	address      = {Reston, VA, USA},
	pages        = {363--372},
	doi          = {https://doi.org/10.33012/2019.16736},
	webpdf       = {https://nss.proj.kth.se/publications/fulltext/Distance-decreasing_Attacks_on_GNSS_Signals.pdf},
	typ          = {C}
}
@inproceedings{ZhangP:C:2019b,
	title        = {{Secure Multi-constellation GNSS Receivers with Clustering-based Solution Separation Algorithm}},
	author       = {Zhang, Kewei and Papadimitratos, Panos},
	year         = 2019,
	month        = {March},
	booktitle    = {IEEE Aerospace Conference},
	address      = {Big Sky, MT, USA},
	pages        = {1--9},
	doi          = {10.1109/AERO.2019.8742021},
	organization = {IEEE},
	webpdf       = {https://nss.proj.kth.se/publications/fulltext/Secure_Multi-constellation_GNSS.pdf},
	typ          = {C}
}
@patent{patentPP:J:2009,
	title        = {Method to secure {GNSS}-based locations in a {D}evice having {GNSS} {R}eceiver},
	author       = {Papadimitratos. Panagiotis and Jovanovic, Aleksandar},
	year         = 2009,
	month        = Nov,
	day          = 13,
	number       = {US8159391B2},
	nationality  = {United States}
}
@article{LakshayN:TH:2018,
	title        = {Requirements for Secure Clock Synchronization},
	author       = {Narula, Lakshay and Humphreys, Todd E.},
	year         = 2018,
	journal      = {IEEE Journal of Selected Topics in Signal Processing},
	volume       = 12,
	number       = 4,
	pages        = {749--762},
	doi          = {10.1109/JSTSP.2018.2835772}
}
@misc{ntp_perf,
	title        = {NTP performace metrics},
	author       = {Network time foundation},
	howpublished = {\url{https://www.ntp.org/documentation/4.2.8-series/stats/}}
}
@article{Allan1987,
	title        = {Time and Frequency (Time-Domain) Characterization, Estimation, and Prediction of Precision Clocks and Oscillators},
	author       = {Allan, David W.},
	year         = 1987,
	journal      = {IEEE Transactions on Ultrasonics, Ferroelectrics, and Frequency Control},
	volume       = 34,
	number       = 6,
	pages        = {647--654},
	doi          = {10.1109/T-UFFC.1987.26997}
}
@article{Brown1991b,
	title        = {The Theory of the GPS Composite Clock},
	author       = {Brown, Kenneth R},
	year         = 1991,
	journal      = {Proceedings of the 4th International Technical Meeting of the Satellite Division of The Institute of Navigation (ION GPS 1991)},
	pages        = {223--242}
}
@inproceedings{10.1145/3558482.3590186,
	title        = {Location-independent GNSS Relay Attacks: A Lazy Attacker's Guide to Bypassing Navigation Message Authentication},
	author       = {Motallebighomi, Maryam and Sathaye, Harshad and Singh, Mridula and Ranganathan, Aanjhan},
	year         = 2023,
	month        = {June},
	booktitle    = {ACM Conference on Security and Privacy in Wireless and Mobile Networks (WiSec)},
	location     = {<conf-loc>, <city>Guildford</city>, <country>United Kingdom</country>, </conf-loc>},
	publisher    = {Association for Computing Machinery},
	address      = {New York, NY, USA},
	series       = {WiSec '23},
	doi          = {10.1145/3558482.3590186},
	numpages     = 12,
	keywords     = {delay, navigation message authentication, relay attack}
}
@misc{804271,
	title        = {Handbook of Frequency Stability Analysis},
	author       = {William Riley and David Howe},
	year         = 2008,
	month        = {2008-07-01 00:07:00},
	publisher    = {Special Publication (NIST SP), National Institute of Standards and Technology, Gaithersburg, MD},
	language     = {en}
}
