@inproceedings{bau2017network,
  title={Network dissection: Quantifying interpretability of deep visual representations},
  author={Bau, David and Zhou, Bolei and Khosla, Aditya and Oliva, Aude and Torralba, Antonio},
  booktitle={Proceedings of the IEEE conference on computer vision and pattern recognition},
  pages={6541--6549},
  year={2017}
}

@article{boggess2023explainable,
  title={Explainable multi-agent reinforcement learning for temporal queries},
  author={Boggess, Kayla and Kraus, Sarit and Feng, Lu},
  journal={arXiv preprint arXiv:2305.10378},
  year={2023}
}

@article{delfosse2024interpretable,
  title={Interpretable concept bottlenecks to align reinforcement learning agents},
  author={Delfosse, Quentin and Sztwiertnia, Sebastian and Rothermel, Mark and Stammer, Wolfgang and Kersting, Kristian},
  journal={arXiv preprint arXiv:2401.05821},
  year={2024}
}

@inproceedings{ghorbani2019towards,
  title={Towards automatic concept-based explanations},
  author={Ghorbani, Amirata and Wexler, James and Zou, James Y and Kim, Been},
  booktitle={Advances in Neural Information Processing Systems},
  pages={9277--9286},
  year={2019}
}

@inproceedings{hayes2017improving,
  title={Improving robot controller transparency through autonomous policy explanation},
  author={Hayes, Bradley and Shah, Julie A},
  booktitle={Proceedings of the 2017 ACM/IEEE international conference on human-robot interaction},
  pages={303--312},
  year={2017}
}

@inproceedings{joo2019visualization,
  title={Visualization of deep reinforcement learning using grad-CAM: how AI plays atari games?},
  author={Joo, Ho-Taek and Kim, Kyung-Joong},
  booktitle={2019 IEEE conference on games (CoG)},
  pages={1--2},
  year={2019},
  organization={IEEE}
}

@inproceedings{kim2018interpretability,
  title={Interpretability beyond feature attribution: Quantitative testing with concept activation vectors (tcav)},
  author={Kim, Been and Wattenberg, Martin and Gilmer, Justin and Cai, Carrie and Wexler, James and Viegas, Fernanda and others},
  booktitle={International conference on machine learning},
  pages={2668--2677},
  year={2018},
  organization={PMLR}
}

@inproceedings{landajuela2021discovering,
  title={Discovering symbolic policies with deep reinforcement learning},
  author={Landajuela, Mikel and Petersen, Brenden K and Kim, Sookyung and Santiago, Claudio P and Glatt, Ruben and Mundhenk, Nathan and Pettit, Jacob F and Faissol, Daniel},
  booktitle={International Conference on Machine Learning},
  pages={5979--5989},
  year={2021},
  organization={PMLR}
}

@inproceedings{liu2019lmut,
  title={Toward interpretable deep reinforcement learning with linear model u-trees},
  author={Liu, Guiliang and Schulte, Oliver and Zhu, Wang and Li, Qingcan},
  booktitle={Machine Learning and Knowledge Discovery in Databases: European Conference, ECML PKDD 2018, Dublin, Ireland, September 10--14, 2018, Proceedings, Part II 18},
  pages={414--429},
  year={2019},
  organization={Springer}
}

@article{mu2020compositional,
  title={Compositional explanations of neurons},
  author={Mu, Jesse and Andreas, Jacob},
  journal={Advances in Neural Information Processing Systems},
  volume={33},
  pages={17153--17163},
  year={2020}
}

@inproceedings{nikulin2019free,
  title={Free-lunch saliency via attention in atari agents},
  author={Nikulin, Dmitry and Ianina, Anastasia and Aliev, Vladimir and Nikolenko, Sergey},
  booktitle={2019 IEEE/CVF International Conference on Computer Vision Workshop (ICCVW)},
  pages={4240--4249},
  year={2019},
  organization={IEEE}
}

@article{payani2020incorporating,
  title={Incorporating relational background knowledge into reinforcement learning via differentiable inductive logic programming},
  author={Payani, Ali and Fekri, Faramarz},
  journal={arXiv preprint arXiv:2003.10386},
  year={2020}
}

@misc{qing2023surveyexplainablereinforcementlearning,
      title={A Survey on Explainable Reinforcement Learning: Concepts, Algorithms, Challenges}, 
      author={Yunpeng Qing and Shunyu Liu and Jie Song and Huiqiong Wang and Mingli Song},
      year={2023},
      eprint={2211.06665},
      archivePrefix={arXiv},
      primaryClass={cs.LG},
      url={https://arxiv.org/abs/2211.06665}, 
}

@inproceedings{rizzo2019reinforcement,
  title={Reinforcement learning with explainability for traffic signal control},
  author={Rizzo, Stefano Giovanni and Vantini, Giovanna and Chawla, Sanjay},
  booktitle={2019 IEEE intelligent transportation systems conference (ITSC)},
  pages={3567--3572},
  year={2019},
  organization={IEEE}
}

@article{shi2020self,
  title={Self-supervised discovering of interpretable features for reinforcement learning},
  author={Shi, Wenjie and Huang, Gao and Song, Shiji and Wang, Zhuoyuan and Lin, Tingyu and Wu, Cheng},
  journal={IEEE Transactions on Pattern Analysis and Machine Intelligence},
  volume={44},
  number={5},
  pages={2712--2724},
  year={2020},
  publisher={IEEE}
}

@inproceedings{verma2018programmatically,
  title={Programmatically interpretable reinforcement learning},
  author={Verma, Abhinav and Murali, Vijayaraghavan and Singh, Rishabh and Kohli, Pushmeet and Chaudhuri, Swarat},
  booktitle={International Conference on Machine Learning},
  pages={5045--5054},
  year={2018},
  organization={PMLR}
}

@inproceedings{xuanyuan2023global,
title={Global concept-based interpretability for graph neural networks via neuron analysis},
author={Xuanyuan, Han and Barbiero, Pietro and Georgiev, Dobrik and Magister, Lucie Charlotte and Li{`o}, Pietro},
booktitle={Proceedings of the AAAI Conference on Artificial Intelligence},
volume={37},
pages={10675--10683},
year={2023}
}

@inproceedings{yu2023causal,
  title={Explainable reinforcement learning via a causal world model},
  author={Yu, Zhongwei and Ruan, Jingqing and Xing, Dengpeng},
  booktitle={Proceedings of the Thirty-Second International Joint Conference on Artificial Intelligence},
  pages={4540--4548},
  year={2023}
}

@inproceedings{zabounidis2023concept,
  title={Concept learning for interpretable multi-agent reinforcement learning},
  author={Zabounidis, Renos and Campbell, Joseph and Stepputtis, Simon and Hughes, Dana and Sycara, Katia P},
  booktitle={Conference on Robot Learning},
  pages={1828--1837},
  year={2023},
  organization={PMLR}
}

