@book{Agharese20182018Australia,
    title = {{2018 IEEE International Conference on Robotics and Automation (ICRA) : May 21-25, 2018, Brisbane, Australia}},
    year = {2018},
    author = {Agharese, Nathaniel and Cloyd, Tyler and Blumenschein, Laura H. and Raitor, Michael and Hawkes, Elliot W. and Culbertson, Heather and Okamura, Allison M.},
    publisher = {[IEEE]},
    isbn = {9781538630815}
}

@incollection{Petersen20194Robots,
    title = {{4 - Fluid-driven intrinsically soft robots}},
    year = {2019},
    booktitle = {Robotic Systems and Autonomous Platforms},
    author = {Petersen, Kirstin H and Shepherd, Robert F},
    editor = {Walsh, Shawn M and Strano, Michael S},
    pages = {61--84},
    publisher = {Woodhead Publishing},
    url = {https://www.sciencedirect.com/science/article/pii/B9780081022603000044},
    isbn = {978-0-08-102260-3},
    doi = {https://doi.org/10.1016/B978-0-08-102260-3.00004-4},
    keywords = {Bio-inspired design, Embodied intelligence, Fluid elastomer actuators, Intrinsically soft devices, Soft and stretchable sensors, Soft robots}
}

@article{Lindenroth2021AInjections,
    title = {{A Fluidic Soft Robot for Needle Guidance and Motion Compensation in Intratympanic Steroid Injections}},
    year = {2021},
    journal = {IEEE Robotics and Automation Letters},
    author = {Lindenroth, Lukas and Bano, Sophia and Stilli, Agostino and Manjaly, Joseph G. and Stoyanov, Danail},
    number = {2},
    month = {4},
    pages = {871--878},
    volume = {6},
    publisher = {Institute of Electrical and Electronics Engineers Inc.},
    doi = {10.1109/LRA.2021.3051568},
    issn = {23773766},
    keywords = {Computer vision for medical robotics, medical robots and systems, soft robotics applications}
}

@article{Lindenroth2021AInjectionsb,
    title = {{A Fluidic Soft Robot for Needle Guidance and Motion Compensation in Intratympanic Steroid Injections}},
    year = {2021},
    journal = {IEEE Robotics and Automation Letters},
    author = {Lindenroth, Lukas and Bano, Sophia and Stilli, Agostino and Manjaly, Joseph G. and Stoyanov, Danail},
    number = {2},
    month = {4},
    pages = {871--878},
    volume = {6},
    publisher = {Institute of Electrical and Electronics Engineers Inc.},
    doi = {10.1109/LRA.2021.3051568},
    issn = {23773766},
    keywords = {Computer vision for medical robotics, medical robots and systems, soft robotics applications}
}

@article{Choi2021ACucumber,
    title = {{A programmable powerful and ultra-fast water-driven soft actuator inspired by the mutable collagenous tissue of the sea cucumber}},
    year = {2021},
    journal = {Journal of Materials Chemistry A},
    author = {Choi, Andrew and Han, Hyeonseok and Kim, Dong Sung},
    number = {29},
    month = {8},
    pages = {15937--15947},
    volume = {9},
    publisher = {Royal Society of Chemistry},
    doi = {10.1039/d1ta02566j},
    issn = {20507496}
}

@article{Calanca2016ARobots,
    title = {{A review of algorithms for compliant control of stiff and fixed-compliance robots}},
    year = {2016},
    journal = {IEEE/ASME Transactions on Mechatronics},
    author = {Calanca, Andrea and Muradore, Riccardo and Fiorini, Paolo},
    number = {2},
    month = {4},
    pages = {613--624},
    volume = {21},
    publisher = {Institute of Electrical and Electronics Engineers Inc.},
    doi = {10.1109/TMECH.2015.2465849},
    issn = {10834435},
    keywords = {Active compliance, Admittance control, Compliance, Flexible joints, Force control, Impedance control, Interaction control, Series elastic actuators}
}

@inproceedings{Jones2022AApplications,
    title = {{A Soft Fluidic Sensor-Actuator for Active Sensing of Force and Displacement in Biomedical Applications}},
    year = {2022},
    author = {Jones, Joanna and Damian, Dana D.},
    month = {12},
    pages = {6913--6919},
    publisher = {Institute of Electrical and Electronics Engineers (IEEE)},
    doi = {10.1109/iros47612.2022.9981059}
}

@article{Li2021AProcedures,
    title = {{A Soft Robotic Balloon Endoscope for Airway Procedures}},
    year = {2021},
    journal = {Soft Robotics},
    author = {Li, Yingtian and Peine, Joseph and Mencattelli, Margherita and Wang, Jiaole and Ha, Junhyoung and Dupont, Pierre E},
    number = {5},
    month = {11},
    pages = {1014--1029},
    volume = {9},
    publisher = {Mary Ann Liebert, Inc., publishers},
    url = {https://doi.org/10.1089/soro.2020.0161},
    doi = {10.1089/soro.2020.0161},
    issn = {2169-5172}
}

@article{Chang2022AMedium,
    title = {{A Water Balloon as an Innovative Energy Storage Medium}},
    year = {2022},
    journal = {Polymers},
    author = {Chang, Chun Ti and Huang, Pin Tuan},
    number = {16},
    month = {8},
    volume = {14},
    publisher = {MDPI},
    doi = {10.3390/polym14163396},
    issn = {20734360},
    keywords = {Goughâ€“Joule effect, balloon, energy storage, waste heat recycle}
}

@article{Overveldea2015AmplifyingInstabilities,
    title = {{Amplifying the response of soft actuators by harnessing snap-through instabilities}},
    year = {2015},
    journal = {Proceedings of the National Academy of Sciences of the United States of America},
    author = {Overveldea, Johannes T.B. and Kloeka, Tamara and D'Haena, Jonas J.A. and Bertoldia, Katia},
    number = {35},
    volume = {112},
    doi = {10.1073/pnas.1504947112},
    issn = {10916490}
}

@article{Zhou2018AnMembrane,
    title = {{An evaluation of the Gent and Gent-Gent material models using inflation of a plane membrane}},
    year = {2018},
    journal = {International Journal of Mechanical Sciences},
    author = {Zhou, Lei and Wang, Shibin and Li, Linan and Fu, Yibin},
    month = {10},
    pages = {39--48},
    volume = {146-147},
    publisher = {Elsevier Ltd},
    doi = {10.1016/j.ijmecsci.2018.07.035},
    issn = {00207403},
    keywords = {Bulging, Constitutive model, Gent model, Membrane, Nonlinear elasticity}
}

@article{Horvath2017AnVentricle,
    title = {{An Intracardiac Soft Robotic Device for Augmentation of Blood Ejection from the Failing Right Ventricle}},
    year = {2017},
    journal = {Annals of Biomedical Engineering},
    author = {Horvath, Markus A. and Wamala, Isaac and Rytkin, Eric and Doyle, Elizabeth and Payne, Christopher J. and Thalhofer, Thomas and Berra, Ignacio and Solovyeva, Anna and Saeed, Mossab and Hendren, Sara and Roche, Ellen T. and del Nido, Pedro J. and Walsh, Conor J. and Vasilyev, Nikolay V.},
    number = {9},
    month = {9},
    pages = {2222--2233},
    volume = {45},
    publisher = {Springer New York LLC},
    doi = {10.1007/s10439-017-1855-z},
    issn = {15739686},
    pmid = {28512702},
    keywords = {Mechanical circulatory support, Right heart failure, Soft robotics}
}

@article{Wang2017AnomalousActuation,
    title = {{Anomalous bulging behaviors of a dielectric elastomer balloon under internal pressure and electric actuation}},
    year = {2017},
    journal = {Journal of the Mechanics and Physics of Solids},
    author = {Wang, Fangfang and Yuan, Chao and Lu, Tongqing and Wang, T. J.},
    month = {5},
    pages = {1--16},
    volume = {102},
    publisher = {Elsevier Ltd},
    doi = {10.1016/j.jmps.2017.01.021},
    issn = {00225096},
    keywords = {Bulging instability, Dielectric elastomer, Electromechanical coupling, Irregular bulging shape}
}

@article{Jones2021BubbleRobotics,
    title = {{Bubble casting soft robotics}},
    year = {2021},
    journal = {Nature},
    author = {Jones, Trevor J. and Jambon-Puillet, Etienne and Marthelot, Joel and Brun, P. T.},
    number = {7884},
    month = {11},
    pages = {229--233},
    volume = {599},
    publisher = {Nature Research},
    doi = {10.1038/s41586-021-04029-6},
    issn = {14764687},
    pmid = {34759362}
}

@article{Perez-Guagnelli2020CharacterizationRegeneration,
    title = {{Characterization, Simulation and Control of a Soft Helical Pneumatic Implantable Robot for Tissue Regeneration}},
    year = {2020},
    journal = {IEEE Transactions on Medical Robotics and Bionics},
    author = {Perez-Guagnelli, Eduardo and Jones, Joanna and Tokel, Ahmet H. and Herzig, Nicolas and Jones, Bryn and Miyashita, Shuhei and Damian, Dana D.},
    number = {1},
    month = {2},
    pages = {94--103},
    volume = {2},
    publisher = {Institute of Electrical and Electronics Engineers Inc.},
    doi = {10.1109/TMRB.2020.2970308},
    issn = {25763202},
    keywords = {Implants, medical robotics, soft robotics}
}

@article{Bouremel2018CompressionPockets,
    title = {{Compression of pressurised elastic pockets}},
    year = {2018},
    journal = {International Journal of Non-Linear Mechanics},
    author = {Bouremel, Yann and Eames, Ian and Madaan, Shivam and Brocchini, Steve and Khaw, Peng Tee},
    month = {12},
    pages = {10--15},
    volume = {107},
    publisher = {Elsevier Ltd},
    doi = {10.1016/j.ijnonlinmec.2018.09.010},
    issn = {00207462},
    keywords = {Analytical model, Compression, Deformation, Elastic pocket, Experiments, Numerical model, Soft button}
}

@article{Patil2015ConstrainedCone,
    title = {{Constrained inflation of a stretched hyperelastic membrane inside an elastic cone}},
    year = {2015},
    journal = {Meccanica},
    author = {Patil, Amit and DasGupta, Anirvan},
    number = {6},
    month = {6},
    pages = {1495--1508},
    volume = {50},
    publisher = {Kluwer Academic Publishers},
    doi = {10.1007/s11012-015-0102-7},
    issn = {15729648},
    keywords = {Bisection method, Constrained inflation, Elastic surface, Hyperelastic membrane, Limit point}
}

@article{Patil2015ContactSubstrate,
    title = {{Contact mechanics of a circular membrane inflated against a deformable substrate}},
    year = {2015},
    journal = {International Journal of Solids and Structures},
    author = {Patil, Amit and Dasgupta, Anirvan and Eriksson, Anders},
    month = {8},
    pages = {250--262},
    volume = {67-68},
    publisher = {Elsevier Ltd},
    doi = {10.1016/j.ijsolstr.2015.04.025},
    issn = {00207683},
    keywords = {Adhesive contact, Constrained inflation, Contact peeling, Deformable substrate, Energy release rate}
}

@article{Dupont2022ContinuumInterventions,
    title = {{Continuum Robots for Medical Interventions}},
    year = {2022},
    journal = {Proceedings of the IEEE},
    author = {Dupont, Pierre E. and Simaan, Nabil and Choset, Howie and Rucker, Caleb},
    number = {7},
    month = {7},
    pages = {847--870},
    volume = {110},
    publisher = {Institute of Electrical and Electronics Engineers Inc.},
    doi = {10.1109/JPROC.2022.3141338},
    issn = {15582256},
    keywords = {Concentric tube robots, continuum robots, medical robots, multibackbone robots, tendon actuation}
}

@misc{Trinidad2022EffectDefects,
    title = {{Effect of Blood Flow on Cardiac Morphogenesis and Formation of Congenital Heart Defects}},
    year = {2022},
    booktitle = {Journal of Cardiovascular Development and Disease},
    author = {Trinidad, Fernando and Rubonal, Floyd and Rodriguez de Castro, Ignacio and Pirzadeh, Ida and Gerrah, Rabin and Kheradvar, Arash and Rugonyi, Sandra},
    number = {9},
    month = {9},
    volume = {9},
    publisher = {MDPI},
    doi = {10.3390/jcdd9090303},
    issn = {23083425},
    keywords = {biofluid mechanics, cardiac hemodynamics, congenital heart disease, heart development, mechanotransduction}
}

@article{Xavier2021FiniteDevelopments,
    title = {{Finite Element Modeling of Soft Fluidic Actuators: Overview and Recent Developments}},
    year = {2021},
    journal = {Advanced Intelligent Systems},
    author = {Xavier, Matheus S. and Fleming, Andrew J. and Yong, Yuen K.},
    number = {2},
    month = {2},
    volume = {3},
    publisher = {Wiley},
    doi = {10.1002/aisy.202000187},
    issn = {2640-4567}
}

@article{Abidi2018HighlySurgery,
    title = {{Highly dexterous 2-module soft robot for intra-organ navigation in minimally invasive surgery}},
    year = {2018},
    journal = {The International Journal of Medical Robotics and Computer Assisted Surgery},
    author = {Abidi, Haider and Gerboni, Giada and Brancadoro, Margherita and Fras, Jan and Diodato, Alessandro and Cianchetti, Matteo and Wurdemann, Helge and Althoefer, Kaspar and Menciassi, Arianna},
    number = {1},
    month = {2},
    pages = {e1875},
    volume = {14},
    publisher = {John Wiley {\&} Sons, Ltd},
    url = {https://doi.org/10.1002/rcs.1875},
    doi = {https://doi.org/10.1002/rcs.1875},
    issn = {1478-5951},
    keywords = {MIS, Soft Robot, TME, abdominal, compliant mechanisms, kinematics, laparoscopy, minimal invasive surgery, modeling, navigation, rectum}
}

@article{Roshanfar2023HyperelasticPressure-Stiffening,
    title = {{Hyperelastic Modeling and Validation of Hybrid-Actuated Soft Robot with Pressure-Stiffening}},
    year = {2023},
    journal = {Micromachines},
    author = {Roshanfar, Majid and Taki, Salar and Sayadi, Amir and Cecere, Renzo and Dargahi, Javad and Hooshiar, Amir},
    number = {5},
    month = {5},
    volume = {14},
    publisher = {MDPI},
    doi = {10.3390/mi14050900},
    issn = {2072666X},
    keywords = {Cosserat rod model, hybrid actuation, hyperelastic material model, intraluminal applications, pressure-stiffening, soft robot, stiffness, tendon-driven}
}

@article{Damian2018InImplants,
    title = {{In vivo tissue regeneration with robotic implants}},
    year = {2018},
    journal = {Science Robotics},
    author = {Damian, Dana D and Price, Karl and Arabagi, Slava and Berra, Ignacio and Machaidze, Zurab and Manjila, Sunil and Shimada, Shogo and Fabozzo, Assunta and Arnal, Gustavo and Van Story, David and Goldsmith, Jeffrey D and Agoston, Agoston T and Kim, Chunwoo and Jennings, Russell W and Ngo, Peter D and Manfredi, Michael and Dupont, Pierre E},
    number = {14},
    month = {1},
    pages = {eaaq0018},
    volume = {3},
    publisher = {American Association for the Advancement of Science},
    url = {https://doi.org/10.1126/scirobotics.aaq0018},
    doi = {10.1126/scirobotics.aaq0018}
}

@article{Elahi2019In-VivoSilicones,
    title = {{In-Vivo Soft Tissues Mechanical Characterization: Volume-Based Aspiration Method Validated on Silicones}},
    year = {2019},
    journal = {Experimental Mechanics},
    author = {Elahi, S. A. and Connesson, N. and Chagnon, G. and Payan, Y.},
    number = {2},
    month = {2},
    pages = {251--261},
    volume = {59},
    publisher = {Springer New York LLC},
    doi = {10.1007/s11340-018-00440-9},
    issn = {17412765},
    keywords = {Experimental mechanics, In-vivo measurement, Silicone, Soft tissues characterizations, Suction/aspiration method}
}

@article{Lindenroth2022IntrinsicInterventions,
    title = {{Intrinsic Force Sensing for Motion Estimation in a Parallel, Fluidic Soft Robot for Endoluminal Interventions}},
    year = {2022},
    journal = {IEEE Robotics and Automation Letters},
    author = {Lindenroth, Lukas and Merlin, Jeref and Bano, Sophia and Manjaly, Joseph G. and Mehta, Nishchay and Stoyanov, Danail},
    number = {4},
    month = {10},
    pages = {10581--10588},
    volume = {7},
    publisher = {Institute of Electrical and Electronics Engineers Inc.},
    doi = {10.1109/LRA.2022.3193627},
    issn = {23773766},
    keywords = {Soft robotics applications, computer vision for medical robotics, medical robots and systems}
}

@book{LukasLindenroth2017IROS2017,
    title = {{IROS Vancouver 2017 : IEEE/RSJ International Conference on Intelligent Robots and Systems : Vancouver, BC, Canada, September 24-28, 2017}},
    year = {2017},
    author = {Lukas Lindenroth, Christian Duriez, Junghwan Back, Kawal Rhode, Hongbin Liu},
    publisher = {IEEE},
    isbn = {9781538626825}
}

@inproceedings{Herzig2021ModelMembrane,
    title = {{Model and Validation of a Highly Extensible and Tough Actuator based on a Ballooning Membrane}},
    year = {2021},
    booktitle = {Proceedings - IEEE International Conference on Robotics and Automation},
    author = {Herzig, Nicolas and Jones, Joanna and Perez-Guagnelli, Eduardo and Damian, Dana D.},
    volume = {2021-May},
    doi = {10.1109/ICRA48506.2021.9561091},
    issn = {10504729}
}

@article{Shi2022ModellingFingertip,
    title = {{Modelling the compression of a soft ellipsoid fingertip}},
    year = {2022},
    journal = {Soft Matter},
    author = {Shi, Ge and Shariati, Azadeh and Eames, Ian and Wurdemann, Helge},
    number = {47},
    month = {11},
    pages = {9076--9085},
    volume = {18},
    publisher = {Royal Society of Chemistry},
    doi = {10.1039/d2sm00763k},
    issn = {17446848},
    pmid = {36421000}
}

@article{Anssari-Benam2022ModellingFunction,
    title = {{Modelling the Inflation and Elastic Instabilities of Rubber-Like Spherical and Cylindrical Shells Using a New Generalised Neo-Hookean Strain Energy Function}},
    year = {2022},
    journal = {Journal of Elasticity},
    author = {Anssari-Benam, Afshin and Bucchi, Andrea and Saccomandi, Giuseppe},
    number = {1},
    month = {9},
    pages = {15--45},
    volume = {151},
    publisher = {Springer Science and Business Media B.V.},
    doi = {10.1007/s10659-021-09823-x},
    issn = {15732681},
    keywords = {Inflation, Instability, Modelling, Rubber-like materials, Spherical and cylindrical shells}
}

@inproceedings{Shi2023ModellingLoad,
    title = {{Modelling the inflation of an elastic membrane with a load}},
    year = {2023},
    booktitle = {2023 IEEE International Conference on Soft Robotics, RoboSoft 2023},
    author = {Shi, Ge and Shariati, Azadeh and Shi, Jialei and Herzig, Nicolas and Abad, Sara Adela and Wurdemann, Helge A.},
    publisher = {Institute of Electrical and Electronics Engineers Inc.},
    isbn = {9798350332223},
    doi = {10.1109/RoboSoft55895.2023.10121959}
}

@article{Melly2022ModifiedPredictions,
    title = {{Modified Yeoh model with improved equibiaxial loading predictions}},
    year = {2022},
    journal = {Acta Mechanica},
    author = {Melly, Stephen Kirwa and Liu, Liwu and Liu, Yanju and Leng, Jinsong},
    number = {2},
    month = {2},
    pages = {437--453},
    volume = {233},
    publisher = {Springer},
    doi = {10.1007/s00707-021-03105-2},
    issn = {16196937}
}

@article{Kumar2013OnMembrane,
    title = {{On the contact problem of an inflated spherical hyperelastic membrane}},
    year = {2013},
    journal = {International Journal of Non-Linear Mechanics},
    author = {Kumar, Nirmal and Dasgupta, Anirvan},
    pages = {130--139},
    volume = {57},
    doi = {10.1016/j.ijnonlinmec.2013.06.015},
    issn = {00207462},
    keywords = {Contact problem, Friction, Hyperelastic membrane, Large deformation, Stick-slip, Wrinkling}
}

@article{Feng1973OnMembrane,
    title = {{On the contact problem of an inflated spherical nonlinear membrane}},
    year = {1973},
    journal = {Journal of Applied Mechanics, Transactions ASME},
    author = {Feng, W. W. and Yang, W. H.},
    number = {1},
    volume = {40},
    doi = {10.1115/1.3422928},
    issn = {15289036}
}

@article{Feng1975OnMembrane,
    title = {{On the general contact problem of an inflated nonlinear plane membrane}},
    year = {1975},
    journal = {International Journal of Solids and Structures},
    author = {Feng, William W and Pangnan, Huang},
    number = {4},
    pages = {437--448},
    volume = {11},
    url = {https://www.sciencedirect.com/science/article/pii/0020768375900797},
    doi = {https://doi.org/10.1016/0020-7683(75)90079-7},
    issn = {0020-7683}
}

@article{Chaudhuri2014OnMembranes,
    title = {{On the static and dynamic analysis of inflated hyperelastic circular membranes}},
    year = {2014},
    journal = {Journal of the Mechanics and Physics of Solids},
    author = {Chaudhuri, Abhijit and Dasgupta, Anirvan},
    number = {1},
    pages = {302--315},
    volume = {64},
    publisher = {Elsevier Ltd},
    doi = {10.1016/j.jmps.2013.11.013},
    issn = {00225096},
    keywords = {Dynamics, Finite inflation, Hyperelastic membranes, Stability and bifurcation, Symmetry breaking}
}

@article{Pagoli2021ReviewAnalysis,
    title = {{Review of soft fluidic actuators: classification and materials modeling analysis}},
    year = {2021},
    author = {Pagoli, Amir and Chapelle, FrÃ©dÃ©ric and Antonio Corrales Ramon, Juan and Mezouar, Youcef and Lapusta, Yuri},
    url = {https://hal.uca.fr/hal-03474847},
    doi = {10.1088/1361-665X/ac383a{\"{i}}}
}

@article{Pham2020SoftFields,
    title = {{Soft Endoluminal Robots Propelled by Rotating Magnetic Dipole Fields}},
    year = {2020},
    journal = {IEEE Transactions on Medical Robotics and Bionics},
    author = {Pham, Lan N. and Steiner, Jake A. and Leang, Kam K. and Abbott, Jake J.},
    number = {4},
    month = {11},
    pages = {598--607},
    volume = {2},
    publisher = {Institute of Electrical and Electronics Engineers Inc.},
    doi = {10.1109/TMRB.2020.3027871},
    issn = {25763202},
    keywords = {Medical robotics, magnetic actuation, soft robotics}
}

@article{Gariya2023SoftDeformation,
    title = {{Soft pneumatic actuator with an embedded flexible polymeric piezoelectric membrane for sensing bending deformation}},
    year = {2023},
    journal = {Materials Today Communications},
    author = {Gariya, Narendra and Kumar, Pushpendra and Prasad, Brijesh and Singh, Tej},
    month = {6},
    volume = {35},
    publisher = {Elsevier Ltd},
    doi = {10.1016/j.mtcomm.2023.105910},
    issn = {23524928},
    keywords = {Conductive polymer nanocomposite, Piezoelectric, Soft pneumatic actuator, Soft robotics}
}

@misc{Xavier2022SoftApplications,
    title = {{Soft Pneumatic Actuators: A Review of Design, Fabrication, Modeling, Sensing, Control and Applications}},
    year = {2022},
    booktitle = {IEEE Access},
    author = {Xavier, Matheus S. and Tawk, Charbel D. and Zolfagharian, Ali and Pinskier, Joshua and Howard, David and Young, Taylor and Lai, Jiewen and Harrison, Simon M. and Yong, Yuen K. and Bodaghi, Mahdi and Fleming, Andrew J.},
    pages = {59442--59485},
    volume = {10},
    publisher = {Institute of Electrical and Electronics Engineers Inc.},
    doi = {10.1109/ACCESS.2022.3179589},
    issn = {21693536},
    keywords = {Soft robotics, control, design, modeling, sensing, soft pneumatic actuator}
}

@misc{Ambaye2024SoftReview,
    title = {{Soft Robot Design, Manufacturing, and Operation Challenges: A Review}},
    year = {2024},
    booktitle = {Journal of Manufacturing and Materials Processing},
    author = {Ambaye, Getachew and Boldsaikhan, Enkhsaikhan and Krishnan, Krishna},
    number = {2},
    month = {4},
    volume = {8},
    publisher = {Multidisciplinary Digital Publishing Institute (MDPI)},
    doi = {10.3390/jmmp8020079},
    issn = {25044494},
    keywords = {biomimetics, biomotion, bionics, compliant multifunctional materials, digital engineering, smart manufacturing, soft actuators, soft robotics, soft sensors}
}

@article{Tse2018SoftApplications,
    title = {{Soft Robotics in Medical Applications}},
    year = {2018},
    journal = {Journal of Medical Robotics Research},
    author = {Tse, Zion Tsz Ho and Chen, Yue and Hovet, Sierra and Ren, Hongliang and Cleary, Kevin and Xu, Sheng and Wood, Bradford and Monfaredi, Reza},
    number = {3-4},
    month = {9},
    volume = {3},
    publisher = {World Scientific},
    doi = {10.1142/S2424905X18410064},
    issn = {24249068},
    keywords = {Soft robotics, pneumatic, rehabilitation, surgical}
}

@article{Armanini2021SoftOverview,
    title = {{Soft Robots Modeling: a Structured Overview}},
    year = {2021},
    author = {Armanini, Costanza and Boyer, FrÃ©dÃ©ric and Mathew, Anup Teejo and Duriez, Christian and Renda, Federico},
    month = {12},
    url = {http://arxiv.org/abs/2112.03645},
    arxivId = {2112.03645}
}

@article{Katashima2012StrainGel,
    title = {{Strain energy density function of a near-ideal polymer network estimated by biaxial deformation of Tetra-PEG gel}},
    year = {2012},
    journal = {Soft Matter},
    author = {Katashima, Takuya and Urayama, Kenji and Chung, Ung Il and Sakai, Takamasa},
    number = {31},
    month = {8},
    pages = {8217--8222},
    volume = {8},
    publisher = {Royal Society of Chemistry},
    doi = {10.1039/c2sm25340b},
    issn = {17446848}
}

@article{Treloar1944StrainsBursting,
    title = {{Strains in an Inflated Rubber Sheet, and the Mechanism of Bursting}},
    year = {1944},
    journal = {Rubber Chemistry and Technology},
    author = {Treloar, L R G},
    number = {4},
    month = {12},
    pages = {957--967},
    volume = {17},
    url = {https://doi.org/10.5254/1.3546716},
    doi = {10.5254/1.3546716},
    issn = {0035-9475}
}

@article{Treloar1944Stress-StrainDeformation,
    title = {{Stress-Strain Data for Vulcanized Rubber under Various Types of Deformation}},
    year = {1944},
    journal = {Rubber Chemistry and Technology},
    author = {Treloar, L R G},
    number = {4},
    month = {12},
    pages = {813--825},
    volume = {17},
    url = {https://doi.org/10.5254/1.3546701},
    doi = {10.5254/1.3546701},
    issn = {0035-9475}
}

@article{Marechal2021TowardRobotics,
    title = {{Toward a Common Framework and Database of Materials for Soft Robotics}},
    year = {2021},
    journal = {Soft Robotics},
    author = {Marechal, Luc and Balland, Pascale and Lindenroth, Lukas and Petrou, Fotis and Kontovounisios, Christos and Bello, Fernando},
    number = {3},
    month = {6},
    pages = {284--297},
    volume = {8},
    publisher = {Mary Ann Liebert Inc.},
    doi = {10.1089/soro.2019.0115},
    issn = {21695180},
    pmid = {32589507},
    keywords = {constitutive model, hyperelasticity, soft robotics materials, tensile tests}
}

@article{Lindenroth2023TowardRobots,
    title = {{Toward Intrinsic Force Sensing and Control in Parallel Soft Robots}},
    year = {2023},
    journal = {IEEE/ASME Transactions on Mechatronics},
    author = {Lindenroth, Lukas and Stoyanov, Danail and Rhode, Kawal and Liu, Hongbin},
    number = {1},
    month = {2},
    pages = {80--91},
    volume = {28},
    publisher = {Institute of Electrical and Electronics Engineers Inc.},
    doi = {10.1109/TMECH.2022.3210065},
    issn = {1941014X},
    arxivId = {2111.10338},
    keywords = {Force control, force feedback, hydraulic actuators, soft robotics}
}