@inproceedings{Herzig2021ModelMembrane,
    title = {{Model and Validation of a Highly Extensible and Tough Actuator based on a Ballooning Membrane}},
    year = {2021},
    booktitle = {Proceedings - IEEE International Conference on Robotics and Automation},
    author = {Herzig, Nicolas and Jones, Joanna and Perez-Guagnelli, Eduardo and Damian, Dana D.},
    volume = {2021-May},
    doi = {10.1109/ICRA48506.2021.9561091},
    issn = {10504729}
}

@article{Shi2022ModellingFingertip,
    title = {{Modelling the compression of a soft ellipsoid fingertip}},
    year = {2022},
    journal = {Soft Matter},
    author = {Shi, Ge and Shariati, Azadeh and Eames, Ian and Wurdemann, Helge},
    number = {47},
    month = {11},
    pages = {9076--9085},
    volume = {18},
    publisher = {Royal Society of Chemistry},
    doi = {10.1039/d2sm00763k},
    issn = {17446848},
    pmid = {36421000}
}

@inproceedings{Shi2023ModellingLoad,
    title = {{Modelling the inflation of an elastic membrane with a load}},
    year = {2023},
    booktitle = {2023 IEEE International Conference on Soft Robotics, RoboSoft 2023},
    author = {Shi, Ge and Shariati, Azadeh and Shi, Jialei and Herzig, Nicolas and Abad, Sara Adela and Wurdemann, Helge A.},
    publisher = {Institute of Electrical and Electronics Engineers Inc.},
    isbn = {9798350332223},
    doi = {10.1109/RoboSoft55895.2023.10121959}
}

@article{Wang2017AnomalousActuation,
    title = {{Anomalous bulging behaviors of a dielectric elastomer balloon under internal pressure and electric actuation}},
    year = {2017},
    journal = {Journal of the Mechanics and Physics of Solids},
    author = {Wang, Fangfang and Yuan, Chao and Lu, Tongqing and Wang, T. J.},
    month = {5},
    pages = {1--16},
    volume = {102},
    publisher = {Elsevier Ltd},
    doi = {10.1016/j.jmps.2017.01.021},
    issn = {00225096},
    keywords = {Bulging instability, Dielectric elastomer, Electromechanical coupling, Irregular bulging shape}
}

@article{Zhou2018AnMembrane,
    title = {{An evaluation of the Gent and Gent-Gent material models using inflation of a plane membrane}},
    year = {2018},
    journal = {International Journal of Mechanical Sciences},
    author = {Zhou, Lei and Wang, Shibin and Li, Linan and Fu, Yibin},
    month = {10},
    pages = {39--48},
    volume = {146-147},
    publisher = {Elsevier Ltd},
    doi = {10.1016/j.ijmecsci.2018.07.035},
    issn = {00207403},
    keywords = {Bulging, Constitutive model, Gent model, Membrane, Nonlinear elasticity}
}

