@String(PAMI = {IEEE Trans. Pattern Anal. Mach. Intell.})
@String(IJCV = {Int. J. Comput. Vis.})
@String(CVPR= {IEEE Conf. Comput. Vis. Pattern Recog.})
@String(ICCV= {Int. Conf. Comput. Vis.})
@String(ECCV= {Eur. Conf. Comput. Vis.})
@String(NIPS= {Adv. Neural Inform. Process. Syst.})
@String(ICPR = {Int. Conf. Pattern Recog.})
@String(BMVC= {Brit. Mach. Vis. Conf.})
@String(TOG= {ACM Trans. Graph.})
@String(TIP  = {IEEE Trans. Image Process.})
@String(TVCG  = {IEEE Trans. Vis. Comput. Graph.})
@String(TMM  = {IEEE Trans. Multimedia})
@String(ACMMM= {ACM Int. Conf. Multimedia})
@String(ICME = {Int. Conf. Multimedia and Expo})
@String(ICASSP=	{ICASSP})
@String(ICIP = {IEEE Int. Conf. Image Process.})
@String(ACCV  = {ACCV})
@String(ICLR = {Int. Conf. Learn. Represent.})
@String(IJCAI = {IJCAI})
@String(PR   = {Pattern Recognition})
@String(AAAI = {AAAI})
@String(CVPRW= {IEEE Conf. Comput. Vis. Pattern Recog. Worksh.})
@String(CSVT = {IEEE Trans. Circuit Syst. Video Technol.})

@String(SPL	= {IEEE Sign. Process. Letters})
@String(VR   = {Vis. Res.})
@String(JOV	 = {J. Vis.})
@String(TVC  = {The Vis. Comput.})
@String(JCST  = {J. Comput. Sci. Tech.})
@String(CGF  = {Comput. Graph. Forum})
@String(CVM = {Computational Visual Media})


@String(PAMI  = {IEEE TPAMI})
@String(IJCV  = {IJCV})
@String(CVPR  = {CVPR})
@String(ICCV  = {ICCV})
@String(ECCV  = {ECCV})
@String(NIPS  = {NeurIPS})
@String(ICPR  = {ICPR})
@String(BMVC  =	{BMVC})
@String(TOG   = {ACM TOG})
@String(TIP   = {IEEE TIP})
@String(TVCG  = {IEEE TVCG})
@String(TCSVT = {IEEE TCSVT})
@String(TMM   =	{IEEE TMM})
@String(ACMMM = {ACM MM})
@String(ICME  =	{ICME})
@String(ICASSP=	{ICASSP})
@String(ICIP  = {ICIP})
@String(ACCV  = {ACCV})
@String(ICLR  = {ICLR})
@String(IJCAI = {IJCAI})
@String(PR = {PR})
@String(AAAI = {AAAI})
@String(CVPRW= {CVPRW})
@String(CSVT = {IEEE TCSVT})



@article{zhang2024segment,
  title={{Segment Anything Model for Medical Image Segmentation}: Current Applications and Future Directions},
  author={Zhang, Yichi and others},
  journal={Computing Research Repository {(CoRR)}},
  volume={abs/2401.03495},
  url={https://arxiv.org/abs/2401.03495},
  year={2024}
}

@inproceedings{kirillov2023segment,
  title={{Segment Anything}},
  author={Kirillov, Alexander and others},
  booktitle = {Proceedings of the IEEE/CVF International Conference on Computer Vision (ICCV)},
  month={October},
  year={2023},
  pages={4015-4026}
}
@article{wang2023seggpt,
  title={{SegGPT}: Segmenting everything in context},
  author={Wang, Xinlong and others},
  journal={Computing Research Repository {(CoRR)}},
  volume={abs/2304.03284},
  url={https://arxiv.org/abs/2304.03284},
  year={2023}
}
@article{zou2023segment,
  title={Segment everything everywhere all at once},
  author={Zou, Xueyan and others},
  journal={Computing Research Repository {(CoRR)}},
  volume={abs/2304.06718},
  url={https://arxiv.org/abs/2304.06718},
  year={2023}
}
@article{oquab2023dinov2,
  title={{DINOv2}: Learning robust visual features without supervision},
  author={Oquab, Maxime and others},
  journal={Computing Research Repository {(CoRR)}},
  volume={abs/2304.07193},
  url={https://arxiv.org/abs/2304.07193},
  year={2023}
}
@inproceedings{houlsby2019parameter,
  title={Parameter-efficient transfer learning for NLP},
  author={Houlsby, Neil and others},
  booktitle={International Conference on Machine Learning (ICML)},
  pages={2790--2799},
  year={2019},
  organization={PMLR}
}
@article{dutt2023parameter,
  title={Parameter-Efficient Fine-Tuning for Medical Image Analysis: The Missed Opportunity},
  author={Dutt, Raman and others},
  journal={Computing Research Repository {(CoRR)}},
  volume={abs/2305.08252},
  url={https://arxiv.org/abs/2305.08252},
  year={2023}
}
@article{zhang2021deep,
  title={Deep multimodal fusion for semantic image segmentation: A survey},
  author={Zhang, Yifei and others},
  journal={Image and Vision Computing},
  volume={105},
  pages={104042},
  year={2021},
  publisher={Elsevier}
}
@InProceedings{fan2020sne-roadseg,
author = {Fan, Rui and others},
title = {{SNE-RoadSeg}: Incorporating
Surface Normal Information into Semantic
Segmentation for Accurate Freespace Detection},
booktitle = {Proceedings of the European Conference on Computer Vision (ECCV)},
year = {2020},
pages={340--356},
organization = {Springer},
}

@inproceedings{ha2017mfnet,
  title={{MFNet}: Towards real-time semantic segmentation for autonomous vehicles with multi-spectral scenes},
  author={Ha, Qishen and others},
  booktitle={2017 IEEE/RSJ International Conference on Intelligent Robots and Systems  (IROS)},
  pages={5108--5115},
  year={2017},
  organization={IEEE}
}
@inproceedings{valada2017adapnet,
  title={{AdapNet}: Adaptive semantic segmentation in adverse environmental conditions},
  author={Valada, Abhinav and others},
  booktitle={2017 IEEE International Conference on Robotics and Automation (ICRA)},
  pages={4644--4651},
  year={2017},
  organization={IEEE}
}
@inproceedings{cheng2017locality,
  title={Locality-sensitive deconvolution networks with gated fusion for {RGB-D} indoor semantic segmentation},
  author={Cheng, Yanhua and others},
  booktitle={Proceedings of the IEEE Conference on Computer Vision and Pattern Recognition (CVPR)},
  pages={3029--3037},
  year={2017}
}

@inproceedings{tan2019efficientnet,
  title={{EfficientNet}: Rethinking model scaling for convolutional neural networks},
  author={Tan, Mingxing and Le, Quoc},
  booktitle={International Conference on Machine Learning (ICML)},
  pages={6105--6114},
  year={2019},
  organization={PMLR}
}

@inproceedings{he2016deep,
  title={Deep residual learning for image recognition},
  author={He, Kaiming and others},
  booktitle={Proceedings of the IEEE Conference on Computer Vision and Pattern Recognition (CVPR)},
  pages={770--778},
  year={2016}
}

@inproceedings{yang2024depth,
  title={{Depth Anything}: Unleashing the power of large-scale unlabeled data},
  author={Yang, Lihe and others},
  booktitle={2024 IEEE/CVF Conference on Computer Vision and Pattern Recognition (CVPR)}, 
  pages={10371-10381},
  year={2024}
}

@article{yang2024depth2,
  title={{Depth Anything V2}},
  author={{Yang, Lihe} and others},
  journal={Computing Research Repository {(CoRR)}},
  volume={abs/2406.09414},
  url={https://arxiv.org/abs/2406.09414},
  year={2024}
}

@inproceedings{yuan2021incorporating,
  title={Incorporating convolution designs into visual {Transformers}},
  author={Yuan, Kun and others},
  booktitle={Proceedings of the IEEE/CVF International Conference on Computer Vision (ICCV)},
  pages={579--588},
  year={2021}
}

@inproceedings{cheng2022masked,
  title={Masked-attention mask {Transformer} for universal image segmentation},
  author={Cheng, Bowen and others},
  booktitle={Proceedings of the IEEE/CVF Conference on Computer Vision and Pattern Recognition (CVPR)},
  pages={1290--1299},
  year={2022}
}

@inproceedings{huang2021fapn,
  title={{FaPN}: Feature-aligned pyramid network for dense image prediction},
  author={Huang, Shihua and others},
  booktitle={Proceedings of the IEEE/CVF International Conference on Computer Vision (ICCV)},
  pages={864--873},
  year={2021}
}

@inproceedings{shvets2024joint,
  title={Joint depth prediction and semantic segmentation with multi-view {SAM}},
  author={Shvets, Mykhailo and others},
  booktitle={Proceedings of the IEEE/CVF Winter Conference on Applications of Computer Vision (WACV)},
  pages={1328--1338},
  year={2024}
}
@article{chen2024bridging,
  title={Bridging the domain gap: Self-supervised {3D} scene understanding with foundation models},
  author={Chen, Zhimin and others},
  journal={Advances in Neural Information Processing Systems (NeurIPS)},
  volume={36},
  year={2024}
}

@inproceedings{pang2022masked,
  title={Masked autoencoders for point cloud self-supervised learning},
  author={Pang, Yatian and others},
  booktitle={Proceedings of the European Conference on Computer Vision (ECCV)},
  pages={604--621},
  year={2022},
  organization={Springer}
}
@inproceedings{cen2023sad,
  title={{SAD: Segment Any RGBD}},
  author={Cen, Jun and others},
  booktitle={R0-FoMo:Robustness of Few-shot and Zero-shot Learning in Large Foundation Models},
  year={2023}
}
@article{devlin2018bert,
  title={{BERT}: Pre-training of deep bidirectional {Transformers} for language understanding},
  author={Devlin, Jacob and others},
  journal={Computing Research Repository {(CoRR)}},
  volume={abs/1810.04805},
  url={https://arxiv.org/abs/1810.04805},
  year={2018}
}
@article{bao2021beit,
  title={{BEiT}: {BERT} pre-training of image {Transformers}},
  author={Bao, Hangbo and others},
  journal={Computing Research Repository {(CoRR)}},
  volume={abs/2106.08254},
  url={https://arxiv.org/abs/2106.08254},
  year={2021}
}

@inproceedings{liu2022swin,
  title={{Swin Transformer V2}: Scaling up capacity and resolution},
  author={Liu, Ze and others},
  booktitle={Proceedings of the IEEE/CVF Conference on Computer Vision and Pattern Recognition (CVPR)},
  pages={12009--12019},
  year={2022}
}

@article{ma2022swinfusion,
  title={{SwinFusion}: Cross-domain long-range learning for general image fusion via swin {Transformer}},
  author={Ma, Jiayi and others},
  journal={IEEE/CAA Journal of Automatica Sinica},
  volume={9},
  number={7},
  pages={1200--1217},
  year={2022},
  publisher={IEEE}
}

@article{wang2022swinfuse,
  title={{SwinFuse}: A residual swin {Transformer} fusion network for infrared and visible images},
  author={Wang, Zhishe and others},
  journal={IEEE Transactions on Instrumentation and Measurement},
  volume={71},
  pages={1--12},
  year={2022},
  publisher={IEEE}
}
@inproceedings{vs2022image,
  title={Image fusion transformer},
  author={Vs, Vibashan and others},
  booktitle={2022 IEEE International Conference on Image Processing (ICIP)},
  pages={3566--3570},
  year={2022},
  organization={IEEE}
}
@article{zhang2023transformer,
  title={Transformer based conditional {GAN} for multimodal image fusion},
  author={Zhang, Jun and others},
  journal={IEEE Transactions on Multimedia},
  year={2023},
  publisher={IEEE}
}
@article{tang2023datfuse,
  title={{DATFuse}: Infrared and visible image fusion via dual attention transformer},
  author={Tang, Wei and others},
  journal={IEEE Transactions on Circuits and Systems for Video Technology},
  year={2023},
  publisher={IEEE}
}

@inproceedings{jha2023gaf,
  title={{GAF-Net}: improving the performance of remote sensing image fusion using novel global self and cross attention learning},
  author={Jha, Ankit and others},
  booktitle={Proceedings of the IEEE/CVF Winter Conference on Applications of Computer Vision (WACV)},
  pages={6354--6363},
  year={2023}
}

@article{wu2024s,
  title={S$^3${M-Net}: Joint Learning of Semantic Segmentation and Stereo Matching for Autonomous Driving},
  author={Wu, Zhiyuan and others},
  journal={IEEE Transactions on Intelligent Vehicles},
  year={2024},
  publisher={IEEE},
  volume={9},
  number={2},
  pages={3940-3951},
}

@inproceedings{seichter2021efficient,
  title={Efficient {RGB-D} semantic segmentation for indoor scene analysis},
  author={Seichter, Daniel and others},
  booktitle={2021 IEEE International Conference on Robotics and Automation (ICRA)},
  pages={13525--13531},
  year={2021},
  organization={IEEE}
}

@inproceedings{wang2021sne,
  title={{SNE-RoadSeg+}: Rethinking depth-normal translation and deep supervision for freespace detection},
  author={Wang, Hengli and others},
  booktitle={2021 IEEE/RSJ International Conference on Intelligent Robots and Systems  (IROS)},
  pages={1140--1145},
  year={2021},
  organization={IEEE}
}

@inproceedings{min2022orfd,
  title={{ORFD}: A dataset and benchmark for {OFF-Road} freespace detection},
  author={Min, Chen and others},
  booktitle={2022 International Conference on Robotics and Automation (ICRA)},
  pages={2532--2538},
  year={2022},
  organization={IEEE}
}


@inproceedings{hazirbas2017fusenet,
  title={{FuseNet}: Incorporating depth into semantic segmentation via fusion-based cnn architecture},
  author={Hazirbas and others},
  booktitle={Proceedings of the Asian Conference on Computer Vision (ACCV)},
  pages={213--228},
  year={2017},
  organization={Springer}
}

@article{cai2024spatialbot,
  title={{SpatialBot}: Precise Spatial Understanding with Vision Language Models},
  author={Cai, Wenxiao and others},
  journal={Computing Research Repository {(CoRR)}},
  volume={abs/2406.13642},
  url={https://arxiv.org/abs/2406.13642},
  year={2024}
}
@article{zhou2022fanet,
  title={{FANet}: Feature aggregation network for {RGBD} saliency detection},
  author={Zhou, Xiaofei and others},
  journal={Signal Processing: Image Communication},
  volume={102},
  pages={116591},
  year={2022},
  publisher={Elsevier}
}
@article{zhou2022canet,
  title={{CANet}: Co-attention network for {RGB-D} semantic segmentation},
  author={Zhou, Hao and others},
  journal={Pattern Recognition},
  volume={124},
  pages={108468},
  year={2022},
  publisher={Elsevier}
}

@inproceedings{wang2016learning,
  title={Learning common and specific features for {RGB-D} semantic segmentation with deconvolutional networks},
  author={Wang, Jinghua and others},
  booktitle={Proceedings of the European Conference on Computer Vision (ECCV)},
  pages={664--679},
  year={2016},
  organization={Springer}
}


@article{sun2020real,
  title={Real-time fusion network for {RGB-D} semantic segmentation incorporating unexpected obstacle detection for road-driving images},
  author={Sun, Lei and others},
  journal={IEEE Robotics and Automation Letters},
  volume={5},
  number={4},
  pages={5558--5565},
  year={2020},
  publisher={IEEE}
}

@inproceedings{wei2020f3net,
  title={{F$^3$Net}: fusion, feedback and focus for salient object detection},
  author={Wei, Jun and others},
  booktitle={Proceedings of the AAAI conference on Artificial Intelligence (AAAI)},
  volume={34},
  number={07},
  pages={12321--12328},
  year={2020}
}

@inproceedings{chen2020bi,
  title={Bi-directional cross-modality feature propagation with separation-and-aggregation gate for {RGB-D} semantic segmentation},
  author={Chen, Xiaokang and others},
  booktitle={Proceedings of the European Conference on Computer Vision (ECCV)},
  pages={561--577},
  year={2020},
  organization={Springer}
}

@article{lei2016layer,
  title={Layer normalization},
  author={Jimmy Lei Ba and others},
  journal={Computing Research Repository {(CoRR)}},
  volume={abs/1607.06450},
  url={https://arxiv.org/abs/1607.06450},
  year={2016}
}

@article{fu2013integrating,
  title={Integrating low-level and semantic features for object consistent segmentation},
  author={Fu, Hao and Qiu, Guoping},
  journal={Neurocomputing},
  volume={119},
  pages={74--81},
  year={2013},
  publisher={Elsevier}
}


@inproceedings{pang2020hierarchical,
  title={Hierarchical dynamic filtering network for {RGB-D} salient object detection},
  author={Pang, Youwei and others},
  booktitle={Proceedings of the European Conference on Computer Vision (ECCV)},
  pages={235--252},
  year={2020},
  organization={Springer}
}

@article{xu2023thcanet,
  title={{THCANet}: Two-layer hop cascaded asymptotic network for robot-driving road-scene semantic segmentation in {RGB-D} images},
  author={Xu, Gao and others},
  journal={Digital Signal Processing},
  volume={136},
  pages={104011},
  year={2023},
  publisher={Elsevier}
}

@inproceedings{xia2024vit,
  title={{ViT-CoMer}: Vision {Transformer} with convolutional multi-scale feature interaction for dense predictions},
  author={Xia, Chunlong and others},
  booktitle={Proceedings of the IEEE/CVF Conference on Computer Vision and Pattern Recognition (CVPR)},
  pages={5493--5502},
  year={2024}
}

@inproceedings{chen2022vision,
  title={Vision {Transformer} adapter for dense predictions},
  author={Chen, Zhe and others},
  booktitle={The Eleventh International Conference on Learning Representations {(ICLR)}},
  year={2023}
}
@inproceedings{li2020gated,
  title={Gated fully fusion for semantic segmentation},
  author={Li, Xiangtai and others},
  booktitle={Proceedings of the AAAI Conference on Artificial Intelligence (AAAI)},
  volume={34},
  number={07},
  pages={11418--11425},
  year={2020}
}

@inproceedings{liu2021swin,
  title={{Swin Transformer}: hierarchical vision {Transformer} using shifted windows},
  author={Liu, Ze and others},
  booktitle={Proceedings of the IEEE/CVF International Conference on Computer Vision (ICCV)},
  pages={10012--10022},
  year={2021}
}

@article{xie2021segformer,
  title={{SegFormer}: Simple and efficient design for semantic segmentation with {Transformers}},
  author={Xie, Enze and others},
  journal={Advances in Neural Information Processing Systems (NeurIPS)},
  volume={34},
  pages={12077--12090},
  year={2021}
}

@inproceedings{hoyer2021three,
  title={Three ways to improve semantic segmentation with self-supervised depth estimation},
  author={Hoyer, Lukas and others},
  booktitle={Proceedings of the IEEE/CVF Conference on Computer Vision and Pattern Recognition (CVPR)},
  pages={11130--11140},
  year={2021}
}

@inproceedings{saha2021learning,
  title={Learning to relate depth and semantics for unsupervised domain adaptation},
  author={Saha, Suman and others},
  booktitle={Proceedings of the IEEE/CVF Conference on Computer Vision and Pattern Recognition (CVPR)},
  pages={8197--8207},
  year={2021}
}

@inproceedings{chen2024conv,
  title={{Conv-Adapter}: Exploring parameter efficient transfer learning for convnets},
  author={Chen, Hao and others},
  booktitle={Proceedings of the IEEE/CVF Conference on Computer Vision and Pattern Recognition (CVPR)},
  pages={1551--1561},
  year={2024}
}

@inproceedings{wu2022robust,
  title={Robust {RGB-D} fusion for saliency detection},
  author={Wu, Zongwei and others},
  booktitle={2022 International Conference on {3D} Vision (3DV)},
  pages={403--413},
  year={2022},
  organization={IEEE}
}

@inproceedings{sun2021deep,
  title={Deep {RGB-D} saliency detection with depth-sensitive attention and automatic multi-modal fusion},
  author={Sun, Peng and others},
  booktitle={Proceedings of the IEEE/CVF Conference on Computer Vision and Pattern Recognition (CVPR)},
  pages={1407--1417},
  year={2021}
}

@inproceedings{cordts2016cityscapes,
  title={The {CityScapes} dataset for semantic urban scene understanding},
  author={Cordts, Marius and others},
  booktitle={Proceedings of the IEEE Conference on Computer Vision and Pattern Recognition (CVPR)},
  pages={3213--3223},
  year={2016}
}

@inproceedings{li2022practical,
  title={Practical stereo matching via cascaded recurrent network with adaptive correlation},
  author={Li, Jiankun and others},
  booktitle={Proceedings of the IEEE/CVF Conference on Computer Vision and Pattern Recognition (CVPR)},
  pages={16263--16272},
  year={2022}
}

@inproceedings{menze2015kitti,
  title={Object scene flow for autonomous vehicles},
  author={Menze, Moritz and Geiger, Andreas},
  booktitle={Proceedings of the IEEE/CVF Conference on Computer Vision and Pattern Recognition (CVPR)},
  pages={3061--3070},
  year={2015}
}

@article{zhou2019unet++,
  title={{UNet++}: Redesigning skip connections to exploit multiscale features in image segmentation},
  author={Zhou, Zongwei and others},
  journal={IEEE Transactions on Medical Imaging},
  volume={39},
  number={6},
  pages={1856--1867},
  year={2019},
  publisher={IEEE}
}

@inproceedings{loshchilov2017decoupled,
  title={Decoupled weight decay regularization},
  author={Loshchilov, I and Frank Hutter},
  booktitle={International Conference on Learning Representations (ICLR)},
  year={2019}
}

@inproceedings{xiao2018unified,
  title={Unified perceptual parsing for scene understanding},
  author={Xiao, Tete and others},
  booktitle={Proceedings of the European Conference on Computer Vision (ECCV)},
  pages={418--434},
  year={2018}
}

@inproceedings{strudel2021segmenter,
  title={Segmenter: Transformer for semantic segmentation},
  author={Strudel, Robin and others},
  booktitle={Proceedings of the IEEE/CVF International Conference on Computer Vision (ICCV)},
  pages={7262--7272},
  year={2021}
}

@inproceedings{xue2019danet,
  title={{DANet}: Divergent activation for weakly supervised object localization},
  author={Xue, Haolan and others},
  booktitle={Proceedings of the IEEE/CVF International Conference on Computer Vision (ICCV)},
  pages={6589--6598},
  year={2019}
}

@inproceedings{yuan2020object,
  title={Object-contextual representations for semantic segmentation},
  author={Yuan, Yuhui and others},
  booktitle={Proceedings of the European Conference on Computer Vision (ECCV)},
  pages={173--190},
  year={2020},
  organization={Springer}
}

@article{zhang2021k,
  title={{K-Net}: Towards unified image segmentation},
  author={Zhang, Wenwei and others},
  journal={Advances in Neural Information Processing Systems (NeurIPS)},
  volume={34},
  pages={10326--10338},
  year={2021}
}

@inproceedings{li2019expectation,
  title={Expectation-maximization attention networks for semantic segmentation},
  author={Li, Xia and others},
  booktitle={Proceedings of the IEEE/CVF International Conference on Computer Vision (ICCV)},
  pages={9167--9176},
  year={2019}
}

@article{hassan2020learning,
  title={Learning Feature Fusion in Deep Learning-Based Object Detector},
  author={Hassan, Ehtesham and others},
  journal={Journal of Engineering},
  volume={2020},
  number={1},
  pages={7286187},
  year={2020},
  publisher={Wiley Online Library}
}


@article{zhou2021ecffnet,
  title={{ECFFNet}: Effective and consistent feature fusion network for {RGB-T} salient object detection},
  author={Zhou, Wujie and others},
  journal={IEEE Transactions on Circuits and Systems for Video Technology},
  volume={32},
  number={3},
  pages={1224--1235},
  year={2021},
  publisher={IEEE}
}

@inproceedings{jiang2013salient,
  title={Salient object detection: A discriminative regional feature integration approach},
  author={Jiang, Huaizu and others},
  booktitle={Proceedings of the IEEE/CVF Conference on Computer Vision and Pattern Recognition (CVPR)},
  pages={2083--2090},
  year={2013}
}

@inproceedings{zhang2018exfuse,
  title={{ExFuse}: Enhancing feature fusion for semantic segmentation},
  author={Zhang, Zhenli and others},
  booktitle={Proceedings of the European Conference on Computer Vision (ECCV)},
  pages={269--284},
  year={2018}
}




@inproceedings{wang2024drive,
  title={Drive anywhere: Generalizable end-to-end autonomous driving with multi-modal foundation models},
  author={Wang, Tsun-Hsuan and others},
  booktitle={2024 IEEE International Conference on Robotics and Automation (ICRA)},
  pages={6687--6694},
  year={2024},
  organization={IEEE}
}

@article{sima2023drivelm,
  title={{DriveLM}: Driving with graph visual question answering},
  author={Sima, Chonghao and others},
  journal={Computing Research Repository {(CoRR)}},
  volume={abs/2312.14150},
  url={https://arxiv.org/abs/2312.14150},
  year={2023}
}

@article{yang2023lidar,
  title={{Lidar-LLM}: Exploring the potential of large language models for {3D} lidar understanding},
  author={Yang, Senqiao and others},
  journal={Computing Research Repository {(CoRR)}},
  volume={abs/2312.14074},
  url={https://arxiv.org/abs/2312.14074},
  year={2023}
}

@article{li2024roadformer,
  title={{RoadFormer}: Duplex {Transformer} for {RGB-Normal} semantic road scene parsing},
  author={Li, Jiahang and others},
  journal={IEEE Transactions on Intelligent Vehicles},
  year={2024},
  publisher={IEEE},
  volume={9},
  number={7},
  pages={5163-5172},
}

@article{liu2024playing,
  title={Playing to Vision Foundation Model's Strengths in Stereo Matching},
  author={Liu, Chuang-Wei and others},
  journal={IEEE Transactions on Intelligent Vehicles},
  year={2024},
  publisher={IEEE},
  note={{DOI}: 10.1109/TIV.2024.3467287}
}

@article{huang2024roadformer+,
  title={RoadFormer+: Delivering {RGB-X} scene parsing through scale-aware information decoupling and advanced heterogeneous feature fusion},
  author={Huang, Jianxin and others},
  journal={IEEE Transactions on Intelligent Vehicles},
  year={2024},
  publisher={IEEE},
  note={{DOI:} 10.1109/TIV.2024.3448251}
}

@article{chen2023edge,
  title={Edge intelligence empowered vehicle detection and image segmentation for autonomous vehicles},
  author={Chen, Chen and others},
  journal={IEEE Transactions on Intelligent Transportation Systems},
  volume={24},
  number={11},
  pages={13023--13034},
  year={2023},
  publisher={IEEE}
}

@inproceedings{9665883,
  author={Lipson, Lahav and others},
  booktitle={2021 International Conference on {3D} Vision {(3DV)}}, 
  title={{RAFT-Stereo}: Multilevel Recurrent Field Transforms for Stereo Matching}, 
  year={2021},
  pages={218-227},
}

@inproceedings{han2024few,
  title={Few-Shot Object Detection with Foundation Models},
  author={Han, Guangxing and Lim, Ser-Nam},
  booktitle={Proceedings of the IEEE Conference on Computer Vision and Pattern Recognition (CVPR)},
  pages={28608--28618},
  year={2024}
}

@inproceedings{long2015fully,
  title={Fully convolutional networks for semantic segmentation},
  author={Long, Jonathan and others},
  booktitle={Proceedings of the IEEE Conference on Computer Vision and Pattern Recognition (CVPR)},
  pages={3431--3440},
  year={2015}
}

@article{huang2024online,
  title={Online, Target-Free {LiDAR}-Camera Extrinsic Calibration via Cross-Modal Mask Matching},
  author={Huang, Zhiwei and others},
  journal={IEEE Transactions on Intelligent Vehicles},
  year={2024},
  publisher={IEEE},
  note={{DOI}: 10.1109/TIV.2024.3456299}
}

@article{li2024hapnet,
  title={{HAPNet}: Toward Superior {RGB-Thermal} Scene Parsing via Hybrid, Asymmetric, and Progressive Heterogeneous Feature Fusion},
  author={Li, Jiahang and others},
  journal={IEEE Transactions on Intelligent Transportation Systems},
  year={2024},
  note={in press}
}

@inproceedings{feng2023vipocc,
  title={{ViPOcc:} Leveraging Visual Priors from Vision Foundation Models for Single-View 3D Occupancy Prediction},
  author={Feng, Yi and others},
  booktitle={Proceedings of the AAAI conference on Artificial Intelligence (AAAI)},
  year={2025},
  note={in press}
}

@article{fan2019pothole,
  title={Pothole detection based on disparity transformation and road surface modeling},
  author={Fan, Rui and others},
  journal={IEEE Transactions on Image Processing},
  volume={29},
  pages={897--908},
  year={2020},
  publisher={IEEE}
}

@article{fan2021graph,
  title={Graph attention layer evolves semantic segmentation for road pothole detection: A benchmark and algorithms},
  author={{Fan}, {Rui} and others},
  journal={IEEE Transactions on Image Processing},
  volume={30},
  pages={8144--8154},
  year={2021},
  publisher={IEEE}
}

@article{liu2024these,
  title={These Maps Are Made by Propagation: Adapting Deep Stereo Networks to Road Scenarios with Decisive Disparity Diffusion},
  author={Liu, Chuang-Wei and others},
  journal={IEEE Transactions on Image Processing},
  year={2025},
  note={in press}
}