@inproceedings{chen2020bi,
  title={Bi-directional cross-modality feature propagation with separation-and-aggregation gate for {RGB-D} semantic segmentation},
  author={Chen, Xiaokang and others},
  booktitle={Proceedings of the European Conference on Computer Vision (ECCV)},
  pages={561--577},
  year={2020},
  organization={Springer}
}

@inproceedings{cheng2017locality,
  title={Locality-sensitive deconvolution networks with gated fusion for {RGB-D} indoor semantic segmentation},
  author={Cheng, Yanhua and others},
  booktitle={Proceedings of the IEEE Conference on Computer Vision and Pattern Recognition (CVPR)},
  pages={3029--3037},
  year={2017}
}

@InProceedings{fan2020sne-roadseg,
author = {Fan, Rui and others},
title = {{SNE-RoadSeg}: Incorporating
Surface Normal Information into Semantic
Segmentation for Accurate Freespace Detection},
booktitle = {Proceedings of the European Conference on Computer Vision (ECCV)},
year = {2020},
pages={340--356},
organization = {Springer},
}

@inproceedings{ha2017mfnet,
  title={{MFNet}: Towards real-time semantic segmentation for autonomous vehicles with multi-spectral scenes},
  author={Ha, Qishen and others},
  booktitle={2017 IEEE/RSJ International Conference on Intelligent Robots and Systems  (IROS)},
  pages={5108--5115},
  year={2017},
  organization={IEEE}
}

@article{hassan2020learning,
  title={Learning Feature Fusion in Deep Learning-Based Object Detector},
  author={Hassan, Ehtesham and others},
  journal={Journal of Engineering},
  volume={2020},
  number={1},
  pages={7286187},
  year={2020},
  publisher={Wiley Online Library}
}

@article{huang2024roadformer+,
  title={RoadFormer+: Delivering {RGB-X} scene parsing through scale-aware information decoupling and advanced heterogeneous feature fusion},
  author={Huang, Jianxin and others},
  journal={IEEE Transactions on Intelligent Vehicles},
  year={2024},
  publisher={IEEE},
  note={{DOI:} 10.1109/TIV.2024.3448251}
}

@inproceedings{jiang2013salient,
  title={Salient object detection: A discriminative regional feature integration approach},
  author={Jiang, Huaizu and others},
  booktitle={Proceedings of the IEEE/CVF Conference on Computer Vision and Pattern Recognition (CVPR)},
  pages={2083--2090},
  year={2013}
}

@inproceedings{valada2017adapnet,
  title={{AdapNet}: Adaptive semantic segmentation in adverse environmental conditions},
  author={Valada, Abhinav and others},
  booktitle={2017 IEEE International Conference on Robotics and Automation (ICRA)},
  pages={4644--4651},
  year={2017},
  organization={IEEE}
}

@inproceedings{wei2020f3net,
  title={{F$^3$Net}: fusion, feedback and focus for salient object detection},
  author={Wei, Jun and others},
  booktitle={Proceedings of the AAAI conference on Artificial Intelligence (AAAI)},
  volume={34},
  number={07},
  pages={12321--12328},
  year={2020}
}

@article{wu2024s,
  title={S$^3${M-Net}: Joint Learning of Semantic Segmentation and Stereo Matching for Autonomous Driving},
  author={Wu, Zhiyuan and others},
  journal={IEEE Transactions on Intelligent Vehicles},
  year={2024},
  publisher={IEEE},
  volume={9},
  number={2},
  pages={3940-3951},
}

@inproceedings{yang2024depth,
  title={{Depth Anything}: Unleashing the power of large-scale unlabeled data},
  author={Yang, Lihe and others},
  booktitle={2024 IEEE/CVF Conference on Computer Vision and Pattern Recognition (CVPR)}, 
  pages={10371-10381},
  year={2024}
}

@article{yang2024depth2,
  title={{Depth Anything V2}},
  author={{Yang, Lihe} and others},
  journal={Computing Research Repository {(CoRR)}},
  volume={abs/2406.09414},
  url={https://arxiv.org/abs/2406.09414},
  year={2024}
}

@inproceedings{zhang2018exfuse,
  title={{ExFuse}: Enhancing feature fusion for semantic segmentation},
  author={Zhang, Zhenli and others},
  booktitle={Proceedings of the European Conference on Computer Vision (ECCV)},
  pages={269--284},
  year={2018}
}

@article{zhang2021deep,
  title={Deep multimodal fusion for semantic image segmentation: A survey},
  author={Zhang, Yifei and others},
  journal={Image and Vision Computing},
  volume={105},
  pages={104042},
  year={2021},
  publisher={Elsevier}
}

@article{zhou2019unet++,
  title={{UNet++}: Redesigning skip connections to exploit multiscale features in image segmentation},
  author={Zhou, Zongwei and others},
  journal={IEEE Transactions on Medical Imaging},
  volume={39},
  number={6},
  pages={1856--1867},
  year={2019},
  publisher={IEEE}
}

@article{zhou2021ecffnet,
  title={{ECFFNet}: Effective and consistent feature fusion network for {RGB-T} salient object detection},
  author={Zhou, Wujie and others},
  journal={IEEE Transactions on Circuits and Systems for Video Technology},
  volume={32},
  number={3},
  pages={1224--1235},
  year={2021},
  publisher={IEEE}
}

