@MISC{Junichi:2023,
    author = {Junichi Kawasaki and Norihiro Fukumoto},
    title = {2023 Japan challenge | Network Failure Classification using Network Digital Twin},
    month = Sep,
    year = {2023},
    howpublished = {\url{https://www.youtube.com/watch?v=S4gBXRHQx1o}}
}

@article{al2024comparative,
  title={Comparative evaluation of data imbalance addressing techniques for CNN-based insider threat detection},
  author={Al-Shehari, Taher and Kadrie, Mohammed and Al-Mhiqani, Mohammed Nasser and Alfakih, Taha and Alsalman, Hussain and Uddin, Mueen and Ullah, Syed Sajid and Dandoush, Abdulhalim},
  journal={Scientific Reports},
  volume={14},
  number={1},
  pages={24715},
  year={2024},
  publisher={Nature Publishing Group UK London}
}

@article{atwood2016diffusion,
  title={Diffusion-convolutional neural networks},
  author={Atwood, James and Towsley, Don},
  journal={Advances in neural information processing systems},
  volume={29},
  year={2016}
}

@article{bruna2013spectral,
  title={Spectral networks and locally connected networks on graphs},
  author={Bruna, Joan and Zaremba, Wojciech and Szlam, Arthur and LeCun, Yann},
  journal={arXiv preprint arXiv:1312.6203},
  year={2013}
}

@inproceedings{bunkhumpornpat2009safe,
  title={Safe-level-smote: Safe-level-synthetic minority over-sampling technique for handling the class imbalanced problem},
  author={Bunkhumpornpat, Chumphol and Sinapiromsaran, Krung and Lursinsap, Chidchanok},
  booktitle={Advances in Knowledge Discovery and Data Mining: 13th Pacific-Asia Conference, PAKDD 2009 Bangkok, Thailand, April 27-30, 2009 Proceedings 13},
  pages={475--482},
  year={2009},
  organization={Springer}
}

@article{chawla2002smote,
  title={SMOTE: synthetic minority over-sampling technique},
  author={Chawla, Nitesh V and Bowyer, Kevin W and Hall, Lawrence O and Kegelmeyer, W Philip},
  journal={Journal of artificial intelligence research},
  volume={16},
  pages={321--357},
  year={2002}
}

@article{defferrard2016convolutional,
  title={Convolutional neural networks on graphs with fast localized spectral filtering},
  author={Defferrard, Micha{\"e}l and Bresson, Xavier and Vandergheynst, Pierre},
  journal={Advances in neural information processing systems},
  volume={29},
  year={2016}
}

@inproceedings{ding2018opportunities,
  title={Opportunities for applications using 5G networks: Requirements, challenges, and outlook},
  author={Ding, Aaron Yi and Janssen, Marijn},
  booktitle={Proceedings of the Seventh International Conference on Telecommunications and Remote Sensing},
  pages={27--34},
  year={2018}
}

@article{ding2022data,
  title={Data augmentation for deep graph learning: A survey},
  author={Ding, Kaize and Xu, Zhe and Tong, Hanghang and Liu, Huan},
  journal={ACM SIGKDD Explorations Newsletter},
  volume={24},
  number={2},
  pages={61--77},
  year={2022},
  publisher={ACM New York, NY, USA}
}

@article{duvenaud2015convolutional,
  title={Convolutional networks on graphs for learning molecular fingerprints},
  author={Duvenaud, David K and Maclaurin, Dougal and Iparraguirre, Jorge and Bombarell, Rafael and Hirzel, Timothy and Aspuru-Guzik, Al{\'a}n and Adams, Ryan P},
  journal={Advances in neural information processing systems},
  volume={28},
  year={2015}
}

@article{fofanah2024addressing,
  title={Addressing imbalance in graph datasets: Introducing gate-gnn with graph ensemble weight attention and transfer learning for enhanced node classification},
  author={Fofanah, Abdul Joseph and Chen, David and Wen, Lian and Zhang, Shaoyang},
  journal={Expert Systems with Applications},
  volume={255},
  pages={124602},
  year={2024},
  publisher={Elsevier}
}

@inproceedings{gilmer2017neural,
  title={Neural message passing for quantum chemistry},
  author={Gilmer, Justin and Schoenholz, Samuel S and Riley, Patrick F and Vinyals, Oriol and Dahl, George E},
  booktitle={International conference on machine learning},
  pages={1263--1272},
  year={2017},
  organization={PMLR}
}

@article{habibi2019comprehensive,
  title={A comprehensive survey of RAN architectures toward 5G mobile communication system},
  author={Habibi, Mohammad Asif and Nasimi, Meysam and Han, Bin and Schotten, Hans D},
  journal={Ieee Access},
  volume={7},
  pages={70371--70421},
  year={2019},
  publisher={IEEE}
}

@inproceedings{han2005borderline,
  title={Borderline-SMOTE: a new over-sampling method in imbalanced data sets learning},
  author={Han, Hui and Wang, Wen-Yuan and Mao, Bing-Huan},
  booktitle={International conference on intelligent computing},
  pages={878--887},
  year={2005},
  organization={Springer}
}

@inproceedings{he2024gradient,
  title={Gradient reweighting: Towards imbalanced class-incremental learning},
  author={He, Jiangpeng},
  booktitle={Proceedings of the IEEE/CVF Conference on Computer Vision and Pattern Recognition},
  pages={16668--16677},
  year={2024}
}

@article{johnson2019survey,
  title={Survey on deep learning with class imbalance},
  author={Johnson, Justin M and Khoshgoftaar, Taghi M},
  journal={Journal of Big Data},
  volume={6},
  number={1},
  pages={1--54},
  year={2019},
  publisher={Springer}
}

@article{kipf2016semi,
  title={Semi-supervised classification with graph convolutional networks},
  author={Kipf, Thomas N and Welling, Max},
  journal={arXiv preprint arXiv:1609.02907},
  year={2016}
}

@article{koziarski2019radial,
  title={Radial-based oversampling for noisy imbalanced data classification},
  author={Koziarski, Micha{\l} and Krawczyk, Bartosz and Wo{\'z}niak, Micha{\l}},
  journal={Neurocomputing},
  volume={343},
  pages={19--33},
  year={2019},
  publisher={Elsevier}
}

@inproceedings{lei2017deriving,
  title={Deriving neural architectures from sequence and graph kernels},
  author={Lei, Tao and Jin, Wengong and Barzilay, Regina and Jaakkola, Tommi},
  booktitle={International Conference on Machine Learning},
  pages={2024--2033},
  year={2017},
  organization={PMLR}
}

@article{li2015gated,
  title={Gated graph sequence neural networks},
  author={Li, Yujia and Tarlow, Daniel and Brockschmidt, Marc and Zemel, Richard},
  journal={arXiv preprint arXiv:1511.05493},
  year={2015}
}

@article{li2021novel,
  title={A novel oversampling technique for class-imbalanced learning based on SMOTE and natural neighbors},
  author={Li, Junnan and Zhu, Qingsheng and Wu, Quanwang and Fan, Zhu},
  journal={Information Sciences},
  volume={565},
  pages={438--455},
  year={2021},
  publisher={Elsevier}
}

@inproceedings{lin2017focal,
  title={Focal loss for dense object detection},
  author={Lin, Tsung-Yi and Goyal, Priya and Girshick, Ross and He, Kaiming and Doll{\'a}r, Piotr},
  booktitle={Proceedings of the IEEE international conference on computer vision},
  pages={2980--2988},
  year={2017}
}

@inproceedings{niepert2016learning,
  title={Learning convolutional neural networks for graphs},
  author={Niepert, Mathias and Ahmed, Mohamed and Kutzkov, Konstantin},
  booktitle={International conference on machine learning},
  pages={2014--2023},
  year={2016},
  organization={PMLR}
}

@inproceedings{said2020network,
  title={Network anomaly detection using LSTM based autoencoder},
  author={Said Elsayed, Mahmoud and Le-Khac, Nhien-An and Dev, Soumyabrata and Jurcut, Anca Delia},
  booktitle={Proceedings of the 16th ACM Symposium on QoS and Security for Wireless and Mobile Networks},
  pages={37--45},
  year={2020}
}

@article{scarselli2008graph,
  title={The graph neural network model},
  author={Scarselli, Franco and Gori, Marco and Tsoi, Ah Chung and Hagenbuchner, Markus and Monfardini, Gabriele},
  journal={IEEE Transactions on neural networks},
  volume={20},
  number={1},
  pages={61--80},
  year={2008},
  publisher={IEEE}
}

@article{soltanzadeh2021rcsmote,
  title={RCSMOTE: Range-Controlled synthetic minority over-sampling technique for handling the class imbalance problem},
  author={Soltanzadeh, Paria and Hashemzadeh, Mahdi},
  journal={Information Sciences},
  volume={542},
  pages={92--111},
  year={2021},
  publisher={Elsevier}
}

@inproceedings{wang2016training,
  title={Training deep neural networks on imbalanced data sets},
  author={Wang, Shoujin and Liu, Wei and Wu, Jia and Cao, Longbing and Meng, Qinxue and Kennedy, Paul J},
  booktitle={2016 international joint conference on neural networks (IJCNN)},
  pages={4368--4374},
  year={2016},
  organization={IEEE}
}

