

%==========INTRODUCTION================
@misc{Ericsson:2025,
author = {Telecoms Europe},
title = {5G and Beyond, Ericsson Mobility Report: TELCO to TECHCO Conference},
month = Feb,
year = {2025},
url={https://www.mobileeurope.co.uk/ericsson-mobility-report-5g-subs-to-top-2-6bn-by-end-of-2025/}
}
%==========2================
@article{wang2022spatial,
  title={Spatial-temporal cellular traffic prediction for 5G and beyond A graph neural networks-based approach},
  author={Wang, Zi and Hu, Jia and Min, Geyong and Zhao, Zhiwei and Chang, Zheng and Wang, Zhe},
  journal={IEEE Transactions on Industrial Informatics},
  volume={19},
  number={4},
  pages={5722--5731},
  year={2022},
  publisher={IEEE}
}
%==========3================
@article{simonyan2014very,
  title={Very deep convolutional networks for large-scale image recognition},
  author={Simonyan, Karen and Zisserman, Andrew},
  journal={arXiv preprint arXiv:1409.1556},
  year={2014}
}
%==========3================
@article{vaswani2017attention,
  title={Attention is all you need},
  author={Vaswani, Ashish and Shazeer, Noam and Parmar, Niki and Uszkoreit, Jakob and Jones, Llion, and Gomez, Aidan N and Kaiser, {\L}ukasz and Polosukhin, Illia},
  journal={Advances in neural information processing systems},
  volume={30},
  year={2017}
}
%==========4================
@article{kipf2016semi,
  title={Semi-supervised classification with graph convolutional networks},
  author={Kipf, Thomas N and Welling, Max},
  journal={arXiv preprint arXiv:1609.02907},
  year={2016}
}
%==========5================
@article{xu2018powerful,
  title={How powerful are graph neural networks?},
  author={Xu, Keyulu and Hu, Weihua and Leskovec, Jure and Jegelka, Stefanie},
  journal={arXiv preprint arXiv:1810.00826},
  year={2018}
}
%==========6================
@article{wang2022advanced,
  title={Advanced graph and sequence neural networks for molecular property prediction and drug discovery},
  author={Wang, Zhengyang and Liu, Meng and Luo, Youzhi and Xu, Zhao and Xie, Yaochen and Wang, Limei and Cai, Lei and Qi, Qi and Yuan, Zhuoning and Yang, Tianbao and others},
  journal={Bioinformatics},
  volume={38},
  number={9},
  pages={2579--2586},
  year={2022},
  publisher={Oxford University Press}
}

@article{isah2023digital,
  title={Digital Twins Temporal Dependencies-Based on Time Series Using Multivariate Long Short-Term Memory},
  author={Isah, Abubakar and Shin, Hyeju and Oh, Seungmin and Oh, Sangwon and Aliyu, Ibrahim and Um, Tai-won and Kim, Jinsul},
  journal={Electronics},
  volume={12},
  number={19},
  pages={4187},
  year={2023},
  publisher={MDPI}
}

@article{shin2024improving,
  title={Improving the Real-Data Driven Network Evaluation Model for Digital Twin Networks},
  author={Shin, Hyeju and Aliyu, Ibrahim and Isah, Abubakar and Kim, Jinsul},
  journal={arXiv preprint arXiv:2405.08473},
  year={2024}
}

@article{wang2024graph,
  title={Graph pooling in graph neural networks: Methods and their applications in omics studies},
  author={Wang, Yan and Hou, Wenju and Sheng, Nan and Zhao, Ziqi and Liu, Jialin and Huang, Lan and Wang, Juexin},
  journal={Artificial Intelligence Review},
  volume={57},
  number={11},
  pages={294},
  year={2024},
  publisher={Springer}
}

%==========7================
@inproceedings{mao2020context,
  title={Context-aware deep representation learning for geo-spatiotemporal analysis},
  author={Mao, Hanzi and Liu, Xi and Duffield, Nick and Yuan, Hao and Ji, Shuiwang and Mohanty, Binayak},
  booktitle={2020 IEEE International Conference on Data Mining (ICDM)},
  pages={392--401},
  year={2020},
  organization={IEEE}
}
%==========8================
@article{yuan2019computational,
  title={Computational modeling of cellular structures using conditional deep generative networks},
  author={Yuan, Hao and Cai, Lei and Wang, Zhengyang and Hu, Xia and Zhang, Shaoting and Ji, Shuiwang},
  journal={Bioinformatics},
  volume={35},
  number={12},
  pages={2141--2149},
  year={2019},
  publisher={Oxford University Press}
}

@inproceedings{isah2023towards,
  title={Towards Temporal Dependency Identification based on Multivariate Time Series IIoT Data},
  author={Isah, Abubakar and Shin, Hyeju and Hassan, Sani Ahmad and Oh, Seugmin and Kim, Jinsul},
  booktitle={2023 14th International Conference on Information and Communication Technology Convergence (ICTC)},
  pages={368--371},
  year={2023},
  organization={IEEE}
}
%==========9================
@article{smilkov2017smoothgrad,
  title={Smoothgrad: removing noise by adding noise},
  author={Smilkov, Daniel and Thorat, Nikhil and Kim, Been and Vi{\'e}gas, Fernanda and Wattenberg, Martin},
  journal={arXiv preprint arXiv:1706.03825},
  year={2017}
}

@inproceedings{zhou2016learning,
  title={Learning deep features for discriminative localization},
  author={Zhou, Bolei and Khosla, Aditya and Lapedriza, Agata and Oliva, Aude and Torralba, Antonio},
  booktitle={Proceedings of the IEEE conference on computer vision and pattern recognition},
  pages={2921--2929},
  year={2016}
}

@inproceedings{selvaraju2017grad,
  title={Grad-cam: Visual explanations from deep networks via gradient-based localization},
  author={Selvaraju, Ramprasaath R and Cogswell, Michael and Das, Abhishek and Vedantam, Ramakrishna and Parikh, Devi and Batra, Dhruv},
  booktitle={Proceedings of the IEEE international conference on computer vision},
  pages={618--626},
  year={2017}
}

@article{yuan2020interpreting,
  title={Interpreting image classifiers by generating discrete masks},
  author={Yuan, Hao and Cai, Lei and Hu, Xia and Wang, Jie and Ji, Shuiwang},
  journal={IEEE Transactions on Pattern Analysis and Machine Intelligence},
  volume={44},
  number={4},
  pages={2019--2030},
  year={2020},
  publisher={IEEE}
}

@article{maurya2022simplifying,
  title={Simplifying approach to node classification in graph neural networks},
  author={Maurya, Sunil Kumar and Liu, Xin and Murata, Tsuyoshi},
  journal={Journal of Computational Science},
  volume={62},
  pages={101695},
  year={2022},
  publisher={Elsevier}
}

@article{olah2017feature,
  title={Feature visualization},
  author={Olah, Chris and Mordvintsev, Alexander and Schubert, Ludwig},
  journal={Distill},
  volume={2},
  number={11},
  pages={e7},
  year={2017}
}


@article{wang2020icapsnets,
  title={iCapsNets: Towards interpretable capsule networks for text classification},
  author={Wang, Zhengyang and Hu, Xia and Ji, Shuiwang},
  journal={arXiv preprint arXiv:2006.00075},
  year={2020}
}


@article{li2022graph,
  title={Graph representation learning in biomedicine and healthcare},
  author={Li, Michelle M and Huang, Kexin and Zitnik, Marinka},
  journal={Nature Biomedical Engineering},
  volume={6},
  number={12},
  pages={1353--1369},
  year={2022},
  publisher={Nature Publishing Group UK London}
}

@misc{isah2023datadriven,
      title={A Data-Driven Digital Twin Network Architecture in the Industrial Internet of Things (IIoT) Applications}, 
      author={Abubakar Isah and Hyeju Shin and Ibrahim Aliyu and Sangwon Oh and Sangjoon Lee and Jaehyung Park and Minsoo Hahn and Jinsul Kim},
      year={2023},
      eprint={2312.14930},
      archivePrefix={arXiv},
      primaryClass={cs.NI}
}

@inproceedings{isah2024graph,
  title={Graph Neural Network for Digital Twin Network: A Conceptual Framework},
  author={Isah, Abubakar and Shin, Hyeju and Aliyu, Ibrahim and Sulaiman, Rashid Muhammad and Kim, Jinsul},
  booktitle={2024 International Conference on Artificial Intelligence in Information and Communication (ICAIIC)},
  pages={1--5},
  year={2024},
  organization={IEEE}
}

@article{zhang2024knowledge,
  title={Knowledge graph and function block based Digital Twin modeling for robotic machining of large-scale components},
  author={Zhang, Xuexin and Zheng, Lianyu and Fan, Wei and Ji, Wei and Mao, Lingjun and Wang, Lihui},
  journal={Robotics and Computer-Integrated Manufacturing},
  volume={85},
  pages={102609},
  year={2024},
  publisher={Elsevier}
}

@article{huang2018big,
  title={A big data enabled channel model for 5G wireless communication systems},
  author={Huang, Jie and Wang, Cheng-Xiang and Bai, Lu and Sun, Jian and Yang, Yang and Li, Jie and Tirkkonen, Olav and Zhou, Ming-Tuo},
  journal={IEEE Transactions on Big Data},
  volume={6},
  number={2},
  pages={211--222},
  year={2018},
  publisher={IEEE}
}

@article{suarez2022graph,
  title={Graph neural networks for communication networks: Context, use cases and opportunities},
  author={Su{\'a}rez-Varela, Jos{\'e} and Almasan, Paul and Ferriol-Galm{\'e}s, Miquel and Rusek, Krzysztof and Geyer, Fabien and Cheng, Xiangle and Shi, Xiang and Xiao, Shihan and Scarselli, Franco and Cabellos-Aparicio, Albert and others},
  journal={IEEE network},
  year={2022},
  publisher={IEEE}
}

@article{islam2022deep,
  title={A deep neural network-based communication failure prediction scheme in 5g ran},
  author={Islam, Mohammad Ariful and Siddique, Hisham and Zhang, Wenbin and Haque, Israat},
  journal={IEEE Transactions on Network and Service Management},
  year={2022},
  publisher={IEEE}
}

@article{ding2022data,
  title={Data augmentation for deep graph learning: A survey},
  author={Ding, Kaize and Xu, Zhe and Tong, Hanghang and Liu, Huan},
  journal={ACM SIGKDD Explorations Newsletter},
  volume={24},
  number={2},
  pages={61--77},
  year={2022},
  publisher={ACM New York, NY, USA}
}

@inproceedings{wang2019deep,
  title={Deep graph library: Towards efficient and scalable deep learning on graphs},
  author={Wang, Minjie Yu},
  booktitle={ICLR workshop on representation learning on graphs and manifolds},
  year={2019}
}

@article{grieves2014digital,
  title={Digital twin: manufacturing excellence through virtual factory replication},
  author={Grieves, Michael},
  journal={White paper},
  volume={1},
  number={2014},
  pages={1--7},
  year={2014}
}

@article{wu2021digital,
  title={Digital twin networks: A survey},
  author={Wu, Yiwen and Zhang, Ke and Zhang, Yan},
  journal={IEEE Internet of Things Journal},
  volume={8},
  number={18},
  pages={13789--13804},
  year={2021},
  publisher={IEEE}
}

@article{cases2020key,
  title={Key Network Requirements for Network 2030},
  author={Cases, ITU Representative Use},
  journal={ITU: Geneva, Switzerland},
  year={2020}
}

@article{yu2023digital,
  title={Digital Twin Driven Service Self-Healing with Graph Neural Networks in 6G Edge Networks},
  author={Yu, Peng and Zhang, Junye and Fang, Honglin and Li, Wenjing and Feng, Lei and Zhou, Fanqin and Xiao, Pei and Guo, Song},
  journal={IEEE Journal on Selected Areas in Communications},
  year={2023},
  publisher={IEEE}
}

@MISC{Junichi:2023,
    author = {Junichi Kawasaki and Norihiro Fukumoto},
    title = {2023 Japan challenge | Network Failure Classification using Network Digital Twin},
    month = Sep,
    year = {2023},
    howpublished = {\url{https://www.youtube.com/watch?v=S4gBXRHQx1o}}
}

@MISC{Albert:2023,
    author = {Albert Cabellos, Carlos},
    title = {2023 Graph Neural Networking Challenge | Building a Network Digital Twin using data from real networks},
    month = Jul,
    year = {2023},
    howpublished = {\url{https://www.youtube.com/watch?v=QzDTYyWzpr0&t=2792s}}
}


@article{ming2025digital,
  title={Digital twin-assisted fault diagnosis framework for rolling bearings under imbalanced data},
  author={Ming, Zhen and Tang, Baoping and Deng, Lei and Yang, Qichao and Li, Qikang},
  journal={Applied Soft Computing},
  volume={168},
  pages={112528},
  year={2025},
  publisher={Elsevier}
}

@inproceedings{isangediok2022fraud,
  title={Fraud detection using optimized machine learning tools under imbalance classes},
  author={Isangediok, Mary and Gajamannage, Kelum},
  booktitle={2022 IEEE International Conference on Big Data (Big Data)},
  pages={4275--4284},
  year={2022},
  organization={IEEE}
}

@article{sharief2024multi,
  title={Multi-Class Imbalanced Data Handling with Concept Drift in Fog Computing: A Taxonomy, Review, and Future Directions},
  author={Sharief, Farhana and Ijaz, Humaira and Shojafar, Mohammad and Naeem, Muhammad Asif},
  journal={ACM Computing Surveys},
  volume={57},
  number={1},
  pages={1--48},
  year={2024},
  publisher={ACM New York, NY}
}

@article{yan2025synthetic,
  title={Synthetic oversampling with mahalanobis distance and local information for highly imbalanced class-overlapped data},
  author={Yan, Yuanting and Zheng, Lei and Han, Shuangyue and Yu, Chengjin and Zhou, Peng},
  journal={Expert Systems with Applications},
  volume={260},
  pages={125422},
  year={2025},
  publisher={Elsevier}
}

@article{hoens2013imbalanced,
  title={Imbalanced datasets: from sampling to classifiers},
  author={Hoens, T Ryan and Chawla, Nitesh V},
  journal={Imbalanced learning: Foundations, algorithms, and applications},
  pages={43--59},
  year={2013},
  publisher={Wiley Online Library}
}


@article{zhao2024imbalanced,
  title={Imbalanced node classification with synthetic over-sampling},
  author={Zhao, Tianxiang and Zhang, Xiang and Wang, Suhang},
  journal={IEEE Transactions on Knowledge and Data Engineering},
  year={2024},
  publisher={IEEE}
}

%==========RELATED WORKS================
@article{bruna2013spectral,
  title={Spectral networks and locally connected networks on graphs},
  author={Bruna, Joan and Zaremba, Wojciech and Szlam, Arthur and LeCun, Yann},
  journal={arXiv preprint arXiv:1312.6203},
  year={2013}
}

@article{defferrard2016convolutional,
  title={Convolutional neural networks on graphs with fast localized spectral filtering},
  author={Defferrard, Micha{\"e}l and Bresson, Xavier and Vandergheynst, Pierre},
  journal={Advances in neural information processing systems},
  volume={29},
  year={2016}
}

@phdthesis{hasan2023,
    author = {Hasan, Kazi},
    title = {A Transformer-based Graph Neural Network Aggregation Framework for 5G Radio Link Failure Prediction},
    school = {Dalhousie University},
    year = {2023},
    url = {https://dalspace.library.dal.ca/handle/10222/82912}
}

@inproceedings{greaves2019statistical,
  title={A statistical investigation of long memory in language and music},
  author={Greaves-Tunnell, Alexander and Harchaoui, Zaid},
  booktitle={International Conference on Machine Learning},
  pages={2394--2403},
  year={2019},
  organization={PMLR}
}

@inproceedings{fan2022gnn,
  title={A GNN-RNN approach for harnessing geospatial and temporal information: application to crop yield prediction},
  author={Fan, Joshua and Bai, Junwen and Li, Zhiyun and Ortiz-Bobea, Ariel and Gomes, Carla P},
  booktitle={Proceedings of the AAAI conference on artificial intelligence},
  volume={36},
  number={11},
  pages={11873--11881},
  year={2022}
}

@article{habibi2019comprehensive,
  title={A comprehensive survey of RAN architectures toward 5G mobile communication system},
  author={Habibi, Mohammad Asif and Nasimi, Meysam and Han, Bin and Schotten, Hans D},
  journal={Ieee Access},
  volume={7},
  pages={70371--70421},
  year={2019},
  publisher={IEEE}
}

@inproceedings{said2020network,
  title={Network anomaly detection using LSTM based autoencoder},
  author={Said Elsayed, Mahmoud and Le-Khac, Nhien-An and Dev, Soumyabrata and Jurcut, Anca Delia},
  booktitle={Proceedings of the 16th ACM Symposium on QoS and Security for Wireless and Mobile Networks},
  pages={37--45},
  year={2020}
}

@article{al2024comparative,
  title={Comparative evaluation of data imbalance addressing techniques for CNN-based insider threat detection},
  author={Al-Shehari, Taher and Kadrie, Mohammed and Al-Mhiqani, Mohammed Nasser and Alfakih, Taha and Alsalman, Hussain and Uddin, Mueen and Ullah, Syed Sajid and Dandoush, Abdulhalim},
  journal={Scientific Reports},
  volume={14},
  number={1},
  pages={24715},
  year={2024},
  publisher={Nature Publishing Group UK London}
}

@article{soltanzadeh2021rcsmote,
  title={RCSMOTE: Range-Controlled synthetic minority over-sampling technique for handling the class imbalance problem},
  author={Soltanzadeh, Paria and Hashemzadeh, Mahdi},
  journal={Information Sciences},
  volume={542},
  pages={92--111},
  year={2021},
  publisher={Elsevier}
}

@inproceedings{ding2018opportunities,
  title={Opportunities for applications using 5G networks: Requirements, challenges, and outlook},
  author={Ding, Aaron Yi and Janssen, Marijn},
  booktitle={Proceedings of the Seventh International Conference on Telecommunications and Remote Sensing},
  pages={27--34},
  year={2018}
}

@article{scarselli2008graph,
  title={The graph neural network model},
  author={Scarselli, Franco and Gori, Marco and Tsoi, Ah Chung and Hagenbuchner, Markus and Monfardini, Gabriele},
  journal={IEEE Transactions on neural networks},
  volume={20},
  number={1},
  pages={61--80},
  year={2008},
  publisher={IEEE}
}

@article{henaff2015deep,
  title={Deep convolutional networks on graph-structured data},
  author={Henaff, Mikael and Bruna, Joan and LeCun, Yann},
  journal={arXiv preprint arXiv:1506.05163},
  year={2015}
}


@article{li2015gated,
  title={Gated graph sequence neural networks},
  author={Li, Yujia and Tarlow, Daniel and Brockschmidt, Marc and Zemel, Richard},
  journal={arXiv preprint arXiv:1511.05493},
  year={2015}
}

@article{duvenaud2015convolutional,
  title={Convolutional networks on graphs for learning molecular fingerprints},
  author={Duvenaud, David K and Maclaurin, Dougal and Iparraguirre, Jorge and Bombarell, Rafael and Hirzel, Timothy and Aspuru-Guzik, Al{\'a}n and Adams, Ryan P},
  journal={Advances in neural information processing systems},
  volume={28},
  year={2015}
}

@inproceedings{niepert2016learning,
  title={Learning convolutional neural networks for graphs},
  author={Niepert, Mathias and Ahmed, Mohamed and Kutzkov, Konstantin},
  booktitle={International conference on machine learning},
  pages={2014--2023},
  year={2016},
  organization={PMLR}
}

@inproceedings{simonovsky2017dynamic,
  title={Dynamic edge-conditioned filters in convolutional neural networks on graphs},
  author={Simonovsky, Martin and Komodakis, Nikos},
  booktitle={Proceedings of the IEEE conference on computer vision and pattern recognition},
  pages={3693--3702},
  year={2017}
}

@inproceedings{lei2017deriving,
  title={Deriving neural architectures from sequence and graph kernels},
  author={Lei, Tao and Jin, Wengong and Barzilay, Regina and Jaakkola, Tommi},
  booktitle={International Conference on Machine Learning},
  pages={2024--2033},
  year={2017},
  organization={PMLR}
}
@article{atwood2016diffusion,
  title={Diffusion-convolutional neural networks},
  author={Atwood, James and Towsley, Don},
  journal={Advances in neural information processing systems},
  volume={29},
  year={2016}
}

@inproceedings{zhang2018end,
  title={An end-to-end deep learning architecture for graph classification},
  author={Zhang, Muhan and Cui, Zhicheng and Neumann, Marion and Chen, Yixin},
  booktitle={Proceedings of the AAAI conference on artificial intelligence},
  volume={32},
  number={1},
  year={2018}
}

%==========Imbalance learning approach================
@article{johnson2019survey,
  title={Survey on deep learning with class imbalance},
  author={Johnson, Justin M and Khoshgoftaar, Taghi M},
  journal={Journal of Big Data},
  volume={6},
  number={1},
  pages={1--54},
  year={2019},
  publisher={Springer}
}

@inproceedings{shi2020multi,
  title={Multi-class imbalanced graph convolutional network learning},
  author={Shi, Min and Tang, Yufei and Zhu, Xingquan and Wilson, David and Liu, Jianxun},
  booktitle={Proceedings of the Twenty-Ninth International Joint Conference on Artificial Intelligence (IJCAI-20)},
  year={2020}
}

@inproceedings{zhao2021graphsmote,
  title={Graphsmote: Imbalanced node classification on graphs with graph neural networks},
  author={Zhao, Tianxiang and Zhang, Xiang and Wang, Suhang},
  booktitle={Proceedings of the 14th ACM international conference on web search and data mining},
  pages={833--841},
  year={2021}
}

@article{chawla2002smote,
  title={SMOTE: synthetic minority over-sampling technique},
  author={Chawla, Nitesh V and Bowyer, Kevin W and Hall, Lawrence O and Kegelmeyer, W Philip},
  journal={Journal of artificial intelligence research},
  volume={16},
  pages={321--357},
  year={2002}
}

@inproceedings{tan2015online,
  title={Online defect prediction for imbalanced data},
  author={Tan, Ming and Tan, Lin and Dara, Sashank and Mayeux, Caleb},
  booktitle={2015 IEEE/ACM 37th IEEE International Conference on Software Engineering},
  volume={2},
  pages={99--108},
  year={2015},
  organization={IEEE}
}

@inproceedings{gilmer2017neural,
  title={Neural message passing for quantum chemistry},
  author={Gilmer, Justin and Schoenholz, Samuel S and Riley, Patrick F and Vinyals, Oriol and Dahl, George E},
  booktitle={International conference on machine learning},
  pages={1263--1272},
  year={2017},
  organization={PMLR}
}

@article{li2021novel,
  title={A novel oversampling technique for class-imbalanced learning based on SMOTE and natural neighbors},
  author={Li, Junnan and Zhu, Qingsheng and Wu, Quanwang and Fan, Zhu},
  journal={Information Sciences},
  volume={565},
  pages={438--455},
  year={2021},
  publisher={Elsevier}
}

@article{koziarski2019radial,
  title={Radial-based oversampling for noisy imbalanced data classification},
  author={Koziarski, Micha{\l} and Krawczyk, Bartosz and Wo{\'z}niak, Micha{\l}},
  journal={Neurocomputing},
  volume={343},
  pages={19--33},
  year={2019},
  publisher={Elsevier}
}

@inproceedings{han2005borderline,
  title={Borderline-SMOTE: a new over-sampling method in imbalanced data sets learning},
  author={Han, Hui and Wang, Wen-Yuan and Mao, Bing-Huan},
  booktitle={International conference on intelligent computing},
  pages={878--887},
  year={2005},
  organization={Springer}
}

@inproceedings{bunkhumpornpat2009safe,
  title={Safe-level-smote: Safe-level-synthetic minority over-sampling technique for handling the class imbalanced problem},
  author={Bunkhumpornpat, Chumphol and Sinapiromsaran, Krung and Lursinsap, Chidchanok},
  booktitle={Advances in Knowledge Discovery and Data Mining: 13th Pacific-Asia Conference, PAKDD 2009 Bangkok, Thailand, April 27-30, 2009 Proceedings 13},
  pages={475--482},
  year={2009},
  organization={Springer}
}

@inproceedings{lin2017focal,
  title={Focal loss for dense object detection},
  author={Lin, Tsung-Yi and Goyal, Priya and Girshick, Ross and He, Kaiming and Doll{\'a}r, Piotr},
  booktitle={Proceedings of the IEEE international conference on computer vision},
  pages={2980--2988},
  year={2017}
}

@inproceedings{wang2016training,
  title={Training deep neural networks on imbalanced data sets},
  author={Wang, Shoujin and Liu, Wei and Wu, Jia and Cao, Longbing and Meng, Qinxue and Kennedy, Paul J},
  booktitle={2016 international joint conference on neural networks (IJCNN)},
  pages={4368--4374},
  year={2016},
  organization={IEEE}
}

%==========Graph Neural Network================
@article{ferriol2023routenet,
  title={RouteNet-Fermi: Network modeling with graph neural networks},
  author={Ferriol-Galm{\'e}s, Miquel and Paillisse, Jordi and Su{\'a}rez-Varela, Jos{\'e} and Rusek, Krzysztof and Xiao, Shihan and Shi, Xiang and Cheng, Xiangle and Barlet-Ros, Pere and Cabellos-Aparicio, Albert},
  journal={IEEE/ACM transactions on networking},
  year={2023},
  publisher={IEEE}
}

@article{lessan2019hybrid,
  title={A hybrid Bayesian network model for predicting delays in train operations},
  author={Lessan, Javad and Fu, Liping and Wen, Chao},
  journal={Computers \& Industrial Engineering},
  volume={127},
  pages={1214--1222},
  year={2019},
  publisher={Elsevier}
}

%==========GFT================
@article{kurokawa2017multi,
  title={Multi-dimensional graph fourier transform},
  author={Kurokawa, Takashi and Oki, Taihei and Nagao, Hiromichi},
  journal={arXiv preprint arXiv:1712.07811},
  year={2017}
}

@article{shuman2013emerging,
  title={The emerging field of signal processing on graphs: Extending high-dimensional data analysis to networks and other irregular domains},
  author={Shuman, David I and Narang, Sunil K and Frossard, Pascal and Ortega, Antonio and Vandergheynst, Pierre},
  journal={IEEE signal processing magazine},
  volume={30},
  number={3},
  pages={83--98},
  year={2013},
  publisher={IEEE}
}

@article{gao2020omni,
  title={Omni SCADA intrusion detection using deep learning algorithms},
  author={Gao, Jun and Gan, Luyun and Buschendorf, Fabiola and Zhang, Liao and Liu, Hua and Li, Peixue and Dong, Xiaodai and Lu, Tao},
  journal={IEEE Internet of Things Journal},
  volume={8},
  number={2},
  pages={951--961},
  year={2020},
  publisher={IEEE}
}

@article{ieracitano2020novel,
  title={A novel statistical analysis and autoencoder driven intelligent intrusion detection approach},
  author={Ieracitano, Cosimo and Adeel, Ahsan and Morabito, Francesco Carlo and Hussain, Amir},
  journal={Neurocomputing},
  volume={387},
  pages={51--62},
  year={2020},
  publisher={Elsevier}
}

@article{hu2014multiresolution,
  title={Multiresolution graph fourier transform for compression of piecewise smooth images},
  author={Hu, Wei and Cheung, Gene and Ortega, Antonio and Au, Oscar C},
  journal={IEEE Transactions on Image Processing},
  volume={24},
  number={1},
  pages={419--433},
  year={2014},
  publisher={IEEE}
}

@article{galmes2022routenet,
  title={RouteNet-Fermi: Network Modeling with Graph Neural Networks.},
  author={Galm{\'e}s, Miquel Ferriol and Pailliss{\'e}, Jordi and Su{\'a}rez-Varela, Jos{\'e} and Rusek, Krzysztof and Xiao, Shihan and Shi, Xiang and Cheng, Xiangle and Barlet-Ros, Pere and Cabellos-Aparicio, Albert},
  journal={arXiv preprint arXiv:2212.12070},
  year={2022}
}

%==========Data Imbalance================
@inproceedings{gupta2021data,
  title={Data quality for machine learning tasks},
  author={Gupta, Nitin and Mujumdar, Shashank and Patel, Hima and Masuda, Satoshi and Panwar, Naveen and Bandyopadhyay, Sambaran and Mehta, Sameep and Guttula, Shanmukha and Afzal, Shazia and Sharma Mittal, Ruhi and others},
  booktitle={Proceedings of the 27th ACM SIGKDD conference on knowledge discovery \& data mining},
  pages={4040--4041},
  year={2021}
}

@article{das2014racog,
  title={RACOG and wRACOG: Two probabilistic oversampling techniques},
  author={Das, Barnan and Krishnan, Narayanan C and Cook, Diane J},
  journal={IEEE transactions on knowledge and data engineering},
  volume={27},
  number={1},
  pages={222--234},
  year={2014},
  publisher={IEEE}
}

@article{arefeen2020neural,
  title={Neural network-based undersampling techniques},
  author={Arefeen, Md Adnan and Nimi, Sumaiya Tabassum and Rahman, M Sohel},
  journal={IEEE Transactions on Systems, Man, and Cybernetics: Systems},
  volume={52},
  number={2},
  pages={1111--1120},
  year={2020},
  publisher={IEEE}
}

@article{wright2020tell,
  title={How to tell the difference between a model and a digital twin},
  author={Wright, Louise and Davidson, Stuart},
  journal={Advanced Modeling and Simulation in Engineering Sciences},
  volume={7},
  pages={1--13},
  year={2020},
  publisher={Springer}
}
@article{wright2020tell,
  title={How to tell the difference between a model and a digital twin},
  author={Wright, Louise and Davidson, Stuart},
  journal={Advanced Modeling and Simulation in Engineering Sciences},
  volume={7},
  pages={1--13},
  year={2020},
  publisher={Springer}
}

@article{rajak2024fdf,
  title={FDF-HybridFS: Towards design of a failure detection framework using hybrid feature selection method for IP core networks that connect 5G core in NFV-based test environment},
  author={Rajak, Anjali and Tripathi, Rakesh},
  journal={Computer Standards \& Interfaces},
  volume={87},
  pages={103779},
  year={2024},
  publisher={Elsevier}
}

@inproceedings{liu2021pick,
  title={Pick and choose: a GNN-based imbalanced learning approach for fraud detection},
  author={Liu, Yang and Ao, Xiang and Qin, Zidi and Chi, Jianfeng and Feng, Jinghua and Yang, Hao and He, Qing},
  booktitle={Proceedings of the web conference 2021},
  pages={3168--3177},
  year={2021}
}

@article{yi2024fouriergnn,
  title={FourierGNN: Rethinking multivariate time series forecasting from a pure graph perspective},
  author={Yi, Kun and Zhang, Qi and Fan, Wei and He, Hui and Hu, Liang and Wang, Pengyang and An, Ning and Cao, Longbing and Niu, Zhendong},
  journal={Advances in Neural Information Processing Systems},
  volume={36},
  year={2024}
}

@inproceedings{guo2023graph,
  title={Graph neural networks with diverse spectral filtering},
  author={Guo, Jingwei and Huang, Kaizhu and Yi, Xinping and Zhang, Rui},
  booktitle={Proceedings of the ACM Web Conference 2023},
  pages={306--316},
  year={2023}
}

@article{zheng2023node,
  title={Node-oriented spectral filtering for graph neural networks},
  author={Zheng, Shuai and Zhu, Zhenfeng and Liu, Zhizhe and Li, Youru and Zhao, Yao},
  journal={IEEE Transactions on Pattern Analysis and Machine Intelligence},
  year={2023},
  publisher={IEEE}
}
@article{guo2024rethinking,
  title={Rethinking Spectral Graph Neural Networks with Spatially Adaptive Filtering},
  author={Guo, Jingwei and Huang, Kaizhu and Yi, Xinping and Su, Zixian and Zhang, Rui},
  journal={arXiv preprint arXiv:2401.09071},
  year={2024}
}

@inproceedings{zheng2015redundant,
  title={Redundant graph Fourier transform},
  author={Zheng, Xianwei and Tang, Yuanyan and Zhou, Jiantao and Yang, Lina and Yuan, Haoliang and Wang, Yulong and Li, Chunli},
  booktitle={2015 IEEE 2nd International Conference on Cybernetics (CYBCONF)},
  pages={406--409},
  year={2015},
  organization={IEEE}
}

@inproceedings{he2024gradient,
  title={Gradient reweighting: Towards imbalanced class-incremental learning},
  author={He, Jiangpeng},
  booktitle={Proceedings of the IEEE/CVF Conference on Computer Vision and Pattern Recognition},
  pages={16668--16677},
  year={2024}
}

@article{velickovic2017graph,
  title={Graph attention networks},
  author={Velickovic, Petar and Cucurull, Guillem and Casanova, Arantxa and Romero, Adriana and Lio, Pietro and Bengio, Yoshua and others},
  journal={stat},
  volume={1050},
  number={20},
  pages={10--48550},
  year={2017}
}

@article{fofanah2024addressing,
  title={Addressing imbalance in graph datasets: Introducing gate-gnn with graph ensemble weight attention and transfer learning for enhanced node classification},
  author={Fofanah, Abdul Joseph and Chen, David and Wen, Lian and Zhang, Shaoyang},
  journal={Expert Systems with Applications},
  volume={255},
  pages={124602},
  year={2024},
  publisher={Elsevier}
}

@article{isahgft,
  title={GFT-COSMEP: Beyond 5G Network Digital Twin Failure Classification with Graph Neural Network},
  author={Isah, Abubakar and Aliyu, Ibrahim and Shim, Jaechan and Ryu, Hoyong and Kim, Jinsul},
  journal={Authorea Preprints},
  publisher={Authorea}
}