@inproceedings{chang2020generalized,
  title={Generalized ODIN: Detecting Out-of-Distribution Image Without Learning From Out-of-Distribution Data},
  author={Hsu, Yen-Chang and Shen, Yilin and Jin, Hongxia and Kira, Zsolt},
  booktitle={2020 IEEE/CVF Conference on Computer Vision and Pattern Recognition (CVPR)},
  year={2020},
  organization={IEEE}
}

@article{devries2018learning,
  title={Learning Confidence for Out-of-Distribution Detection in Neural Networks},
  author={DeVries, Terrance and Taylor, Graham W},
  journal={arXiv e-prints},
  pages={arXiv--1802},
  year={2018}
}

@ARTICLE{djurisic2023extremely,
       author = {{Djurisic}, Andrija and {Bozanic}, Nebojsa and {Ashok}, Arjun and {Liu}, Rosanne},
        title = "{Extremely Simple Activation Shaping for Out-of-Distribution Detection}",
      journal = {arXiv e-prints},
     keywords = {Computer Science - Machine Learning, Computer Science - Computer Vision and Pattern Recognition},
         year = 2022,
        month = sep,
          eid = {arXiv:2209.09858},
        pages = {arXiv:2209.09858},
          doi = {10.48550/arXiv.2209.09858},
archivePrefix = {arXiv},
       eprint = {2209.09858},
 primaryClass = {cs.LG},
       adsurl = {https://ui.adsabs.harvard.edu/abs/2022arXiv220909858D},
      adsnote = {Provided by the SAO/NASA Astrophysics Data System}
}

@inproceedings{evci2022head2toe,
  title={Head2toe: Utilizing intermediate representations for better transfer learning},
  author={Evci, Utku and Dumoulin, Vincent and Larochelle, Hugo and Mozer, Michael C},
  booktitle={International Conference on Machine Learning},
  pages={6009--6033},
  year={2022},
  organization={PMLR}
}

@inproceedings{guo2017calibration,
  title={On calibration of modern neural networks},
  author={Guo, Chuan and Pleiss, Geoff and Sun, Yu and Weinberger, Kilian Q},
  booktitle={International conference on machine learning},
  pages={1321--1330},
  year={2017},
  organization={PMLR}
}

@article{hendrycks2018baseline,
  title={A Baseline for Detecting Misclassified and Out-of-Distribution Examples in Neural Networks},
  author={Hendrycks, Dan and Gimpel, Kevin},
  journal={arXiv e-prints},
  pages={arXiv--1610},
  year={2016}
}

@article{lee2018simple,
  title={A simple unified framework for detecting out-of-distribution samples and adversarial attacks},
  author={Lee, Kimin and Lee, Kibok and Lee, Honglak and Shin, Jinwoo},
  journal={Advances in neural information processing systems},
  volume={31},
  year={2018}
}

@article{liu2021towards,
  title={Towards Out-Of-Distribution Generalization: A Survey},
  author={Liu, Jiashuo and Shen, Zheyan and He, Yue and Zhang, Xingxuan and Xu, Renzhe and Yu, Han and Cui, Peng},
  journal={arXiv e-prints},
  pages={arXiv--2108},
  year={2021}
}

@inproceedings{masana2018metric,
author = {Masana, Marc and Ruiz, Idoia and Serrat, Joan and van de Weijer, Joost and Lopez, Antonio M},
title = {Metric Learning for Novelty and Anomaly Detection},
booktitle = {British Machine Vision Conference (BMVC)},
year = {2018}
}

@article{sun2021react,
  title={React: Out-of-distribution detection with rectified activations},
  author={Sun, Yiyou and Guo, Chuan and Li, Yixuan},
  journal={Advances in Neural Information Processing Systems},
  volume={34},
  pages={144--157},
  year={2021}
}

@article{tack2020csi,
  title={Csi: Novelty detection via contrastive learning on distributionally shifted instances},
  author={Tack, Jihoon and Mo, Sangwoo and Jeong, Jongheon and Shin, Jinwoo},
  journal={Advances in neural information processing systems},
  volume={33},
  pages={11839--11852},
  year={2020}
}

@inproceedings{venkataramanan2023gaussian,
  title={Gaussian Latent Representations for Uncertainty Estimation using Mahalanobis Distance in Deep Classifiers},
  author={Venkataramanan, Aishwarya and Benbihi, Assia and Laviale, Martin and Pradalier, C{\'e}dric},
  booktitle={Proceedings of the IEEE/CVF International Conference on Computer Vision},
  pages={4488--4497},
  year={2023}
}

@article{wang2023learning,
  title={Learning to augment distributions for out-of-distribution detection},
  author={Wang, Qizhou and Fang, Zhen and Zhang, Yonggang and Liu, Feng and Li, Yixuan and Han, Bo},
  journal={Advances in neural information processing systems},
  volume={36},
  pages={73274--73286},
  year={2023}
}

@inproceedings{wei2022mitigating,
  title={Mitigating neural network overconfidence with logit normalization},
  author={Wei, Hongxin and Xie, Renchunzi and Cheng, Hao and Feng, Lei and An, Bo and Li, Yixuan},
  booktitle={International conference on machine learning},
  pages={23631--23644},
  year={2022},
  organization={PMLR}
}

@article{yang2024generalized,
  title={Generalized out-of-distribution detection: A survey},
  author={Yang, Jingkang and Zhou, Kaiyang and Li, Yixuan and Liu, Ziwei},
  journal={International Journal of Computer Vision},
  volume={132},
  number={12},
  pages={5635--5662},
  year={2024},
  publisher={Springer}
}

@article{zhang2024openood,
  title={OpenOOD v1. 5: Enhanced Benchmark for Out-of-Distribution Detection},
  author={Zhang, Jingyang and Yang, Jingkang and Wang, Pengyun and Wang, Haoqi and Lin, Yueqian and Zhang, Haoran and Sun, Yiyou and Du, Xuefeng and Zhou, Kaiyang and Zhang, Wayne and others},
  journal={arXiv e-prints},
  pages={arXiv--2306},
  year={2023}
}

