@String(CVPR  = {Proc. CVPR})
@String(ICCV  = {Proc. ICCV})
@String(ECCV  = {Proc. ECCV})
@String(NIPS  = {Proc. NeurIPS})
@String(ICPR  = {Proc. ICPR})
@String(BMVC  =	{Proc. BMVC})
@String(ICASSP=	{Proc. ICASSP})
@String(ICIP  = {Proc. ICIP})
@String(ACCV  = {Proc. ACCV})
@String(ICLR  = {Proc. ICLR})
@String(IJCAI = {Proc. IJCAI})
@String(AAAI = {Proc. AAAI})
@String(CVPRW= {Proc. CVPRW})
@String(CSVT = {IEEE TCSVT})

@String(PAMI  = {IEEE TPAMI})
@String(IJCV  = {IJCV})
@String(TOG   = {ACM TOG})
@String(TIP   = {IEEE TIP})
@String(TVCG  = {IEEE TVCG})
@String(TCSVT = {IEEE TCSVT})
@String(TMM   =	{IEEE TMM})
@String(PR = {PR})

%%% INTRODUCTION
@ARTICLE{djurisic2023extremely,
       author = {{Djurisic}, Andrija and {Bozanic}, Nebojsa and {Ashok}, Arjun and {Liu}, Rosanne},
        title = "{Extremely Simple Activation Shaping for Out-of-Distribution Detection}",
      journal = {arXiv e-prints},
     keywords = {Computer Science - Machine Learning, Computer Science - Computer Vision and Pattern Recognition},
         year = 2022,
        month = sep,
          eid = {arXiv:2209.09858},
        pages = {arXiv:2209.09858},
          doi = {10.48550/arXiv.2209.09858},
archivePrefix = {arXiv},
       eprint = {2209.09858},
 primaryClass = {cs.LG},
       adsurl = {https://ui.adsabs.harvard.edu/abs/2022arXiv220909858D},
      adsnote = {Provided by the SAO/NASA Astrophysics Data System}
}

@article{wang2023learning,
  title={Learning to augment distributions for out-of-distribution detection},
  author={Wang, Qizhou and Fang, Zhen and Zhang, Yonggang and Liu, Feng and Li, Yixuan and Han, Bo},
  journal={Advances in neural information processing systems},
  volume={36},
  pages={73274--73286},
  year={2023}
}
@inproceedings{guo2017calibration,
  title={On calibration of modern neural networks},
  author={Guo, Chuan and Pleiss, Geoff and Sun, Yu and Weinberger, Kilian Q},
  booktitle={International conference on machine learning},
  pages={1321--1330},
  year={2017},
  organization={PMLR}
}

@inproceedings{grathwohl2020jem,
  title={Your classifier is secretly an energy based model and you should treat it like one},
  author={Grathwohl, Will and Wang, Kuan-Chieh and Jacobsen, Joern-Henrik and Duvenaud, David and Norouzi, Mohammad and Swersky, Kevin},
  booktitle={International Conference on Learning Representations},
  year={2019}
}

@article{dong2021survey,
  title={A survey on deep learning and its applications},
  author={Dong, Shi and Wang, Ping and Abbas, Khushnood},
  journal={Computer Science Review},
  volume={40},
  pages={100379},
  year={2021},
  publisher={Elsevier}
}

@article{lee2018simple,
  title={A simple unified framework for detecting out-of-distribution samples and adversarial attacks},
  author={Lee, Kimin and Lee, Kibok and Lee, Honglak and Shin, Jinwoo},
  journal={Advances in neural information processing systems},
  volume={31},
  year={2018}
}

@inproceedings{nguyen2015deep,
  title={Deep neural networks are easily fooled: High confidence predictions for unrecognizable images},
  author={Nguyen, Anh and Yosinski, Jason and Clune, Jeff},
  booktitle={Proceedings of the IEEE conference on computer vision and pattern recognition},
  pages={427--436},
  year={2015}
}

@article{lu2024recent,
  title={Recent Advances in OOD Detection: Problems and Approaches},
  author={Lu, Shuo and Wang, YingSheng and Sheng, LuJun and Zheng, AiHua and He, LinXiao and Liang, Jian},
  journal={arXiv e-prints},
  pages={arXiv--2409},
  year={2024}
}

@article{diaz2023connecting,
  title={Connecting the dots in trustworthy Artificial Intelligence: From AI principles, ethics, and key requirements to responsible AI systems and regulation},
  author={D{\'\i}az-Rodr{\'\i}guez, Natalia and Del Ser, Javier and Coeckelbergh, Mark and de Prado, Marcos L{\'o}pez and Herrera-Viedma, Enrique and Herrera, Francisco},
  journal={Information Fusion},
  volume={99},
  pages={101896},
  year={2023},
  publisher={Elsevier}
}

@article{liu2021towards,
  title={Towards Out-Of-Distribution Generalization: A Survey},
  author={Liu, Jiashuo and Shen, Zheyan and He, Yue and Zhang, Xingxuan and Xu, Renzhe and Yu, Han and Cui, Peng},
  journal={arXiv e-prints},
  pages={arXiv--2108},
  year={2021}
}

@article{yang2024generalized,
  title={Generalized out-of-distribution detection: A survey},
  author={Yang, Jingkang and Zhou, Kaiyang and Li, Yixuan and Liu, Ziwei},
  journal={International Journal of Computer Vision},
  volume={132},
  number={12},
  pages={5635--5662},
  year={2024},
  publisher={Springer}
}

@article{tack2020csi,
  title={Csi: Novelty detection via contrastive learning on distributionally shifted instances},
  author={Tack, Jihoon and Mo, Sangwoo and Jeong, Jongheon and Shin, Jinwoo},
  journal={Advances in neural information processing systems},
  volume={33},
  pages={11839--11852},
  year={2020}
}

@inproceedings{chang2020generalized,
  title={Generalized ODIN: Detecting Out-of-Distribution Image Without Learning From Out-of-Distribution Data},
  author={Hsu, Yen-Chang and Shen, Yilin and Jin, Hongxia and Kira, Zsolt},
  booktitle={2020 IEEE/CVF Conference on Computer Vision and Pattern Recognition (CVPR)},
  year={2020},
  organization={IEEE}
}

@article{devries2018learning,
  title={Learning Confidence for Out-of-Distribution Detection in Neural Networks},
  author={DeVries, Terrance and Taylor, Graham W},
  journal={arXiv e-prints},
  pages={arXiv--1802},
  year={2018}
}

@Book{GoodBengCour16,
  Title                    = {Deep Learning},
  Author                   = {Ian J. Goodfellow and Yoshua Bengio and Aaron Courville},
  Publisher                = {MIT Press},
  Year                     = {2016},

  Address                  = {Cambridge, MA, USA},
  Note                     = {\url{http://www.deeplearningbook.org}}
}

@article{liu2020energy,
  title={Energy-based out-of-distribution detection},
  author={Liu, Weitang and Wang, Xiaoyun and Owens, John and Li, Yixuan},
  journal={Advances in neural information processing systems},
  volume={33},
  pages={21464--21475},
  year={2020}
}

@inproceedings{wei2022mitigating,
  title={Mitigating neural network overconfidence with logit normalization},
  author={Wei, Hongxin and Xie, Renchunzi and Cheng, Hao and Feng, Lei and An, Bo and Li, Yixuan},
  booktitle={International conference on machine learning},
  pages={23631--23644},
  year={2022},
  organization={PMLR}
}

@article{amodei2016concrete,
  title={Concrete Problems in AI Safety},
  author={Amodei, Dario and Olah, Chris and Steinhardt, Jacob and Christiano, Paul and Schulman, John and Man{\'e}, Dan},
  journal={arXiv e-prints},
  pages={arXiv--1606},
  year={2016}
}

@article{hendrycks2018baseline,
  title={A Baseline for Detecting Misclassified and Out-of-Distribution Examples in Neural Networks},
  author={Hendrycks, Dan and Gimpel, Kevin},
  journal={arXiv e-prints},
  pages={arXiv--1610},
  year={2016}
}

@misc{kingma2022autoencoding,
      title={Auto-Encoding Variational Bayes}, 
      author={Diederik P Kingma and Max Welling},
      year={2022},
      eprint={1312.6114},
      archivePrefix={arXiv},
      primaryClass={stat.ML},
      url={https://arxiv.org/abs/1312.6114}, 
}
@inproceedings{evci2022head2toe,
  title={Head2toe: Utilizing intermediate representations for better transfer learning},
  author={Evci, Utku and Dumoulin, Vincent and Larochelle, Hugo and Mozer, Michael C},
  booktitle={International Conference on Machine Learning},
  pages={6009--6033},
  year={2022},
  organization={PMLR}
}
@inproceedings{venkataramanan2023gaussian,
  title={Gaussian Latent Representations for Uncertainty Estimation using Mahalanobis Distance in Deep Classifiers},
  author={Venkataramanan, Aishwarya and Benbihi, Assia and Laviale, Martin and Pradalier, C{\'e}dric},
  booktitle={Proceedings of the IEEE/CVF International Conference on Computer Vision},
  pages={4488--4497},
  year={2023}
}

@article{wang2024dissecting,
  title={Dissecting Out-of-Distribution Detection and Open-Set Recognition: A Critical Analysis of Methods and Benchmarks},
  author={Wang, Hongjun and Vaze, Sagar and Han, Kai},
  journal={International Journal of Computer Vision},
  pages={1--26},
  year={2024},
  publisher={Springer}
}

@inproceedings{hendrycks2021faces,
  title={The many faces of robustness: A critical analysis of out-of-distribution generalization},
  author={Hendrycks, Dan and Basart, Steven and Mu, Norman and Kadavath, Saurav and Wang, Frank and Dorundo, Evan and Desai, Rahul and Zhu, Tyler and Parajuli, Samyak and Guo, Mike and others},
  booktitle={Proceedings of the IEEE/CVF international conference on computer vision},
  pages={8340--8349},
  year={2021}
}

@article{sun2021react,
  title={React: Out-of-distribution detection with rectified activations},
  author={Sun, Yiyou and Guo, Chuan and Li, Yixuan},
  journal={Advances in Neural Information Processing Systems},
  volume={34},
  pages={144--157},
  year={2021}
}
@inproceedings{sun2022out,
  title={Out-of-distribution detection with deep nearest neighbors},
  author={Sun, Yiyou and Ming, Yifei and Zhu, Xiaojin and Li, Yixuan},
  booktitle={International Conference on Machine Learning},
  pages={20827--20840},
  year={2022},
  organization={PMLR}
}

@article{lecun2006tutorial,
  title={A tutorial on energy-based learning},
  author={LeCun, Yann and Chopra, Sumit and Hadsell, Raia and Ranzato, M and Huang, Fujie and others},
  journal={Predicting structured data},
  volume={1},
  number={0},
  year={2006}
}
@inproceedings{he2016deep,
  title={Deep residual learning for image recognition},
  author={He, Kaiming and Zhang, Xiangyu and Ren, Shaoqing and Sun, Jian},
  booktitle={Proceedings of the IEEE conference on computer vision and pattern recognition},
  pages={770--778},
  year={2016}
}

@article{zhang2024openood,
  title={OpenOOD v1. 5: Enhanced Benchmark for Out-of-Distribution Detection},
  author={Zhang, Jingyang and Yang, Jingkang and Wang, Pengyun and Wang, Haoqi and Lin, Yueqian and Zhang, Haoran and Sun, Yiyou and Du, Xuefeng and Zhou, Kaiyang and Zhang, Wayne and others},
  journal={arXiv e-prints},
  pages={arXiv--2306},
  year={2023}
}
@inproceedings{oquab2014learning,
  title={Learning and transferring mid-level image representations using convolutional neural networks},
  author={Oquab, Maxime and Bottou, Leon and Laptev, Ivan and Sivic, Josef},
  booktitle={Proceedings of the IEEE conference on computer vision and pattern recognition},
  pages={1717--1724},
  year={2014}
}
@article{tian2021exploring,
  title={Exploring Covariate and Concept Shift for Detection and Calibration of Out-of-Distribution Data},
  author={Tian, Junjiao and Hsu, Yen-Change and Shen, Yilin and Jin, Hongxia and Kira, Zsolt},
  journal={arXiv e-prints},
  pages={arXiv--2110},
  year={2021}
}
@article{krizhevsky2009learning,
  title={Learning multiple layers of features from tiny images},
  author={Krizhevsky, Alex and Hinton, Geoffrey and others},
  year={2009},
  publisher={Toronto, ON, Canada},
  journal={thesis}
}
@inproceedings{hendrycks2018benchmarking,
  title={Benchmarking Neural Network Robustness to Common Corruptions and Perturbations},
  author={Hendrycks, Dan and Dietterich, Thomas},
  booktitle={International Conference on Learning Representations},
  year={2018}
}

@inproceedings{masana2018metric,
author = {Masana, Marc and Ruiz, Idoia and Serrat, Joan and van de Weijer, Joost and Lopez, Antonio M},
title = {Metric Learning for Novelty and Anomaly Detection},
booktitle = {British Machine Vision Conference (BMVC)},
year = {2018}
}

@article{zhu2023diversified,
  title={Diversified outlier exposure for out-of-distribution detection via informative extrapolation},
  author={Zhu, Jianing and Geng, Yu and Yao, Jiangchao and Liu, Tongliang and Niu, Gang and Sugiyama, Masashi and Han, Bo},
  journal={Advances in Neural Information Processing Systems},
  volume={36},
  pages={22702--22734},
  year={2023}
}

@inproceedings{dosovitskiy2021an,
  title={An Image is Worth 16x16 Words: Transformers for Image Recognition at Scale},
  author={Dosovitskiy, Alexey and Beyer, Lucas and Kolesnikov, Alexander and Weissenborn, Dirk and Zhai, Xiaohua and Unterthiner, Thomas and Dehghani, Mostafa and Minderer, Matthias and Heigold, Georg and Gelly, Sylvain and Uszkoreit, Jakob and Houlsby, Neil},
  booktitle={International Conference on Learning Representations},
  year={2021},
}

@article{tan2019efficientnet,
  title={EfficientNet: Rethinking Model Scaling for Convolutional Neural Networks},
  author={Tan, Mingxing and Le, Quoc V},
  journal={arXiv e-prints},
  pages={arXiv--1905},
  year={2019}
}

@article{liu2021swin,
  title={Swin Transformer: Hierarchical Vision Transformer using Shifted Windows},
  author={Liu, Ze and Lin, Yutong and Cao, Yue and Hu, Han and Wei, Yixuan and Zhang, Zheng and Lin, Stephen and Guo, Baining},
  journal={arXiv e-prints},
  pages={arXiv--2103},
  year={2021}
}

@inproceedings{waswani2017attention,
  title={Attention is all you need},
  author={Waswani, A and Shazeer, N and Parmar, N and Uszkoreit, J and Jones, L and Gomez, A and Kaiser, L and Polosukhin, I},
  booktitle={Advances in neural information processing systems},
  year={2017}
}

@inproceedings{deng2009imagenet,
  title={Imagenet: A large-scale hierarchical image database},
  author={Deng, Jia and Dong, Wei and Socher, Richard and Li, Li-Jia and Li, Kai and Fei-Fei, Li},
  booktitle={2009 IEEE conference on computer vision and pattern recognition},
  pages={248--255},
  year={2009},
  organization={Ieee}
}

@inproceedings{
    bitterwolf2023ninco,
    title={In or Out? Fixing ImageNet Out-of-Distribution Detection Evaluation},
    author={Julian Bitterwolf and Maximilian Mueller and Matthias Hein},
    booktitle={ICML},
    year={2023},
    url={https://proceedings.mlr.press/v202/bitterwolf23a.html}
}

@InProceedings{cimpoi14describing,
    Author    = {M. Cimpoi and S. Maji and I. Kokkinos and S. Mohamed and and A. Vedaldi},
    Title     = {Describing Textures in the Wild},
    Booktitle = {Proceedings of the {IEEE} Conf. on Computer Vision and Pattern Recognition ({CVPR})},
    Year      = {2014}
}

@article{deng2012mnist,
  title={The mnist database of handwritten digit images for machine learning research},
  author={Deng, Li},
  journal={IEEE Signal Processing Magazine},
  volume={29},
  number={6},
  pages={141--142},
  year={2012},
  publisher={IEEE}
}

@article{DBLP:journals/corr/HornASSAPB17,
  author       = {Grant Van Horn and
                  Oisin Mac Aodha and
                  Yang Song and
                  Alexander Shepard and
                  Hartwig Adam and
                  Pietro Perona and
                  Serge J. Belongie},
  title        = {The iNaturalist Challenge 2017 Dataset},
  journal      = {CoRR},
  volume       = {abs/1707.06642},
  year         = {2017},
  url          = {http://arxiv.org/abs/1707.06642},
  eprinttype    = {arXiv},
  eprint       = {1707.06642},
  timestamp    = {Tue, 08 Sep 2020 16:29:29 +0200},
  biburl       = {https://dblp.org/rec/journals/corr/HornASSAPB17.bib},
  bibsource    = {dblp computer science bibliography, https://dblp.org}
}

@article{netzer2011reading,
  title={Reading digits in natural images with unsupervised feature learning},
  author={Netzer, Yuval and Wang, Tao and Coates, Adam and Bissacco, Alessandro and Wu, Bo and Ng, Andrew Y},
  journal={NIPS Workshop on Deep Learning and Unsupervised Feature Learning},
  volume={2011},
  year={2011}
}

@article{Wang2022ViMOW,
  title={ViM: Out-Of-Distribution with Virtual-logit Matching},
  author={Haoqi Wang and Zhizhong Li and Litong Feng and Wayne Zhang},
  journal={2022 IEEE/CVF Conference on Computer Vision and Pattern Recognition (CVPR)},
  year={2022},
  pages={4911-4920},
  url={https://api.semanticscholar.org/CorpusID:247595202}
}

@article{Zhou2018PlacesA1,
  title={Places: A 10 Million Image Database for Scene Recognition},
  author={Bolei Zhou and {\`A}gata Lapedriza and Aditya Khosla and Aude Oliva and Antonio Torralba},
  journal={IEEE Transactions on Pattern Analysis and Machine Intelligence},
  year={2018},
  volume={40},
  pages={1452-1464},
  url={https://api.semanticscholar.org/CorpusID:2608922}
}