% Use this file for citations not found in the ACL Anthology (contained in "anthology.bib").

@inproceedings{Toolformer,
  author       = {Timo Schick and
                  Jane Dwivedi{-}Yu and
                  Roberto Dess{\`{\i}} and
                  Roberta Raileanu and
                  Maria Lomeli and
                  Eric Hambro and
                  Luke Zettlemoyer and
                  Nicola Cancedda and
                  Thomas Scialom},
  editor       = {Alice Oh and
                  Tristan Naumann and
                  Amir Globerson and
                  Kate Saenko and
                  Moritz Hardt and
                  Sergey Levine},
  title        = {Toolformer: Language Models Can Teach Themselves to Use Tools},
  booktitle    = {Advances in Neural Information Processing Systems 36: Annual Conference
                  on Neural Information Processing Systems 2023, NeurIPS 2023, New Orleans,
                  LA, USA, December 10 - 16, 2023},
  year         = {2023},
  url          = {http://papers.nips.cc/paper\_files/paper/2023/hash/d842425e4bf79ba039352da0f658a906-Abstract-Conference.html},
  timestamp    = {Fri, 01 Mar 2024 16:26:21 +0100},
  biburl       = {https://dblp.org/rec/conf/nips/SchickDDRLHZCS23.bib},
  bibsource    = {dblp computer science bibliography, https://dblp.org}
}

@article{agent_survey,
  author       = {Zhiheng Xi and
                  Wenxiang Chen and
                  Xin Guo and
                  Wei He and
                  Yiwen Ding and
                  Boyang Hong and
                  Ming Zhang and
                  Junzhe Wang and
                  Senjie Jin and
                  Enyu Zhou and
                  Rui Zheng and
                  Xiaoran Fan and
                  Xiao Wang and
                  Limao Xiong and
                  Yuhao Zhou and
                  Weiran Wang and
                  Changhao Jiang and
                  Yicheng Zou and
                  Xiangyang Liu and
                  Zhangyue Yin and
                  Shihan Dou and
                  Rongxiang Weng and
                  Wensen Cheng and
                  Qi Zhang and
                  Wenjuan Qin and
                  Yongyan Zheng and
                  Xipeng Qiu and
                  Xuanjing Huang and
                  Tao Gui},
  title        = {The Rise and Potential of Large Language Model Based Agents: {A} Survey},
  journal      = {CoRR},
  volume       = {abs/2309.07864},
  year         = {2023},
  url          = {https://doi.org/10.48550/arXiv.2309.07864},
  doi          = {10.48550/ARXIV.2309.07864},
  eprinttype    = {arXiv},
  eprint       = {2309.07864},
  timestamp    = {Mon, 04 Nov 2024 22:21:24 +0100},
  biburl       = {https://dblp.org/rec/journals/corr/abs-2309-07864.bib},
  bibsource    = {dblp computer science bibliography, https://dblp.org}
}

@inproceedings{embodied_AI,
  author       = {Yongchao Chen and
                  Jacob Arkin and
                  Yang Zhang and
                  Nicholas Roy and
                  Chuchu Fan},
  title        = {Scalable Multi-Robot Collaboration with Large Language Models: Centralized
                  or Decentralized Systems?},
  booktitle    = {{IEEE} International Conference on Robotics and Automation, {ICRA}
                  2024, Yokohama, Japan, May 13-17, 2024},
  pages        = {4311--4317},
  publisher    = {{IEEE}},
  year         = {2024},
  url          = {https://doi.org/10.1109/ICRA57147.2024.10610676},
  doi          = {10.1109/ICRA57147.2024.10610676},
  timestamp    = {Mon, 19 Aug 2024 15:59:36 +0200},
  biburl       = {https://dblp.org/rec/conf/icra/ChenAZRF24.bib},
  bibsource    = {dblp computer science bibliography, https://dblp.org}
}

@article{science_experiments,
author = {Zheng, Zhiling and Zhang, Oufan and Nguyen, Ha L. and Rampal, Nakul and Alawadhi, Ali H. and Rong, Zichao and Head-Gordon, Teresa and Borgs, Christian and Chayes, Jennifer T. and Yaghi, Omar M.},
title = {ChatGPT Research Group for Optimizing the Crystallinity of MOFs and COFs},
journal = {ACS Central Science},
volume = {9},
number = {11},
pages = {2161-2170},
year = {2023},
doi = {10.1021/acscentsci.3c01087},
URL = {https://doi.org/10.1021/acscentsci.3c01087},
eprint = {https://doi.org/10.1021/acscentsci.3c01087}
}


@inproceedings{MAS_survey,
  author       = {Taicheng Guo and
                  Xiuying Chen and
                  Yaqi Wang and
                  Ruidi Chang and
                  Shichao Pei and
                  Nitesh V. Chawla and
                  Olaf Wiest and
                  Xiangliang Zhang},
  title        = {Large Language Model Based Multi-agents: {A} Survey of Progress and
                  Challenges},
  booktitle    = {Proceedings of the Thirty-Third International Joint Conference on
                  Artificial Intelligence, {IJCAI} 2024, Jeju, South Korea, August 3-9,
                  2024},
  pages        = {8048--8057},
  publisher    = {ijcai.org},
  year         = {2024},
  url          = {https://www.ijcai.org/proceedings/2024/890},
  timestamp    = {Fri, 18 Oct 2024 20:55:24 +0200},
  biburl       = {https://dblp.org/rec/conf/ijcai/GuoCWCPCW024.bib},
  bibsource    = {dblp computer science bibliography, https://dblp.org}
}

@article{Multi_agent_cross_domain_knowledge_discovery,
  author       = {Shiva Aryal and
                  Tuyen Do and
                  Bisesh Heyojoo and
                  Sandeep Chataut and
                  Bichar Dip Shrestha Gurung and
                  Venkataramana Gadhamshetty and
                  Etienne Z. Gnimpieba},
  title        = {Leveraging Multi-AI Agents for Cross-Domain Knowledge Discovery},
  journal      = {CoRR},
  volume       = {abs/2404.08511},
  year         = {2024},
  url          = {https://doi.org/10.48550/arXiv.2404.08511},
  doi          = {10.48550/ARXIV.2404.08511},
  eprinttype    = {arXiv},
  eprint       = {2404.08511},
  timestamp    = {Sun, 04 Aug 2024 19:46:08 +0200},
  biburl       = {https://dblp.org/rec/journals/corr/abs-2404-08511.bib},
  bibsource    = {dblp computer science bibliography, https://dblp.org}
}

@misc{RoundTable,
      title={RoundTable: Investigating Group Decision-Making Mechanism in Multi-Agent Collaboration}, 
      author={Young-Min Cho and Raphael Shu and Nilaksh Das and Tamer Alkhouli and Yi-An Lai and Jason Cai and Monica Sunkara and Yi Zhang},
      year={2024},
      eprint={2411.07161},
      archivePrefix={arXiv},
      primaryClass={cs.MA},
      url={https://arxiv.org/abs/2411.07161}, 
}

@inproceedings{generative_agents,
  author       = {Joon Sung Park and
                  Joseph C. O'Brien and
                  Carrie Jun Cai and
                  Meredith Ringel Morris and
                  Percy Liang and
                  Michael S. Bernstein},
  editor       = {Sean Follmer and
                  Jeff Han and
                  J{\"{u}}rgen Steimle and
                  Nathalie Henry Riche},
  title        = {Generative Agents: Interactive Simulacra of Human Behavior},
  booktitle    = {Proceedings of the 36th Annual {ACM} Symposium on User Interface Software
                  and Technology, {UIST} 2023, San Francisco, CA, USA, 29 October 2023-
                  1 November 2023},
  pages        = {2:1--2:22},
  publisher    = {{ACM}},
  year         = {2023},
  url          = {https://doi.org/10.1145/3586183.3606763},
  doi          = {10.1145/3586183.3606763},
  timestamp    = {Fri, 27 Oct 2023 20:40:55 +0200},
  biburl       = {https://dblp.org/rec/conf/uist/ParkOCMLB23.bib},
  bibsource    = {dblp computer science bibliography, https://dblp.org}
}

@article{collective_agents,
  author       = {Marios Papachristou and
                  Longqi Yang and
                  Chin{-}Chia Hsu},
  title        = {Leveraging Large Language Models for Collective Decision-Making},
  journal      = {CoRR},
  volume       = {abs/2311.04928},
  year         = {2023},
  url          = {https://doi.org/10.48550/arXiv.2311.04928},
  doi          = {10.48550/ARXIV.2311.04928},
  eprinttype    = {arXiv},
  eprint       = {2311.04928},
  timestamp    = {Tue, 14 Nov 2023 14:47:55 +0100},
  biburl       = {https://dblp.org/rec/journals/corr/abs-2311-04928.bib},
  bibsource    = {dblp computer science bibliography, https://dblp.org}
}

@inproceedings{ChatDev,
  author       = {Chen Qian and
                  Wei Liu and
                  Hongzhang Liu and
                  Nuo Chen and
                  Yufan Dang and
                  Jiahao Li and
                  Cheng Yang and
                  Weize Chen and
                  Yusheng Su and
                  Xin Cong and
                  Juyuan Xu and
                  Dahai Li and
                  Zhiyuan Liu and
                  Maosong Sun},
  editor       = {Lun{-}Wei Ku and
                  Andre Martins and
                  Vivek Srikumar},
  title        = {ChatDev: Communicative Agents for Software Development},
  booktitle    = {Proceedings of the 62nd Annual Meeting of the Association for Computational
                  Linguistics (Volume 1: Long Papers), {ACL} 2024, Bangkok, Thailand,
                  August 11-16, 2024},
  pages        = {15174--15186},
  publisher    = {Association for Computational Linguistics},
  year         = {2024},
  url          = {https://doi.org/10.18653/v1/2024.acl-long.810},
  doi          = {10.18653/V1/2024.ACL-LONG.810},
  timestamp    = {Tue, 24 Sep 2024 10:55:41 +0200},
  biburl       = {https://dblp.org/rec/conf/acl/QianLLCDL0CSCXL24.bib},
  bibsource    = {dblp computer science bibliography, https://dblp.org}
}

@article{AutoGen,
  author       = {Qingyun Wu and
                  Gagan Bansal and
                  Jieyu Zhang and
                  Yiran Wu and
                  Shaokun Zhang and
                  Erkang Zhu and
                  Beibin Li and
                  Li Jiang and
                  Xiaoyun Zhang and
                  Chi Wang},
  title        = {AutoGen: Enabling Next-Gen {LLM} Applications via Multi-Agent Conversation
                  Framework},
  journal      = {CoRR},
  volume       = {abs/2308.08155},
  year         = {2023},
  url          = {https://doi.org/10.48550/arXiv.2308.08155},
  doi          = {10.48550/ARXIV.2308.08155},
  eprinttype    = {arXiv},
  eprint       = {2308.08155},
  timestamp    = {Thu, 24 Aug 2023 12:30:27 +0200},
  biburl       = {https://dblp.org/rec/journals/corr/abs-2308-08155.bib},
  bibsource    = {dblp computer science bibliography, https://dblp.org}
}

@inproceedings{MetaGPT,
  author       = {Sirui Hong and
                  Mingchen Zhuge and
                  Jonathan Chen and
                  Xiawu Zheng and
                  Yuheng Cheng and
                  Jinlin Wang and
                  Ceyao Zhang and
                  Zili Wang and
                  Steven Ka Shing Yau and
                  Zijuan Lin and
                  Liyang Zhou and
                  Chenyu Ran and
                  Lingfeng Xiao and
                  Chenglin Wu and
                  J{\"{u}}rgen Schmidhuber},
  title        = {MetaGPT: Meta Programming for {A} Multi-Agent Collaborative Framework},
  booktitle    = {The Twelfth International Conference on Learning Representations,
                  {ICLR} 2024, Vienna, Austria, May 7-11, 2024},
  publisher    = {OpenReview.net},
  year         = {2024},
  url          = {https://openreview.net/forum?id=VtmBAGCN7o},
  timestamp    = {Mon, 29 Jul 2024 17:17:48 +0200},
  biburl       = {https://dblp.org/rec/conf/iclr/HongZCZCWZWYLZR24.bib},
  bibsource    = {dblp computer science bibliography, https://dblp.org}
}

@inproceedings{MedAgents,
  author       = {Xiangru Tang and
                  Anni Zou and
                  Zhuosheng Zhang and
                  Ziming Li and
                  Yilun Zhao and
                  Xingyao Zhang and
                  Arman Cohan and
                  Mark Gerstein},
  editor       = {Lun{-}Wei Ku and
                  Andre Martins and
                  Vivek Srikumar},
  title        = {MedAgents: Large Language Models as Collaborators for Zero-shot Medical
                  Reasoning},
  booktitle    = {Findings of the Association for Computational Linguistics, {ACL} 2024,
                  Bangkok, Thailand and virtual meeting, August 11-16, 2024},
  pages        = {599--621},
  publisher    = {Association for Computational Linguistics},
  year         = {2024},
  url          = {https://doi.org/10.18653/v1/2024.findings-acl.33},
  doi          = {10.18653/V1/2024.FINDINGS-ACL.33},
  timestamp    = {Tue, 24 Sep 2024 10:55:47 +0200},
  biburl       = {https://dblp.org/rec/conf/acl/TangZ0L0ZCG24.bib},
  bibsource    = {dblp computer science bibliography, https://dblp.org}
}

@inproceedings{multi_agent_game_playing,
  author       = {Dekun Wu and
                  Haochen Shi and
                  Zhiyuan Sun and
                  Bang Liu},
  editor       = {Lun{-}Wei Ku and
                  Andre Martins and
                  Vivek Srikumar},
  title        = {Deciphering Digital Detectives: Understanding {LLM} Behaviors and
                  Capabilities in Multi-Agent Mystery Games},
  booktitle    = {Findings of the Association for Computational Linguistics, {ACL} 2024,
                  Bangkok, Thailand and virtual meeting, August 11-16, 2024},
  pages        = {8225--8291},
  publisher    = {Association for Computational Linguistics},
  year         = {2024},
  url          = {https://doi.org/10.18653/v1/2024.findings-acl.490},
  doi          = {10.18653/V1/2024.FINDINGS-ACL.490},
  timestamp    = {Tue, 24 Sep 2024 10:55:44 +0200},
  biburl       = {https://dblp.org/rec/conf/acl/WuSSL24.bib},
  bibsource    = {dblp computer science bibliography, https://dblp.org}
}

@article{multi_agent_social_simulation,
  author       = {Jiakai Tang and
                  Heyang Gao and
                  Xuchen Pan and
                  Lei Wang and
                  Haoran Tan and
                  Dawei Gao and
                  Yushuo Chen and
                  Xu Chen and
                  Yankai Lin and
                  Yaliang Li and
                  Bolin Ding and
                  Jingren Zhou and
                  Jun Wang and
                  Ji{-}Rong Wen},
  title        = {GenSim: {A} General Social Simulation Platform with Large Language
                  Model based Agents},
  journal      = {CoRR},
  volume       = {abs/2410.04360},
  year         = {2024},
  url          = {https://doi.org/10.48550/arXiv.2410.04360},
  doi          = {10.48550/ARXIV.2410.04360},
  eprinttype    = {arXiv},
  eprint       = {2410.04360},
  timestamp    = {Tue, 12 Nov 2024 18:39:22 +0100},
  biburl       = {https://dblp.org/rec/journals/corr/abs-2410-04360.bib},
  bibsource    = {dblp computer science bibliography, https://dblp.org}
}

@inproceedings{multi_agent_social_psychology,
  author       = {Jintian Zhang and
                  Xin Xu and
                  Ningyu Zhang and
                  Ruibo Liu and
                  Bryan Hooi and
                  Shumin Deng},
  editor       = {Lun{-}Wei Ku and
                  Andre Martins and
                  Vivek Srikumar},
  title        = {Exploring Collaboration Mechanisms for {LLM} Agents: {A} Social Psychology
                  View},
  booktitle    = {Proceedings of the 62nd Annual Meeting of the Association for Computational
                  Linguistics (Volume 1: Long Papers), {ACL} 2024, Bangkok, Thailand,
                  August 11-16, 2024},
  pages        = {14544--14607},
  publisher    = {Association for Computational Linguistics},
  year         = {2024},
  url          = {https://doi.org/10.18653/v1/2024.acl-long.782},
  doi          = {10.18653/V1/2024.ACL-LONG.782},
  timestamp    = {Mon, 21 Oct 2024 07:53:21 +0200},
  biburl       = {https://dblp.org/rec/conf/acl/ZhangX0LHD24.bib},
  bibsource    = {dblp computer science bibliography, https://dblp.org}
}

@inproceedings{multi_agent_cognitive_synergy,
  author       = {Zhenhailong Wang and
                  Shaoguang Mao and
                  Wenshan Wu and
                  Tao Ge and
                  Furu Wei and
                  Heng Ji},
  editor       = {Kevin Duh and
                  Helena G{\'{o}}mez{-}Adorno and
                  Steven Bethard},
  title        = {Unleashing the Emergent Cognitive Synergy in Large Language Models:
                  {A} Task-Solving Agent through Multi-Persona Self-Collaboration},
  booktitle    = {Proceedings of the 2024 Conference of the North American Chapter of
                  the Association for Computational Linguistics: Human Language Technologies
                  (Volume 1: Long Papers), {NAACL} 2024, Mexico City, Mexico, June 16-21,
                  2024},
  pages        = {257--279},
  publisher    = {Association for Computational Linguistics},
  year         = {2024},
  url          = {https://doi.org/10.18653/v1/2024.naacl-long.15},
  doi          = {10.18653/V1/2024.NAACL-LONG.15},
  timestamp    = {Thu, 29 Aug 2024 17:13:57 +0200},
  biburl       = {https://dblp.org/rec/conf/naacl/WangMW0WJ24.bib},
  bibsource    = {dblp computer science bibliography, https://dblp.org}
}

@inproceedings{agent_smith,
  author       = {Xiangming Gu and
                  Xiaosen Zheng and
                  Tianyu Pang and
                  Chao Du and
                  Qian Liu and
                  Ye Wang and
                  Jing Jiang and
                  Min Lin},
  title        = {Agent Smith: {A} Single Image Can Jailbreak One Million Multimodal
                  {LLM} Agents Exponentially Fast},
  booktitle    = {Forty-first International Conference on Machine Learning, {ICML} 2024,
                  Vienna, Austria, July 21-27, 2024},
  publisher    = {OpenReview.net},
  year         = {2024},
  url          = {https://openreview.net/forum?id=DYMj03Gbri},
  timestamp    = {Mon, 02 Sep 2024 16:55:26 +0200},
  biburl       = {https://dblp.org/rec/conf/icml/GuZPDL00L24.bib},
  bibsource    = {dblp computer science bibliography, https://dblp.org}
}

@article{flooding_spread,
  author       = {Tianjie Ju and
                  Yiting Wang and
                  Xinbei Ma and
                  Pengzhou Cheng and
                  Haodong Zhao and
                  Yulong Wang and
                  Lifeng Liu and
                  Jian Xie and
                  Zhuosheng Zhang and
                  Gongshen Liu},
  title        = {Flooding Spread of Manipulated Knowledge in LLM-Based Multi-Agent
                  Communities},
  journal      = {CoRR},
  volume       = {abs/2407.07791},
  year         = {2024},
  url          = {https://doi.org/10.48550/arXiv.2407.07791},
  doi          = {10.48550/ARXIV.2407.07791},
  eprinttype    = {arXiv},
  eprint       = {2407.07791},
  timestamp    = {Sun, 18 Aug 2024 18:59:52 +0200},
  biburl       = {https://dblp.org/rec/journals/corr/abs-2407-07791.bib},
  bibsource    = {dblp computer science bibliography, https://dblp.org}
}

@misc{LLM-Coordination,
      title={LLM-Coordination: Evaluating and Analyzing Multi-agent Coordination Abilities in Large Language Models}, 
      author={Saaket Agashe and Yue Fan and Anthony Reyna and Xin Eric Wang},
      year={2024},
      eprint={2310.03903},
      archivePrefix={arXiv},
      primaryClass={cs.CL},
      url={https://arxiv.org/abs/2310.03903}, 
}

@article{MAS_with_varied_specializations,
  author       = {Xihe Qiu and
                  Haoyu Wang and
                  Xiaoyu Tan and
                  Chao Qu and
                  Yujie Xiong and
                  Yuan Cheng and
                  Yinghui Xu and
                  Wei Chu and
                  Yuan Qi},
  title        = {Towards Collaborative Intelligence: Propagating Intentions and Reasoning
                  for Multi-Agent Coordination with Large Language Models},
  journal      = {CoRR},
  volume       = {abs/2407.12532},
  year         = {2024},
  url          = {https://doi.org/10.48550/arXiv.2407.12532},
  doi          = {10.48550/ARXIV.2407.12532},
  eprinttype    = {arXiv},
  eprint       = {2407.12532},
  timestamp    = {Mon, 26 Aug 2024 07:38:52 +0200},
  biburl       = {https://dblp.org/rec/journals/corr/abs-2407-12532.bib},
  bibsource    = {dblp computer science bibliography, https://dblp.org}
}

@inproceedings{debate_interconsistency,
  author       = {Kai Xiong and
                  Xiao Ding and
                  Yixin Cao and
                  Ting Liu and
                  Bing Qin},
  editor       = {Houda Bouamor and
                  Juan Pino and
                  Kalika Bali},
  title        = {Examining Inter-Consistency of Large Language Models Collaboration:
                  An In-depth Analysis via Debate},
  booktitle    = {Findings of the Association for Computational Linguistics: {EMNLP}
                  2023, Singapore, December 6-10, 2023},
  pages        = {7572--7590},
  publisher    = {Association for Computational Linguistics},
  year         = {2023},
  url          = {https://doi.org/10.18653/v1/2023.findings-emnlp.508},
  doi          = {10.18653/V1/2023.FINDINGS-EMNLP.508},
  timestamp    = {Wed, 07 Aug 2024 17:08:26 +0200},
  biburl       = {https://dblp.org/rec/conf/emnlp/XiongD00023.bib},
  bibsource    = {dblp computer science bibliography, https://dblp.org}
}

@inproceedings{CAMEL,
  author       = {Guohao Li and
                  Hasan Hammoud and
                  Hani Itani and
                  Dmitrii Khizbullin and
                  Bernard Ghanem},
  editor       = {Alice Oh and
                  Tristan Naumann and
                  Amir Globerson and
                  Kate Saenko and
                  Moritz Hardt and
                  Sergey Levine},
  title        = {{CAMEL:} Communicative Agents for "Mind" Exploration of Large Language
                  Model Society},
  booktitle    = {Advances in Neural Information Processing Systems 36: Annual Conference
                  on Neural Information Processing Systems 2023, NeurIPS 2023, New Orleans,
                  LA, USA, December 10 - 16, 2023},
  year         = {2023},
  url          = {http://papers.nips.cc/paper\_files/paper/2023/hash/a3621ee907def47c1b952ade25c67698-Abstract-Conference.html},
  timestamp    = {Tue, 15 Oct 2024 16:43:28 +0200},
  biburl       = {https://dblp.org/rec/conf/nips/LiHIKG23.bib},
  bibsource    = {dblp computer science bibliography, https://dblp.org}
}

@inproceedings{theory_of_mind_multiagent,
  author       = {Huao Li and
                  Yu Quan Chong and
                  Simon Stepputtis and
                  Joseph Campbell and
                  Dana T. Hughes and
                  Charles Lewis and
                  Katia P. Sycara},
  editor       = {Houda Bouamor and
                  Juan Pino and
                  Kalika Bali},
  title        = {Theory of Mind for Multi-Agent Collaboration via Large Language Models},
  booktitle    = {Proceedings of the 2023 Conference on Empirical Methods in Natural
                  Language Processing, {EMNLP} 2023, Singapore, December 6-10, 2023},
  pages        = {180--192},
  publisher    = {Association for Computational Linguistics},
  year         = {2023},
  url          = {https://doi.org/10.18653/v1/2023.emnlp-main.13},
  doi          = {10.18653/V1/2023.EMNLP-MAIN.13},
  timestamp    = {Fri, 12 Apr 2024 13:11:36 +0200},
  biburl       = {https://dblp.org/rec/conf/emnlp/LiCSCHLS23.bib},
  bibsource    = {dblp computer science bibliography, https://dblp.org}
}

@article{LLaMA3,
  author       = {Abhimanyu Dubey and
                  Abhinav Jauhri and
                  Abhinav Pandey and
                  Abhishek Kadian and
                  Ahmad Al{-}Dahle and
                  Aiesha Letman and
                  Akhil Mathur and
                  Alan Schelten and
                  Amy Yang and
                  Angela Fan and
                  Anirudh Goyal and
                  Anthony Hartshorn and
                  Aobo Yang and
                  Archi Mitra and
                  Archie Sravankumar and
                  Artem Korenev and
                  Arthur Hinsvark and
                  Arun Rao and
                  Aston Zhang and
                  Aur{\'{e}}lien Rodriguez and
                  Austen Gregerson and
                  Ava Spataru and
                  Baptiste Rozi{\`{e}}re and
                  Bethany Biron and
                  Binh Tang and
                  Bobbie Chern and
                  Charlotte Caucheteux and
                  Chaya Nayak and
                  Chloe Bi and
                  Chris Marra and
                  Chris McConnell and
                  Christian Keller and
                  Christophe Touret and
                  Chunyang Wu and
                  Corinne Wong and
                  Cristian Canton Ferrer and
                  Cyrus Nikolaidis and
                  Damien Allonsius and
                  Daniel Song and
                  Danielle Pintz and
                  Danny Livshits and
                  David Esiobu and
                  Dhruv Choudhary and
                  Dhruv Mahajan and
                  Diego Garcia{-}Olano and
                  Diego Perino and
                  Dieuwke Hupkes and
                  Egor Lakomkin and
                  Ehab AlBadawy and
                  Elina Lobanova and
                  Emily Dinan and
                  Eric Michael Smith and
                  Filip Radenovic and
                  Frank Zhang and
                  Gabriel Synnaeve and
                  Gabrielle Lee and
                  Georgia Lewis Anderson and
                  Graeme Nail and
                  Gr{\'{e}}goire Mialon and
                  Guan Pang and
                  Guillem Cucurell and
                  Hailey Nguyen and
                  Hannah Korevaar and
                  Hu Xu and
                  Hugo Touvron and
                  Iliyan Zarov and
                  Imanol Arrieta Ibarra and
                  Isabel M. Kloumann and
                  Ishan Misra and
                  Ivan Evtimov and
                  Jade Copet and
                  Jaewon Lee and
                  Jan Geffert and
                  Jana Vranes and
                  Jason Park and
                  Jay Mahadeokar and
                  Jeet Shah and
                  Jelmer van der Linde and
                  Jennifer Billock and
                  Jenny Hong and
                  Jenya Lee and
                  Jeremy Fu and
                  Jianfeng Chi and
                  Jianyu Huang and
                  Jiawen Liu and
                  Jie Wang and
                  Jiecao Yu and
                  Joanna Bitton and
                  Joe Spisak and
                  Jongsoo Park and
                  Joseph Rocca and
                  Joshua Johnstun and
                  Joshua Saxe and
                  Junteng Jia and
                  Kalyan Vasuden Alwala and
                  Kartikeya Upasani and
                  Kate Plawiak and
                  Ke Li and
                  Kenneth Heafield and
                  Kevin Stone and
                  et al.},
  title        = {The Llama 3 Herd of Models},
  journal      = {CoRR},
  volume       = {abs/2407.21783},
  year         = {2024},
  url          = {https://doi.org/10.48550/arXiv.2407.21783},
  doi          = {10.48550/ARXIV.2407.21783},
  eprinttype    = {arXiv},
  eprint       = {2407.21783},
  timestamp    = {Wed, 11 Dec 2024 17:20:48 +0100},
  biburl       = {https://dblp.org/rec/journals/corr/abs-2407-21783.bib},
  bibsource    = {dblp computer science bibliography, https://dblp.org}
}

@article{Qwen2,
  author       = {An Yang and
                  Baosong Yang and
                  Binyuan Hui and
                  Bo Zheng and
                  Bowen Yu and
                  Chang Zhou and
                  Chengpeng Li and
                  Chengyuan Li and
                  Dayiheng Liu and
                  Fei Huang and
                  Guanting Dong and
                  Haoran Wei and
                  Huan Lin and
                  Jialong Tang and
                  Jialin Wang and
                  Jian Yang and
                  Jianhong Tu and
                  Jianwei Zhang and
                  Jianxin Ma and
                  Jianxin Yang and
                  Jin Xu and
                  Jingren Zhou and
                  Jinze Bai and
                  Jinzheng He and
                  Junyang Lin and
                  Kai Dang and
                  Keming Lu and
                  Keqin Chen and
                  Kexin Yang and
                  Mei Li and
                  Mingfeng Xue and
                  Na Ni and
                  Pei Zhang and
                  Peng Wang and
                  Ru Peng and
                  Rui Men and
                  Ruize Gao and
                  Runji Lin and
                  Shijie Wang and
                  Shuai Bai and
                  Sinan Tan and
                  Tianhang Zhu and
                  Tianhao Li and
                  Tianyu Liu and
                  Wenbin Ge and
                  Xiaodong Deng and
                  Xiaohuan Zhou and
                  Xingzhang Ren and
                  Xinyu Zhang and
                  Xipin Wei and
                  Xuancheng Ren and
                  Xuejing Liu and
                  Yang Fan and
                  Yang Yao and
                  Yichang Zhang and
                  Yu Wan and
                  Yunfei Chu and
                  Yuqiong Liu and
                  Zeyu Cui and
                  Zhenru Zhang and
                  Zhifang Guo and
                  Zhihao Fan},
  title        = {Qwen2 Technical Report},
  journal      = {CoRR},
  volume       = {abs/2407.10671},
  year         = {2024},
  url          = {https://doi.org/10.48550/arXiv.2407.10671},
  doi          = {10.48550/ARXIV.2407.10671},
  eprinttype    = {arXiv},
  eprint       = {2407.10671},
  timestamp    = {Thu, 10 Oct 2024 07:59:37 +0200},
  biburl       = {https://dblp.org/rec/journals/corr/abs-2407-10671.bib},
  bibsource    = {dblp computer science bibliography, https://dblp.org}
}

@article{InternLM,
  author       = {Zheng Cai and
                  Maosong Cao and
                  Haojiong Chen and
                  Kai Chen and
                  Keyu Chen and
                  Xin Chen and
                  Xun Chen and
                  Zehui Chen and
                  Zhi Chen and
                  Pei Chu and
                  Xiaoyi Dong and
                  Haodong Duan and
                  Qi Fan and
                  Zhaoye Fei and
                  Yang Gao and
                  Jiaye Ge and
                  Chenya Gu and
                  Yuzhe Gu and
                  Tao Gui and
                  Aijia Guo and
                  Qipeng Guo and
                  Conghui He and
                  Yingfan Hu and
                  Ting Huang and
                  Tao Jiang and
                  Penglong Jiao and
                  Zhenjiang Jin and
                  Zhikai Lei and
                  Jiaxing Li and
                  Jingwen Li and
                  Linyang Li and
                  Shuaibin Li and
                  Wei Li and
                  Yining Li and
                  Hongwei Liu and
                  Jiangning Liu and
                  Jiawei Hong and
                  Kaiwen Liu and
                  Kuikun Liu and
                  Xiaoran Liu and
                  Chengqi Lv and
                  Haijun Lv and
                  Kai Lv and
                  Li Ma and
                  Runyuan Ma and
                  Zerun Ma and
                  Wenchang Ning and
                  Linke Ouyang and
                  Jiantao Qiu and
                  Yuan Qu and
                  Fukai Shang and
                  Yunfan Shao and
                  Demin Song and
                  Zifan Song and
                  Zhihao Sui and
                  Peng Sun and
                  Yu Sun and
                  Huanze Tang and
                  Bin Wang and
                  Guoteng Wang and
                  Jiaqi Wang and
                  Jiayu Wang and
                  Rui Wang and
                  Yudong Wang and
                  Ziyi Wang and
                  Xingjian Wei and
                  Qizhen Weng and
                  Fan Wu and
                  Yingtong Xiong and
                  Xiaomeng Zhao and
                  et al.},
  title        = {InternLM2 Technical Report},
  journal      = {CoRR},
  volume       = {abs/2403.17297},
  year         = {2024},
  url          = {https://doi.org/10.48550/arXiv.2403.17297},
  doi          = {10.48550/ARXIV.2403.17297},
  eprinttype    = {arXiv},
  eprint       = {2403.17297},
  timestamp    = {Tue, 24 Dec 2024 22:38:08 +0100},
  biburl       = {https://dblp.org/rec/journals/corr/abs-2403-17297.bib},
  bibsource    = {dblp computer science bibliography, https://dblp.org}
}

@article{HumanEval,
  author       = {Mark Chen and
                  Jerry Tworek and
                  Heewoo Jun and
                  Qiming Yuan and
                  Henrique Pond{\'{e}} de Oliveira Pinto and
                  Jared Kaplan and
                  Harri Edwards and
                  Yuri Burda and
                  Nicholas Joseph and
                  Greg Brockman and
                  Alex Ray and
                  Raul Puri and
                  Gretchen Krueger and
                  Michael Petrov and
                  Heidy Khlaaf and
                  Girish Sastry and
                  Pamela Mishkin and
                  Brooke Chan and
                  Scott Gray and
                  Nick Ryder and
                  Mikhail Pavlov and
                  Alethea Power and
                  Lukasz Kaiser and
                  Mohammad Bavarian and
                  Clemens Winter and
                  Philippe Tillet and
                  Felipe Petroski Such and
                  Dave Cummings and
                  Matthias Plappert and
                  Fotios Chantzis and
                  Elizabeth Barnes and
                  Ariel Herbert{-}Voss and
                  William Hebgen Guss and
                  Alex Nichol and
                  Alex Paino and
                  Nikolas Tezak and
                  Jie Tang and
                  Igor Babuschkin and
                  Suchir Balaji and
                  Shantanu Jain and
                  William Saunders and
                  Christopher Hesse and
                  Andrew N. Carr and
                  Jan Leike and
                  Joshua Achiam and
                  Vedant Misra and
                  Evan Morikawa and
                  Alec Radford and
                  Matthew Knight and
                  Miles Brundage and
                  Mira Murati and
                  Katie Mayer and
                  Peter Welinder and
                  Bob McGrew and
                  Dario Amodei and
                  Sam McCandlish and
                  Ilya Sutskever and
                  Wojciech Zaremba},
  title        = {Evaluating Large Language Models Trained on Code},
  journal      = {CoRR},
  volume       = {abs/2107.03374},
  year         = {2021},
  url          = {https://arxiv.org/abs/2107.03374},
  eprinttype    = {arXiv},
  eprint       = {2107.03374},
  timestamp    = {Tue, 20 Aug 2024 16:58:46 +0200},
  biburl       = {https://dblp.org/rec/journals/corr/abs-2107-03374.bib},
  bibsource    = {dblp computer science bibliography, https://dblp.org}
}

@article{EasyEdit,
  author       = {Ningyu Zhang and
                  Yunzhi Yao and
                  Bozhong Tian and
                  Peng Wang and
                  Shumin Deng and
                  Mengru Wang and
                  Zekun Xi and
                  Shengyu Mao and
                  Jintian Zhang and
                  Yuansheng Ni and
                  Siyuan Cheng and
                  Ziwen Xu and
                  Xin Xu and
                  Jia{-}Chen Gu and
                  Yong Jiang and
                  Pengjun Xie and
                  Fei Huang and
                  Lei Liang and
                  Zhiqiang Zhang and
                  Xiaowei Zhu and
                  Jun Zhou and
                  Huajun Chen},
  title        = {A Comprehensive Study of Knowledge Editing for Large Language Models},
  journal      = {CoRR},
  volume       = {abs/2401.01286},
  year         = {2024},
  url          = {https://doi.org/10.48550/arXiv.2401.01286},
  doi          = {10.48550/ARXIV.2401.01286},
  eprinttype    = {arXiv},
  eprint       = {2401.01286},
  timestamp    = {Mon, 21 Oct 2024 07:53:23 +0200},
  biburl       = {https://dblp.org/rec/journals/corr/abs-2401-01286.bib},
  bibsource    = {dblp computer science bibliography, https://dblp.org}
}

@inproceedings{ROME,
  author       = {Kevin Meng and
                  David Bau and
                  Alex Andonian and
                  Yonatan Belinkov},
  editor       = {Sanmi Koyejo and
                  S. Mohamed and
                  A. Agarwal and
                  Danielle Belgrave and
                  K. Cho and
                  A. Oh},
  title        = {Locating and Editing Factual Associations in {GPT}},
  booktitle    = {Advances in Neural Information Processing Systems 35: Annual Conference
                  on Neural Information Processing Systems 2022, NeurIPS 2022, New Orleans,
                  LA, USA, November 28 - December 9, 2022},
  year         = {2022},
  url          = {http://papers.nips.cc/paper\_files/paper/2022/hash/6f1d43d5a82a37e89b0665b33bf3a182-Abstract-Conference.html},
  timestamp    = {Mon, 08 Jan 2024 16:31:36 +0100},
  biburl       = {https://dblp.org/rec/conf/nips/MengBAB22.bib},
  bibsource    = {dblp computer science bibliography, https://dblp.org}
}

@article{CodeBLEU,
  title={CodeBLEU: a Method for Automatic Evaluation of Code Synthesis},
  author={Shuo Ren and Daya Guo and Shuai Lu and Long Zhou and Shujie Liu and Duyu Tang and M. Zhou and Ambrosio Blanco and Shuai Ma},
  journal={ArXiv},
  year={2020},
  volume={abs/2009.10297},
  url={https://api.semanticscholar.org/CorpusID:221836101}
}

@article{Resilience_of_Multi-Agent_Systems,
  author       = {Jen{-}tse Huang and
                  Jiaxu Zhou and
                  Tailin Jin and
                  Xuhui Zhou and
                  Zixi Chen and
                  Wenxuan Wang and
                  Youliang Yuan and
                  Maarten Sap and
                  Michael R. Lyu},
  title        = {On the Resilience of Multi-Agent Systems with Malicious Agents},
  journal      = {CoRR},
  volume       = {abs/2408.00989},
  year         = {2024},
  url          = {https://doi.org/10.48550/arXiv.2408.00989},
  doi          = {10.48550/ARXIV.2408.00989},
  eprinttype    = {arXiv},
  eprint       = {2408.00989},
  timestamp    = {Mon, 09 Sep 2024 19:10:56 +0200},
  biburl       = {https://dblp.org/rec/journals/corr/abs-2408-00989.bib},
  bibsource    = {dblp computer science bibliography, https://dblp.org}
}

@article{Multi-Agent_Collaboration,
  author       = {Yashar Talebirad and
                  Amirhossein Nadiri},
  title        = {Multi-Agent Collaboration: Harnessing the Power of Intelligent {LLM}
                  Agents},
  journal      = {CoRR},
  volume       = {abs/2306.03314},
  year         = {2023},
  url          = {https://doi.org/10.48550/arXiv.2306.03314},
  doi          = {10.48550/ARXIV.2306.03314},
  eprinttype    = {arXiv},
  eprint       = {2306.03314},
  timestamp    = {Tue, 13 Jun 2023 15:56:49 +0200},
  biburl       = {https://dblp.org/rec/journals/corr/abs-2306-03314.bib},
  bibsource    = {dblp computer science bibliography, https://dblp.org}
}

@article{LLM_Discussion,
  author       = {Li{-}Chun Lu and
                  Shou{-}Jen Chen and
                  Tsung{-}Min Pai and
                  Chan{-}Hung Yu and
                  Hung{-}yi Lee and
                  Shao{-}Hua Sun},
  title        = {{LLM} Discussion: Enhancing the Creativity of Large Language Models
                  via Discussion Framework and Role-Play},
  journal      = {CoRR},
  volume       = {abs/2405.06373},
  year         = {2024},
  url          = {https://doi.org/10.48550/arXiv.2405.06373},
  doi          = {10.48550/ARXIV.2405.06373},
  eprinttype    = {arXiv},
  eprint       = {2405.06373},
  timestamp    = {Thu, 13 Jun 2024 21:49:51 +0200},
  biburl       = {https://dblp.org/rec/journals/corr/abs-2405-06373.bib},
  bibsource    = {dblp computer science bibliography, https://dblp.org}
}

@inproceedings{IKE,
  author       = {Ce Zheng and
                  Lei Li and
                  Qingxiu Dong and
                  Yuxuan Fan and
                  Zhiyong Wu and
                  Jingjing Xu and
                  Baobao Chang},
  editor       = {Houda Bouamor and
                  Juan Pino and
                  Kalika Bali},
  title        = {Can We Edit Factual Knowledge by In-Context Learning?},
  booktitle    = {Proceedings of the 2023 Conference on Empirical Methods in Natural
                  Language Processing, {EMNLP} 2023, Singapore, December 6-10, 2023},
  pages        = {4862--4876},
  publisher    = {Association for Computational Linguistics},
  year         = {2023},
  url          = {https://doi.org/10.18653/v1/2023.emnlp-main.296},
  doi          = {10.18653/V1/2023.EMNLP-MAIN.296},
  timestamp    = {Tue, 12 Nov 2024 16:30:41 +0100},
  biburl       = {https://dblp.org/rec/conf/emnlp/ZhengLDFWXC23.bib},
  bibsource    = {dblp computer science bibliography, https://dblp.org}
}

@inproceedings{MEND,
  author       = {Eric Mitchell and
                  Charles Lin and
                  Antoine Bosselut and
                  Chelsea Finn and
                  Christopher D. Manning},
  title        = {Fast Model Editing at Scale},
  booktitle    = {The Tenth International Conference on Learning Representations, {ICLR}
                  2022, Virtual Event, April 25-29, 2022},
  publisher    = {OpenReview.net},
  year         = {2022},
  url          = {https://openreview.net/forum?id=0DcZxeWfOPt},
  timestamp    = {Sat, 20 Aug 2022 01:15:42 +0200},
  biburl       = {https://dblp.org/rec/conf/iclr/MitchellLBFM22.bib},
  bibsource    = {dblp computer science bibliography, https://dblp.org}
}

@inproceedings{zsre,
  author       = {Omer Levy and
                  Minjoon Seo and
                  Eunsol Choi and
                  Luke Zettlemoyer},
  editor       = {Roger Levy and
                  Lucia Specia},
  title        = {Zero-Shot Relation Extraction via Reading Comprehension},
  booktitle    = {Proceedings of the 21st Conference on Computational Natural Language
                  Learning (CoNLL 2017), Vancouver, Canada, August 3-4, 2017},
  pages        = {333--342},
  publisher    = {Association for Computational Linguistics},
  year         = {2017},
  url          = {https://doi.org/10.18653/v1/K17-1034},
  doi          = {10.18653/V1/K17-1034},
  timestamp    = {Fri, 06 Aug 2021 00:41:08 +0200},
  biburl       = {https://dblp.org/rec/conf/conll/LevySCZ17.bib},
  bibsource    = {dblp computer science bibliography, https://dblp.org}
}

@inproceedings{DPO,
  author       = {Rafael Rafailov and
                  Archit Sharma and
                  Eric Mitchell and
                  Christopher D. Manning and
                  Stefano Ermon and
                  Chelsea Finn},
  editor       = {Alice Oh and
                  Tristan Naumann and
                  Amir Globerson and
                  Kate Saenko and
                  Moritz Hardt and
                  Sergey Levine},
  title        = {Direct Preference Optimization: Your Language Model is Secretly a
                  Reward Model},
  booktitle    = {Advances in Neural Information Processing Systems 36: Annual Conference
                  on Neural Information Processing Systems 2023, NeurIPS 2023, New Orleans,
                  LA, USA, December 10 - 16, 2023},
  year         = {2023},
  url          = {http://papers.nips.cc/paper\_files/paper/2023/hash/a85b405ed65c6477a4fe8302b5e06ce7-Abstract-Conference.html},
  timestamp    = {Fri, 01 Mar 2024 16:26:20 +0100},
  biburl       = {https://dblp.org/rec/conf/nips/RafailovSMMEF23.bib},
  bibsource    = {dblp computer science bibliography, https://dblp.org}
}