@article{AutoGen,
  author       = {Qingyun Wu and
                  Gagan Bansal and
                  Jieyu Zhang and
                  Yiran Wu and
                  Shaokun Zhang and
                  Erkang Zhu and
                  Beibin Li and
                  Li Jiang and
                  Xiaoyun Zhang and
                  Chi Wang},
  title        = {AutoGen: Enabling Next-Gen {LLM} Applications via Multi-Agent Conversation
                  Framework},
  journal      = {CoRR},
  volume       = {abs/2308.08155},
  year         = {2023},
  url          = {https://doi.org/10.48550/arXiv.2308.08155},
  doi          = {10.48550/ARXIV.2308.08155},
  eprinttype    = {arXiv},
  eprint       = {2308.08155},
  timestamp    = {Thu, 24 Aug 2023 12:30:27 +0200},
  biburl       = {https://dblp.org/rec/journals/corr/abs-2308-08155.bib},
  bibsource    = {dblp computer science bibliography, https://dblp.org}
}

@inproceedings{ChatDev,
  author       = {Chen Qian and
                  Wei Liu and
                  Hongzhang Liu and
                  Nuo Chen and
                  Yufan Dang and
                  Jiahao Li and
                  Cheng Yang and
                  Weize Chen and
                  Yusheng Su and
                  Xin Cong and
                  Juyuan Xu and
                  Dahai Li and
                  Zhiyuan Liu and
                  Maosong Sun},
  editor       = {Lun{-}Wei Ku and
                  Andre Martins and
                  Vivek Srikumar},
  title        = {ChatDev: Communicative Agents for Software Development},
  booktitle    = {Proceedings of the 62nd Annual Meeting of the Association for Computational
                  Linguistics (Volume 1: Long Papers), {ACL} 2024, Bangkok, Thailand,
                  August 11-16, 2024},
  pages        = {15174--15186},
  publisher    = {Association for Computational Linguistics},
  year         = {2024},
  url          = {https://doi.org/10.18653/v1/2024.acl-long.810},
  doi          = {10.18653/V1/2024.ACL-LONG.810},
  timestamp    = {Tue, 24 Sep 2024 10:55:41 +0200},
  biburl       = {https://dblp.org/rec/conf/acl/QianLLCDL0CSCXL24.bib},
  bibsource    = {dblp computer science bibliography, https://dblp.org}
}

@inproceedings{MAS_survey,
  author       = {Taicheng Guo and
                  Xiuying Chen and
                  Yaqi Wang and
                  Ruidi Chang and
                  Shichao Pei and
                  Nitesh V. Chawla and
                  Olaf Wiest and
                  Xiangliang Zhang},
  title        = {Large Language Model Based Multi-agents: {A} Survey of Progress and
                  Challenges},
  booktitle    = {Proceedings of the Thirty-Third International Joint Conference on
                  Artificial Intelligence, {IJCAI} 2024, Jeju, South Korea, August 3-9,
                  2024},
  pages        = {8048--8057},
  publisher    = {ijcai.org},
  year         = {2024},
  url          = {https://www.ijcai.org/proceedings/2024/890},
  timestamp    = {Fri, 18 Oct 2024 20:55:24 +0200},
  biburl       = {https://dblp.org/rec/conf/ijcai/GuoCWCPCW024.bib},
  bibsource    = {dblp computer science bibliography, https://dblp.org}
}

@inproceedings{MedAgents,
  author       = {Xiangru Tang and
                  Anni Zou and
                  Zhuosheng Zhang and
                  Ziming Li and
                  Yilun Zhao and
                  Xingyao Zhang and
                  Arman Cohan and
                  Mark Gerstein},
  editor       = {Lun{-}Wei Ku and
                  Andre Martins and
                  Vivek Srikumar},
  title        = {MedAgents: Large Language Models as Collaborators for Zero-shot Medical
                  Reasoning},
  booktitle    = {Findings of the Association for Computational Linguistics, {ACL} 2024,
                  Bangkok, Thailand and virtual meeting, August 11-16, 2024},
  pages        = {599--621},
  publisher    = {Association for Computational Linguistics},
  year         = {2024},
  url          = {https://doi.org/10.18653/v1/2024.findings-acl.33},
  doi          = {10.18653/V1/2024.FINDINGS-ACL.33},
  timestamp    = {Tue, 24 Sep 2024 10:55:47 +0200},
  biburl       = {https://dblp.org/rec/conf/acl/TangZ0L0ZCG24.bib},
  bibsource    = {dblp computer science bibliography, https://dblp.org}
}

@inproceedings{MetaGPT,
  author       = {Sirui Hong and
                  Mingchen Zhuge and
                  Jonathan Chen and
                  Xiawu Zheng and
                  Yuheng Cheng and
                  Jinlin Wang and
                  Ceyao Zhang and
                  Zili Wang and
                  Steven Ka Shing Yau and
                  Zijuan Lin and
                  Liyang Zhou and
                  Chenyu Ran and
                  Lingfeng Xiao and
                  Chenglin Wu and
                  J{\"{u}}rgen Schmidhuber},
  title        = {MetaGPT: Meta Programming for {A} Multi-Agent Collaborative Framework},
  booktitle    = {The Twelfth International Conference on Learning Representations,
                  {ICLR} 2024, Vienna, Austria, May 7-11, 2024},
  publisher    = {OpenReview.net},
  year         = {2024},
  url          = {https://openreview.net/forum?id=VtmBAGCN7o},
  timestamp    = {Mon, 29 Jul 2024 17:17:48 +0200},
  biburl       = {https://dblp.org/rec/conf/iclr/HongZCZCWZWYLZR24.bib},
  bibsource    = {dblp computer science bibliography, https://dblp.org}
}

@article{Multi_agent_cross_domain_knowledge_discovery,
  author       = {Shiva Aryal and
                  Tuyen Do and
                  Bisesh Heyojoo and
                  Sandeep Chataut and
                  Bichar Dip Shrestha Gurung and
                  Venkataramana Gadhamshetty and
                  Etienne Z. Gnimpieba},
  title        = {Leveraging Multi-AI Agents for Cross-Domain Knowledge Discovery},
  journal      = {CoRR},
  volume       = {abs/2404.08511},
  year         = {2024},
  url          = {https://doi.org/10.48550/arXiv.2404.08511},
  doi          = {10.48550/ARXIV.2404.08511},
  eprinttype    = {arXiv},
  eprint       = {2404.08511},
  timestamp    = {Sun, 04 Aug 2024 19:46:08 +0200},
  biburl       = {https://dblp.org/rec/journals/corr/abs-2404-08511.bib},
  bibsource    = {dblp computer science bibliography, https://dblp.org}
}

@article{Resilience_of_Multi-Agent_Systems,
  author       = {Jen{-}tse Huang and
                  Jiaxu Zhou and
                  Tailin Jin and
                  Xuhui Zhou and
                  Zixi Chen and
                  Wenxuan Wang and
                  Youliang Yuan and
                  Maarten Sap and
                  Michael R. Lyu},
  title        = {On the Resilience of Multi-Agent Systems with Malicious Agents},
  journal      = {CoRR},
  volume       = {abs/2408.00989},
  year         = {2024},
  url          = {https://doi.org/10.48550/arXiv.2408.00989},
  doi          = {10.48550/ARXIV.2408.00989},
  eprinttype    = {arXiv},
  eprint       = {2408.00989},
  timestamp    = {Mon, 09 Sep 2024 19:10:56 +0200},
  biburl       = {https://dblp.org/rec/journals/corr/abs-2408-00989.bib},
  bibsource    = {dblp computer science bibliography, https://dblp.org}
}

@misc{RoundTable,
      title={RoundTable: Investigating Group Decision-Making Mechanism in Multi-Agent Collaboration}, 
      author={Young-Min Cho and Raphael Shu and Nilaksh Das and Tamer Alkhouli and Yi-An Lai and Jason Cai and Monica Sunkara and Yi Zhang},
      year={2024},
      eprint={2411.07161},
      archivePrefix={arXiv},
      primaryClass={cs.MA},
      url={https://arxiv.org/abs/2411.07161}, 
}

@inproceedings{agent_smith,
  author       = {Xiangming Gu and
                  Xiaosen Zheng and
                  Tianyu Pang and
                  Chao Du and
                  Qian Liu and
                  Ye Wang and
                  Jing Jiang and
                  Min Lin},
  title        = {Agent Smith: {A} Single Image Can Jailbreak One Million Multimodal
                  {LLM} Agents Exponentially Fast},
  booktitle    = {Forty-first International Conference on Machine Learning, {ICML} 2024,
                  Vienna, Austria, July 21-27, 2024},
  publisher    = {OpenReview.net},
  year         = {2024},
  url          = {https://openreview.net/forum?id=DYMj03Gbri},
  timestamp    = {Mon, 02 Sep 2024 16:55:26 +0200},
  biburl       = {https://dblp.org/rec/conf/icml/GuZPDL00L24.bib},
  bibsource    = {dblp computer science bibliography, https://dblp.org}
}

@article{agent_survey,
  author       = {Zhiheng Xi and
                  Wenxiang Chen and
                  Xin Guo and
                  Wei He and
                  Yiwen Ding and
                  Boyang Hong and
                  Ming Zhang and
                  Junzhe Wang and
                  Senjie Jin and
                  Enyu Zhou and
                  Rui Zheng and
                  Xiaoran Fan and
                  Xiao Wang and
                  Limao Xiong and
                  Yuhao Zhou and
                  Weiran Wang and
                  Changhao Jiang and
                  Yicheng Zou and
                  Xiangyang Liu and
                  Zhangyue Yin and
                  Shihan Dou and
                  Rongxiang Weng and
                  Wensen Cheng and
                  Qi Zhang and
                  Wenjuan Qin and
                  Yongyan Zheng and
                  Xipeng Qiu and
                  Xuanjing Huang and
                  Tao Gui},
  title        = {The Rise and Potential of Large Language Model Based Agents: {A} Survey},
  journal      = {CoRR},
  volume       = {abs/2309.07864},
  year         = {2023},
  url          = {https://doi.org/10.48550/arXiv.2309.07864},
  doi          = {10.48550/ARXIV.2309.07864},
  eprinttype    = {arXiv},
  eprint       = {2309.07864},
  timestamp    = {Mon, 04 Nov 2024 22:21:24 +0100},
  biburl       = {https://dblp.org/rec/journals/corr/abs-2309-07864.bib},
  bibsource    = {dblp computer science bibliography, https://dblp.org}
}

@article{collective_agents,
  author       = {Marios Papachristou and
                  Longqi Yang and
                  Chin{-}Chia Hsu},
  title        = {Leveraging Large Language Models for Collective Decision-Making},
  journal      = {CoRR},
  volume       = {abs/2311.04928},
  year         = {2023},
  url          = {https://doi.org/10.48550/arXiv.2311.04928},
  doi          = {10.48550/ARXIV.2311.04928},
  eprinttype    = {arXiv},
  eprint       = {2311.04928},
  timestamp    = {Tue, 14 Nov 2023 14:47:55 +0100},
  biburl       = {https://dblp.org/rec/journals/corr/abs-2311-04928.bib},
  bibsource    = {dblp computer science bibliography, https://dblp.org}
}

@inproceedings{debate_interconsistency,
  author       = {Kai Xiong and
                  Xiao Ding and
                  Yixin Cao and
                  Ting Liu and
                  Bing Qin},
  editor       = {Houda Bouamor and
                  Juan Pino and
                  Kalika Bali},
  title        = {Examining Inter-Consistency of Large Language Models Collaboration:
                  An In-depth Analysis via Debate},
  booktitle    = {Findings of the Association for Computational Linguistics: {EMNLP}
                  2023, Singapore, December 6-10, 2023},
  pages        = {7572--7590},
  publisher    = {Association for Computational Linguistics},
  year         = {2023},
  url          = {https://doi.org/10.18653/v1/2023.findings-emnlp.508},
  doi          = {10.18653/V1/2023.FINDINGS-EMNLP.508},
  timestamp    = {Wed, 07 Aug 2024 17:08:26 +0200},
  biburl       = {https://dblp.org/rec/conf/emnlp/XiongD00023.bib},
  bibsource    = {dblp computer science bibliography, https://dblp.org}
}

@article{flooding_spread,
  author       = {Tianjie Ju and
                  Yiting Wang and
                  Xinbei Ma and
                  Pengzhou Cheng and
                  Haodong Zhao and
                  Yulong Wang and
                  Lifeng Liu and
                  Jian Xie and
                  Zhuosheng Zhang and
                  Gongshen Liu},
  title        = {Flooding Spread of Manipulated Knowledge in LLM-Based Multi-Agent
                  Communities},
  journal      = {CoRR},
  volume       = {abs/2407.07791},
  year         = {2024},
  url          = {https://doi.org/10.48550/arXiv.2407.07791},
  doi          = {10.48550/ARXIV.2407.07791},
  eprinttype    = {arXiv},
  eprint       = {2407.07791},
  timestamp    = {Sun, 18 Aug 2024 18:59:52 +0200},
  biburl       = {https://dblp.org/rec/journals/corr/abs-2407-07791.bib},
  bibsource    = {dblp computer science bibliography, https://dblp.org}
}

@inproceedings{generative_agents,
  author       = {Joon Sung Park and
                  Joseph C. O'Brien and
                  Carrie Jun Cai and
                  Meredith Ringel Morris and
                  Percy Liang and
                  Michael S. Bernstein},
  editor       = {Sean Follmer and
                  Jeff Han and
                  J{\"{u}}rgen Steimle and
                  Nathalie Henry Riche},
  title        = {Generative Agents: Interactive Simulacra of Human Behavior},
  booktitle    = {Proceedings of the 36th Annual {ACM} Symposium on User Interface Software
                  and Technology, {UIST} 2023, San Francisco, CA, USA, 29 October 2023-
                  1 November 2023},
  pages        = {2:1--2:22},
  publisher    = {{ACM}},
  year         = {2023},
  url          = {https://doi.org/10.1145/3586183.3606763},
  doi          = {10.1145/3586183.3606763},
  timestamp    = {Fri, 27 Oct 2023 20:40:55 +0200},
  biburl       = {https://dblp.org/rec/conf/uist/ParkOCMLB23.bib},
  bibsource    = {dblp computer science bibliography, https://dblp.org}
}

@inproceedings{multi_agent_cognitive_synergy,
  author       = {Zhenhailong Wang and
                  Shaoguang Mao and
                  Wenshan Wu and
                  Tao Ge and
                  Furu Wei and
                  Heng Ji},
  editor       = {Kevin Duh and
                  Helena G{\'{o}}mez{-}Adorno and
                  Steven Bethard},
  title        = {Unleashing the Emergent Cognitive Synergy in Large Language Models:
                  {A} Task-Solving Agent through Multi-Persona Self-Collaboration},
  booktitle    = {Proceedings of the 2024 Conference of the North American Chapter of
                  the Association for Computational Linguistics: Human Language Technologies
                  (Volume 1: Long Papers), {NAACL} 2024, Mexico City, Mexico, June 16-21,
                  2024},
  pages        = {257--279},
  publisher    = {Association for Computational Linguistics},
  year         = {2024},
  url          = {https://doi.org/10.18653/v1/2024.naacl-long.15},
  doi          = {10.18653/V1/2024.NAACL-LONG.15},
  timestamp    = {Thu, 29 Aug 2024 17:13:57 +0200},
  biburl       = {https://dblp.org/rec/conf/naacl/WangMW0WJ24.bib},
  bibsource    = {dblp computer science bibliography, https://dblp.org}
}

@inproceedings{multi_agent_game_playing,
  author       = {Dekun Wu and
                  Haochen Shi and
                  Zhiyuan Sun and
                  Bang Liu},
  editor       = {Lun{-}Wei Ku and
                  Andre Martins and
                  Vivek Srikumar},
  title        = {Deciphering Digital Detectives: Understanding {LLM} Behaviors and
                  Capabilities in Multi-Agent Mystery Games},
  booktitle    = {Findings of the Association for Computational Linguistics, {ACL} 2024,
                  Bangkok, Thailand and virtual meeting, August 11-16, 2024},
  pages        = {8225--8291},
  publisher    = {Association for Computational Linguistics},
  year         = {2024},
  url          = {https://doi.org/10.18653/v1/2024.findings-acl.490},
  doi          = {10.18653/V1/2024.FINDINGS-ACL.490},
  timestamp    = {Tue, 24 Sep 2024 10:55:44 +0200},
  biburl       = {https://dblp.org/rec/conf/acl/WuSSL24.bib},
  bibsource    = {dblp computer science bibliography, https://dblp.org}
}

@inproceedings{multi_agent_social_psychology,
  author       = {Jintian Zhang and
                  Xin Xu and
                  Ningyu Zhang and
                  Ruibo Liu and
                  Bryan Hooi and
                  Shumin Deng},
  editor       = {Lun{-}Wei Ku and
                  Andre Martins and
                  Vivek Srikumar},
  title        = {Exploring Collaboration Mechanisms for {LLM} Agents: {A} Social Psychology
                  View},
  booktitle    = {Proceedings of the 62nd Annual Meeting of the Association for Computational
                  Linguistics (Volume 1: Long Papers), {ACL} 2024, Bangkok, Thailand,
                  August 11-16, 2024},
  pages        = {14544--14607},
  publisher    = {Association for Computational Linguistics},
  year         = {2024},
  url          = {https://doi.org/10.18653/v1/2024.acl-long.782},
  doi          = {10.18653/V1/2024.ACL-LONG.782},
  timestamp    = {Mon, 21 Oct 2024 07:53:21 +0200},
  biburl       = {https://dblp.org/rec/conf/acl/ZhangX0LHD24.bib},
  bibsource    = {dblp computer science bibliography, https://dblp.org}
}

@article{multi_agent_social_simulation,
  author       = {Jiakai Tang and
                  Heyang Gao and
                  Xuchen Pan and
                  Lei Wang and
                  Haoran Tan and
                  Dawei Gao and
                  Yushuo Chen and
                  Xu Chen and
                  Yankai Lin and
                  Yaliang Li and
                  Bolin Ding and
                  Jingren Zhou and
                  Jun Wang and
                  Ji{-}Rong Wen},
  title        = {GenSim: {A} General Social Simulation Platform with Large Language
                  Model based Agents},
  journal      = {CoRR},
  volume       = {abs/2410.04360},
  year         = {2024},
  url          = {https://doi.org/10.48550/arXiv.2410.04360},
  doi          = {10.48550/ARXIV.2410.04360},
  eprinttype    = {arXiv},
  eprint       = {2410.04360},
  timestamp    = {Tue, 12 Nov 2024 18:39:22 +0100},
  biburl       = {https://dblp.org/rec/journals/corr/abs-2410-04360.bib},
  bibsource    = {dblp computer science bibliography, https://dblp.org}
}

@inproceedings{theory_of_mind_multiagent,
  author       = {Huao Li and
                  Yu Quan Chong and
                  Simon Stepputtis and
                  Joseph Campbell and
                  Dana T. Hughes and
                  Charles Lewis and
                  Katia P. Sycara},
  editor       = {Houda Bouamor and
                  Juan Pino and
                  Kalika Bali},
  title        = {Theory of Mind for Multi-Agent Collaboration via Large Language Models},
  booktitle    = {Proceedings of the 2023 Conference on Empirical Methods in Natural
                  Language Processing, {EMNLP} 2023, Singapore, December 6-10, 2023},
  pages        = {180--192},
  publisher    = {Association for Computational Linguistics},
  year         = {2023},
  url          = {https://doi.org/10.18653/v1/2023.emnlp-main.13},
  doi          = {10.18653/V1/2023.EMNLP-MAIN.13},
  timestamp    = {Fri, 12 Apr 2024 13:11:36 +0200},
  biburl       = {https://dblp.org/rec/conf/emnlp/LiCSCHLS23.bib},
  bibsource    = {dblp computer science bibliography, https://dblp.org}
}

