@inproceedings{arandjelovic2018objects,
  title={Objects that sound},
  author={Arandjelovic, Relja and Zisserman, Andrew},
  booktitle={Proceedings of the European conference on computer vision (ECCV)},
  pages={435--451},
  year={2018}
}

@inproceedings{chen2021localizing,
  title={Localizing visual sounds the hard way},
  author={Chen, Honglie and Xie, Weidi and Afouras, Triantafyllos and Nagrani, Arsha and Vedaldi, Andrea and Zisserman, Andrew},
  booktitle={Proceedings of the IEEE/CVF conference on computer vision and pattern recognition},
  pages={16867--16876},
  year={2021}
}

@inproceedings{chen2024cavp,
  title={Unraveling Instance Associations: A Closer Look for Audio-Visual Segmentation},
  author={Chen, Yuanhong and Liu, Yuyuan and Wang, Hu and Liu, Fengbei and Wang, Chong and Frazer, Helen and Carneiro, Gustavo},
  booktitle={Proceedings of the IEEE/CVF Conference on Computer Vision and Pattern Recognition},
  pages={26497--26507},
  year={2024}
}

@inproceedings{gao2024avsegformer,
  title={Avsegformer: Audio-visual segmentation with transformer},
  author={Gao, Shengyi and Chen, Zhe and Chen, Guo and Wang, Wenhai and Lu, Tong},
  booktitle={Proceedings of the AAAI Conference on Artificial Intelligence},
  volume={38},
  number={11},
  pages={12155--12163},
  year={2024}
}

@article{guo2024open,
  title={Open-Vocabulary Audio-Visual Semantic Segmentation},
  author={Guo, Ruohao and Qu, Liao and Niu, Dantong and Qi, Yanyu and Yue, Wenzhen and Shi, Ji and Xing, Bowei and Ying, Xianghua},
  journal={arXiv preprint arXiv:2407.21721},
  year={2024}
}

@inproceedings{he2024mlmseg,
  title={Multi-modal Instruction Tuned LLMs with Fine-grained Visual Perception},
  author={He, Junwen and Wang, Yifan and Wang, Lijun and Lu, Huchuan and He, Jun-Yan and Lan, Jin-Peng and Luo, Bin and Xie, Xuansong},
  booktitle={Proceedings of the IEEE/CVF Conference on Computer Vision and Pattern Recognition},
  pages={13980--13990},
  year={2024}
}

@article{hu2020discriminative,
  title={Discriminative sounding objects localization via self-supervised audiovisual matching},
  author={Hu, Di and Qian, Rui and Jiang, Minyue and Tan, Xiao and Wen, Shilei and Ding, Errui and Lin, Weiyao and Dou, Dejing},
  journal={Advances in Neural Information Processing Systems},
  volume={33},
  pages={10077--10087},
  year={2020}
}

@article{huang2023aqformer,
  title={Discovering sounding objects by audio queries for audio visual segmentation},
  author={Huang, Shaofei and Li, Han and Wang, Yuqing and Zhu, Hongji and Dai, Jiao and Han, Jizhong and Rong, Wenge and Liu, Si},
  journal={arXiv preprint arXiv:2309.09501},
  year={2023}
}

@article{juanola2024critical,
  title={A Critical Assessment of Visual Sound Source Localization Models Including Negative Audio},
  author={Juanola, Xavier and Haro, Gloria and Fuentes, Magdalena},
  journal={arXiv preprint arXiv:2410.01020},
  year={2024}
}

@inproceedings{li2023catr,
  title={Catr: Combinatorial-dependence audio-queried transformer for audio-visual video segmentation},
  author={Li, Kexin and Yang, Zongxin and Chen, Lei and Yang, Yi and Xiao, Jun},
  booktitle={Proceedings of the 31st ACM International Conference on Multimedia},
  pages={1485--1494},
  year={2023}
}

@inproceedings{li2024qdformer,
  title={QDFormer: Towards Robust Audiovisual Segmentation in Complex Environments with Quantization-based Semantic Decomposition},
  author={Li, Xiang and Wang, Jinglu and Xu, Xiaohao and Peng, Xiulian and Singh, Rita and Lu, Yan and Raj, Bhiksha},
  booktitle={Proceedings of the IEEE/CVF Conference on Computer Vision and Pattern Recognition},
  pages={3402--3413},
  year={2024}
}

@article{ling2023hear2seg,
  title={Hear to segment: Unmixing the audio to guide the semantic segmentation},
  author={Ling, Yuhang and Li, Yuxi and Gan, Zhenye and Zhang, Jiangning and Chi, Mingmin and Wang, Yabiao},
  journal={arXiv preprint arXiv:2305.07223},
  volume={3},
  number={7},
  year={2023}
}

@article{liu2023AuTR,
  title={Audio-aware query-enhanced transformer for audio-visual segmentation},
  author={Liu, Jinxiang and Ju, Chen and Ma, Chaofan and Wang, Yanfeng and Wang, Yu and Zhang, Ya},
  journal={arXiv preprint arXiv:2307.13236},
  year={2023}
}

@inproceedings{liu2024annofree,
  title={Annotation-free audio-visual segmentation},
  author={Liu, Jinxiang and Wang, Yu and Ju, Chen and Ma, Chaofan and Zhang, Ya and Xie, Weidi},
  booktitle={Proceedings of the IEEE/CVF Winter Conference on Applications of Computer Vision},
  pages={5604--5614},
  year={2024}
}

@article{ma2024stepping,
  title={Stepping stones: A progressive training strategy for audio-visual semantic segmentation},
  author={Ma, Juncheng and Sun, Peiwen and Wang, Yaoting and Hu, Di},
  journal={arXiv preprint arXiv:2407.11820},
  year={2024}
}

@inproceedings{mahmud2024t,
  title={T-vsl: Text-guided visual sound source localization in mixtures},
  author={Mahmud, Tanvir and Tian, Yapeng and Marculescu, Diana},
  booktitle={Proceedings of the IEEE/CVF Conference on Computer Vision and Pattern Recognition},
  pages={26742--26751},
  year={2024}
}

@article{mo2022closer,
  title={A closer look at weakly-supervised audio-visual source localization},
  author={Mo, Shentong and Morgado, Pedro},
  journal={Advances in Neural Information Processing Systems},
  volume={35},
  pages={37524--37536},
  year={2022}
}

@inproceedings{peng2022balanced,
  title={Balanced multimodal learning via on-the-fly gradient modulation},
  author={Peng, Xiaokang and Wei, Yake and Deng, Andong and Wang, Dong and Hu, Di},
  booktitle={Proceedings of the IEEE/CVF conference on computer vision and pattern recognition},
  pages={8238--8247},
  year={2022}
}

@inproceedings{qian2020multiple,
  title={Multiple sound sources localization from coarse to fine},
  author={Qian, Rui and Hu, Di and Dinkel, Heinrich and Wu, Mengyue and Xu, Ning and Lin, Weiyao},
  booktitle={Computer Vision--ECCV 2020: 16th European Conference, Glasgow, UK, August 23--28, 2020, Proceedings, Part XX 16},
  pages={292--308},
  year={2020},
  organization={Springer}
}

@inproceedings{senocak2018learning,
  title={Learning to localize sound source in visual scenes},
  author={Senocak, Arda and Oh, Tae-Hyun and Kim, Junsik and Yang, Ming-Hsuan and Kweon, In So},
  booktitle={Proceedings of the IEEE Conference on Computer Vision and Pattern Recognition},
  pages={4358--4366},
  year={2018}
}

@article{sun2024biasinAVS,
  title={Unveiling and Mitigating Bias in Audio Visual Segmentation},
  author={Sun, Peiwen and Zhang, Honggang and Hu, Di},
  journal={arXiv preprint arXiv:2407.16638},
  year={2024}
}

@inproceedings{tian2020unified,
  title={Unified multisensory perception: Weakly-supervised audio-visual video parsing},
  author={Tian, Yapeng and Li, Dingzeyu and Xu, Chenliang},
  booktitle={Computer Vision--ECCV 2020: 16th European Conference, Glasgow, UK, August 23--28, 2020, Proceedings, Part III 16},
  pages={436--454},
  year={2020},
  organization={Springer}
}

@inproceedings{wang2020mmlhard,
  title={What makes training multi-modal classification networks hard?},
  author={Wang, Weiyao and Tran, Du and Feiszli, Matt},
  booktitle={Proceedings of the IEEE/CVF conference on computer vision and pattern recognition},
  pages={12695--12705},
  year={2020}
}

@inproceedings{wang2024GAVS,
  title={Prompting segmentation with sound is generalizable audio-visual source localizer},
  author={Wang, Yaoting and Liu, Weisong and Li, Guangyao and Ding, Jian and Hu, Di and Li, Xi},
  booktitle={Proceedings of the AAAI Conference on Artificial Intelligence},
  volume={38},
  number={6},
  pages={5669--5677},
  year={2024}
}

@article{wang2024can,
  title={Can Textual Semantics Mitigate Sounding Object Segmentation Preference?},
  author={Wang, Yaoting and Sun, Peiwen and Li, Yuanchao and Zhang, Honggang and Hu, Di},
  journal={arXiv preprint arXiv:2407.10947},
  year={2024}
}

@article{wang2024ref,
  title={Ref-avs: Refer and segment objects in audio-visual scenes},
  author={Wang, Yaoting and Sun, Peiwen and Zhou, Dongzhan and Li, Guangyao and Zhang, Honggang and Hu, Di},
  journal={arXiv preprint arXiv:2407.10957},
  year={2024}
}

@article{wei2024mmpareto,
  title={MMPareto: Boosting Multimodal Learning with Innocent Unimodal Assistance},
  author={Wei, Yake and Hu, Di},
  journal={arXiv preprint arXiv:2405.17730},
  year={2024}
}

@inproceedings{yang2024combo,
  title={Cooperation Does Matter: Exploring Multi-Order Bilateral Relations for Audio-Visual Segmentation},
  author={Yang, Qi and Nie, Xing and Li, Tong and Gao, Pengfei and Guo, Ying and Zhen, Cheng and Yan, Pengfei and Xiang, Shiming},
  booktitle={Proceedings of the IEEE/CVF Conference on Computer Vision and Pattern Recognition},
  pages={27134--27143},
  year={2024}
}

@inproceedings{zhou2022audio,
  title={Audio--visual segmentation},
  author={Zhou, Jinxing and Wang, Jianyuan and Zhang, Jiayi and Sun, Weixuan and Zhang, Jing and Birchfield, Stan and Guo, Dan and Kong, Lingpeng and Wang, Meng and Zhong, Yiran},
  booktitle={European Conference on Computer Vision},
  pages={386--403},
  year={2022},
  organization={Springer}
}

