@String(PAMI = {IEEE Trans. Pattern Anal. Mach. Intell.})
@String(IJCV = {Int. J. Comput. Vis.})
@String(CVPR= {IEEE Conf. Comput. Vis. Pattern Recog.})
@String(ICCV= {Int. Conf. Comput. Vis.})
@String(ECCV= {Eur. Conf. Comput. Vis.})
@String(NIPS= {Adv. Neural Inform. Process. Syst.})
@String(ICPR = {Int. Conf. Pattern Recog.})
@String(BMVC= {Brit. Mach. Vis. Conf.})
@String(TOG= {ACM Trans. Graph.})
@String(TIP  = {IEEE Trans. Image Process.})
@String(TVCG  = {IEEE Trans. Vis. Comput. Graph.})
@String(TMM  = {IEEE Trans. Multimedia})
@String(ACMMM= {ACM Int. Conf. Multimedia})
@String(ICME = {Int. Conf. Multimedia and Expo})
@String(ICASSP=	{ICASSP})
@String(ICIP = {IEEE Int. Conf. Image Process.})
@String(ACCV  = {ACCV})
@String(ICLR = {Int. Conf. Learn. Represent.})
@String(IJCAI = {IJCAI})
@String(PR   = {Pattern Recognition})
@String(AAAI = {AAAI})
@String(CVPRW= {IEEE Conf. Comput. Vis. Pattern Recog. Worksh.})
@String(CSVT = {IEEE Trans. Circuit Syst. Video Technol.})

@String(SPL	= {IEEE Sign. Process. Letters})
@String(VR   = {Vis. Res.})
@String(JOV	 = {J. Vis.})
@String(TVC  = {The Vis. Comput.})
@String(JCST  = {J. Comput. Sci. Tech.})
@String(CGF  = {Comput. Graph. Forum})
@String(CVM = {Computational Visual Media})


@String(PAMI  = {IEEE TPAMI})
@String(IJCV  = {IJCV})
@String(CVPR  = {CVPR})
@String(ICCV  = {ICCV})
@String(ECCV  = {ECCV})
@String(NIPS  = {NeurIPS})
@String(ICPR  = {ICPR})
@String(BMVC  =	{BMVC})
@String(TOG   = {ACM TOG})
@String(TIP   = {IEEE TIP})
@String(TVCG  = {IEEE TVCG})
@String(TCSVT = {IEEE TCSVT})
@String(TMM   =	{IEEE TMM})
@String(ACMMM = {ACM MM})
@String(ICME  =	{ICME})
@String(ICASSP=	{ICASSP})
@String(ICIP  = {ICIP})
@String(ACCV  = {ACCV})
@String(ICLR  = {ICLR})
@String(IJCAI = {IJCAI})
@String(PR = {PR})
@String(AAAI = {AAAI})
@String(CVPRW= {CVPRW})
@String(CSVT = {IEEE TCSVT})

@article{chen2017aspp,
  title={Deeplab: Semantic image segmentation with deep convolutional nets, atrous convolution, and fully connected crfs},
  author={Chen, Liang-Chieh and Papandreou, George and Kokkinos, Iasonas and Murphy, Kevin and Yuille, Alan L},
  journal={IEEE transactions on pattern analysis and machine intelligence},
  volume={40},
  number={4},
  pages={834--848},
  year={2017},
  publisher={IEEE}
}


@inproceedings{tian2020unified,
  title={Unified multisensory perception: Weakly-supervised audio-visual video parsing},
  author={Tian, Yapeng and Li, Dingzeyu and Xu, Chenliang},
  booktitle={Computer Vision--ECCV 2020: 16th European Conference, Glasgow, UK, August 23--28, 2020, Proceedings, Part III 16},
  pages={436--454},
  year={2020},
  organization={Springer}
}


@inproceedings{senocak2018learning,
  title={Learning to localize sound source in visual scenes},
  author={Senocak, Arda and Oh, Tae-Hyun and Kim, Junsik and Yang, Ming-Hsuan and Kweon, In So},
  booktitle={Proceedings of the IEEE Conference on Computer Vision and Pattern Recognition},
  pages={4358--4366},
  year={2018}
}

@inproceedings{mahmud2024t,
  title={T-vsl: Text-guided visual sound source localization in mixtures},
  author={Mahmud, Tanvir and Tian, Yapeng and Marculescu, Diana},
  booktitle={Proceedings of the IEEE/CVF Conference on Computer Vision and Pattern Recognition},
  pages={26742--26751},
  year={2024}
}

@article{mo2023av,
  title={Av-sam: Segment anything model meets audio-visual localization and segmentation},
  author={Mo, Shentong and Tian, Yapeng},
  journal={arXiv preprint arXiv:2305.01836},
  year={2023}
}

@inproceedings{chen2021localizing,
  title={Localizing visual sounds the hard way},
  author={Chen, Honglie and Xie, Weidi and Afouras, Triantafyllos and Nagrani, Arsha and Vedaldi, Andrea and Zisserman, Andrew},
  booktitle={Proceedings of the IEEE/CVF conference on computer vision and pattern recognition},
  pages={16867--16876},
  year={2021}
}

@article{hu2020discriminative,
  title={Discriminative sounding objects localization via self-supervised audiovisual matching},
  author={Hu, Di and Qian, Rui and Jiang, Minyue and Tan, Xiao and Wen, Shilei and Ding, Errui and Lin, Weiyao and Dou, Dejing},
  journal={Advances in Neural Information Processing Systems},
  volume={33},
  pages={10077--10087},
  year={2020}
}

@inproceedings{qian2020multiple,
  title={Multiple sound sources localization from coarse to fine},
  author={Qian, Rui and Hu, Di and Dinkel, Heinrich and Wu, Mengyue and Xu, Ning and Lin, Weiyao},
  booktitle={Computer Vision--ECCV 2020: 16th European Conference, Glasgow, UK, August 23--28, 2020, Proceedings, Part XX 16},
  pages={292--308},
  year={2020},
  organization={Springer}
}

@inproceedings{arandjelovic2017look,
  title={Look, listen and learn},
  author={Arandjelovic, Relja and Zisserman, Andrew},
  booktitle={Proceedings of the IEEE international conference on computer vision},
  pages={609--617},
  year={2017}
}

@inproceedings{arandjelovic2018objects,
  title={Objects that sound},
  author={Arandjelovic, Relja and Zisserman, Andrew},
  booktitle={Proceedings of the European conference on computer vision (ECCV)},
  pages={435--451},
  year={2018}
}

@inproceedings{hu2022mix,
  title={Mix and localize: Localizing sound sources in mixtures},
  author={Hu, Xixi and Chen, Ziyang and Owens, Andrew},
  booktitle={Proceedings of the IEEE/CVF Conference on Computer Vision and Pattern Recognition},
  pages={10483--10492},
  year={2022}
}

@article{yang2024analyzing,
  title={Analyzing audiovisual data for understanding user's emotion in human- computer interaction environment},
  author={Yang, Juan and Li, Zhenkun and Du, Xu},
  journal={Data Technologies and Applications},
  volume={58},
  number={2},
  pages={318--343},
  year={2024},
  publisher={Emerald Publishing Limited}
}

@article{mo2024multi,
  title={Multi-scale Multi-instance Visual Sound Localization and Segmentation},
  author={Mo, Shentong and Wang, Haofan},
  journal={arXiv preprint arXiv:2409.00486},
  year={2024}
}

@inproceedings{johansen2022characterising,
  title={Characterising soundscape research in human-computer interaction},
  author={Johansen, Stine S and Van Berkel, Niels and Fritsch, Jonas},
  booktitle={Proceedings of the 2022 ACM Designing Interactive Systems Conference},
  pages={1394--1417},
  year={2022}
}

@article{lv2022deep,
  title={Deep learning for intelligent human--computer interaction},
  author={Lv, Zhihan and Poiesi, Fabio and Dong, Qi and Lloret, Jaime and Song, Houbing},
  journal={Applied Sciences},
  volume={12},
  number={22},
  pages={11457},
  year={2022},
  publisher={MDPI}
}

@article{fu2021design,
  title={Design of intelligent human-computer interaction system for hard of hearing and non-disabled people},
  author={Fu, Qiang and Fu, Jiajun and Zhang, Songyuan and Li, Xun and Guo, Jian and Guo, Shuxiang},
  journal={IEEE Sensors Journal},
  volume={21},
  number={20},
  pages={23471--23479},
  year={2021},
  publisher={IEEE}
}

@article{schmidt2020acoustic,
  title={Acoustic self-awareness of autonomous systems in a world of sounds},
  author={Schmidt, Alexander and L{\"o}llmann, Heinrich W and Kellermann, Walter},
  journal={Proceedings of the IEEE},
  volume={108},
  number={7},
  pages={1127--1149},
  year={2020},
  publisher={IEEE}
}

@article{dutt2020self,
  title={Self-awareness for autonomous systems},
  author={Dutt, Nikil and Regazzoni, Carlo S and Rinner, Bernhard and Yao, Xin},
  journal={Proceedings of the IEEE},
  volume={108},
  number={7},
  pages={971--975},
  year={2020},
  publisher={IEEE}
}

@inproceedings{kirillov2023sam,
  title={Segment anything},
  author={Kirillov, Alexander and Mintun, Eric and Ravi, Nikhila and Mao, Hanzi and Rolland, Chloe and Gustafson, Laura and Xiao, Tete and Whitehead, Spencer and Berg, Alexander C and Lo, Wan-Yen and others},
  booktitle={Proceedings of the IEEE/CVF International Conference on Computer Vision},
  pages={4015--4026},
  year={2023}
}

@article{topcu2020assured,
  title={Assured autonomy: Path toward living with autonomous systems we can trust},
  author={Topcu, Ufuk and Bliss, Nadya and Cooke, Nancy and Cummings, Missy and Llorens, Ashley and Shrobe, Howard and Zuck, Lenore},
  journal={arXiv preprint arXiv:2010.14443},
  year={2020}
}

@article{wang2024audiobench,
  title={Audiobench: A universal benchmark for audio large language models},
  author={Wang, Bin and Zou, Xunlong and Lin, Geyu and Sun, Shuo and Liu, Zhuohan and Zhang, Wenyu and Liu, Zhengyuan and Aw, AiTi and Chen, Nancy F},
  journal={arXiv preprint arXiv:2406.16020},
  year={2024}
}

@article{mo2022closer,
  title={A closer look at weakly-supervised audio-visual source localization},
  author={Mo, Shentong and Morgado, Pedro},
  journal={Advances in Neural Information Processing Systems},
  volume={35},
  pages={37524--37536},
  year={2022}
}

@inproceedings{cheng2022mask2former,
  title={Masked-attention mask transformer for universal image segmentation},
  author={Cheng, Bowen and Misra, Ishan and Schwing, Alexander G and Kirillov, Alexander and Girdhar, Rohit},
  booktitle={Proceedings of the IEEE/CVF conference on computer vision and pattern recognition},
  pages={1290--1299},
  year={2022}
}


% >>>>>>>>>>>>>>>>>>>>>>>>>>>>>>> AVS >>>>>>>>>>>>>>>>>>>>>>>>>>>>>>>>>>
@inproceedings{zhou2022audio,
  title={Audio--visual segmentation},
  author={Zhou, Jinxing and Wang, Jianyuan and Zhang, Jiayi and Sun, Weixuan and Zhang, Jing and Birchfield, Stan and Guo, Dan and Kong, Lingpeng and Wang, Meng and Zhong, Yiran},
  booktitle={European Conference on Computer Vision},
  pages={386--403},
  year={2022},
  organization={Springer}
}

@inproceedings{gao2024avsegformer,
  title={Avsegformer: Audio-visual segmentation with transformer},
  author={Gao, Shengyi and Chen, Zhe and Chen, Guo and Wang, Wenhai and Lu, Tong},
  booktitle={Proceedings of the AAAI Conference on Artificial Intelligence},
  volume={38},
  number={11},
  pages={12155--12163},
  year={2024}
}

@inproceedings{li2023catr,
  title={Catr: Combinatorial-dependence audio-queried transformer for audio-visual video segmentation},
  author={Li, Kexin and Yang, Zongxin and Chen, Lei and Yang, Yi and Xiao, Jun},
  booktitle={Proceedings of the 31st ACM International Conference on Multimedia},
  pages={1485--1494},
  year={2023}
}

@inproceedings{wang2024GAVS,
  title={Prompting segmentation with sound is generalizable audio-visual source localizer},
  author={Wang, Yaoting and Liu, Weisong and Li, Guangyao and Ding, Jian and Hu, Di and Li, Xi},
  booktitle={Proceedings of the AAAI Conference on Artificial Intelligence},
  volume={38},
  number={6},
  pages={5669--5677},
  year={2024}
}

@article{guo2024open,
  title={Open-Vocabulary Audio-Visual Semantic Segmentation},
  author={Guo, Ruohao and Qu, Liao and Niu, Dantong and Qi, Yanyu and Yue, Wenzhen and Shi, Ji and Xing, Bowei and Ying, Xianghua},
  journal={arXiv preprint arXiv:2407.21721},
  year={2024}
}

@article{sun2024biasinAVS,
  title={Unveiling and Mitigating Bias in Audio Visual Segmentation},
  author={Sun, Peiwen and Zhang, Honggang and Hu, Di},
  journal={arXiv preprint arXiv:2407.16638},
  year={2024}
}

@inproceedings{chen2024cavp,
  title={Unraveling Instance Associations: A Closer Look for Audio-Visual Segmentation},
  author={Chen, Yuanhong and Liu, Yuyuan and Wang, Hu and Liu, Fengbei and Wang, Chong and Frazer, Helen and Carneiro, Gustavo},
  booktitle={Proceedings of the IEEE/CVF Conference on Computer Vision and Pattern Recognition},
  pages={26497--26507},
  year={2024}
}

@inproceedings{li2024qdformer,
  title={QDFormer: Towards Robust Audiovisual Segmentation in Complex Environments with Quantization-based Semantic Decomposition},
  author={Li, Xiang and Wang, Jinglu and Xu, Xiaohao and Peng, Xiulian and Singh, Rita and Lu, Yan and Raj, Bhiksha},
  booktitle={Proceedings of the IEEE/CVF Conference on Computer Vision and Pattern Recognition},
  pages={3402--3413},
  year={2024}
}

@article{ma2024stepping,
  title={Stepping stones: A progressive training strategy for audio-visual semantic segmentation},
  author={Ma, Juncheng and Sun, Peiwen and Wang, Yaoting and Hu, Di},
  journal={arXiv preprint arXiv:2407.11820},
  year={2024}
}

@inproceedings{liu2024annofree,
  title={Annotation-free audio-visual segmentation},
  author={Liu, Jinxiang and Wang, Yu and Ju, Chen and Ma, Chaofan and Zhang, Ya and Xie, Weidi},
  booktitle={Proceedings of the IEEE/CVF Winter Conference on Applications of Computer Vision},
  pages={5604--5614},
  year={2024}
}

@inproceedings{yang2024combo,
  title={Cooperation Does Matter: Exploring Multi-Order Bilateral Relations for Audio-Visual Segmentation},
  author={Yang, Qi and Nie, Xing and Li, Tong and Gao, Pengfei and Guo, Ying and Zhen, Cheng and Yan, Pengfei and Xiang, Shiming},
  booktitle={Proceedings of the IEEE/CVF Conference on Computer Vision and Pattern Recognition},
  pages={27134--27143},
  year={2024}
}

@article{huang2023aqformer,
  title={Discovering sounding objects by audio queries for audio visual segmentation},
  author={Huang, Shaofei and Li, Han and Wang, Yuqing and Zhu, Hongji and Dai, Jiao and Han, Jizhong and Rong, Wenge and Liu, Si},
  journal={arXiv preprint arXiv:2309.09501},
  year={2023}
}

@article{ling2023hear2seg,
  title={Hear to segment: Unmixing the audio to guide the semantic segmentation},
  author={Ling, Yuhang and Li, Yuxi and Gan, Zhenye and Zhang, Jiangning and Chi, Mingmin and Wang, Yabiao},
  journal={arXiv preprint arXiv:2305.07223},
  volume={3},
  number={7},
  year={2023}
}

@article{liu2023AuTR,
  title={Audio-aware query-enhanced transformer for audio-visual segmentation},
  author={Liu, Jinxiang and Ju, Chen and Ma, Chaofan and Wang, Yanfeng and Wang, Yu and Zhang, Ya},
  journal={arXiv preprint arXiv:2307.13236},
  year={2023}
}

@article{wang2024can,
  title={Can Textual Semantics Mitigate Sounding Object Segmentation Preference?},
  author={Wang, Yaoting and Sun, Peiwen and Li, Yuanchao and Zhang, Honggang and Hu, Di},
  journal={arXiv preprint arXiv:2407.10947},
  year={2024}
}

@inproceedings{he2024mlmseg,
  title={Multi-modal Instruction Tuned LLMs with Fine-grained Visual Perception},
  author={He, Junwen and Wang, Yifan and Wang, Lijun and Lu, Huchuan and He, Jun-Yan and Lan, Jin-Peng and Luo, Bin and Xie, Xuansong},
  booktitle={Proceedings of the IEEE/CVF Conference on Computer Vision and Pattern Recognition},
  pages={13980--13990},
  year={2024}
}

@article{wang2024ref,
  title={Ref-avs: Refer and segment objects in audio-visual scenes},
  author={Wang, Yaoting and Sun, Peiwen and Zhou, Dongzhan and Li, Guangyao and Zhang, Honggang and Hu, Di},
  journal={arXiv preprint arXiv:2407.10957},
  year={2024}
}


% >>>>>>>>>>>>>>>>>>>>>>>>>>>>>>>>>>>>>>>>>>>>>>>>>>>>>>>>



@article{wang2022pvt,
  title={Pvt v2: Improved baselines with pyramid vision transformer},
  author={Wang, Wenhai and Xie, Enze and Li, Xiang and Fan, Deng-Ping and Song, Kaitao and Liang, Ding and Lu, Tong and Luo, Ping and Shao, Ling},
  journal={Computational Visual Media},
  volume={8},
  number={3},
  pages={415--424},
  year={2022},
  publisher={Springer}
}

@inproceedings{kirillov2019panoptic,
  title={Panoptic feature pyramid networks},
  author={Kirillov, Alexander and Girshick, Ross and He, Kaiming and Doll{\'a}r, Piotr},
  booktitle={Proceedings of the IEEE/CVF conference on computer vision and pattern recognition},
  pages={6399--6408},
  year={2019}
}

@article{russakovsky2015imagenet,
  title={Imagenet large scale visual recognition challenge},
  author={Russakovsky, Olga and Deng, Jia and Su, Hao and Krause, Jonathan and Satheesh, Sanjeev and Ma, Sean and Huang, Zhiheng and Karpathy, Andrej and Khosla, Aditya and Bernstein, Michael and others},
  journal={International journal of computer vision},
  volume={115},
  pages={211--252},
  year={2015},
  publisher={Springer}
}

@inproceedings{gemmeke2017audioset,
  title={Audio set: An ontology and human-labeled dataset for audio events},
  author={Gemmeke, Jort F and Ellis, Daniel PW and Freedman, Dylan and Jansen, Aren and Lawrence, Wade and Moore, R Channing and Plakal, Manoj and Ritter, Marvin},
  booktitle={2017 IEEE international conference on acoustics, speech and signal processing (ICASSP)},
  pages={776--780},
  year={2017},
  organization={IEEE}
}

@inproceedings{hershey2017vggish,
  title={CNN architectures for large-scale audio classification},
  author={Hershey, Shawn and Chaudhuri, Sourish and Ellis, Daniel PW and Gemmeke, Jort F and Jansen, Aren and Moore, R Channing and Plakal, Manoj and Platt, Devin and Saurous, Rif A and Seybold, Bryan and others},
  booktitle={2017 ieee international conference on acoustics, speech and signal processing (icassp)},
  pages={131--135},
  year={2017},
  organization={IEEE}
}

@inproceedings{wang2020mmlhard,
  title={What makes training multi-modal classification networks hard?},
  author={Wang, Weiyao and Tran, Du and Feiszli, Matt},
  booktitle={Proceedings of the IEEE/CVF conference on computer vision and pattern recognition},
  pages={12695--12705},
  year={2020}
}


@inproceedings{peng2022balanced,
  title={Balanced multimodal learning via on-the-fly gradient modulation},
  author={Peng, Xiaokang and Wei, Yake and Deng, Andong and Wang, Dong and Hu, Di},
  booktitle={Proceedings of the IEEE/CVF conference on computer vision and pattern recognition},
  pages={8238--8247},
  year={2022}
}


@article{wei2024mmpareto,
  title={MMPareto: Boosting Multimodal Learning with Innocent Unimodal Assistance},
  author={Wei, Yake and Hu, Di},
  journal={arXiv preprint arXiv:2405.17730},
  year={2024}
}

@inproceedings{pian2023avcl,
  title={Audio-visual class-incremental learning},
  author={Pian, Weiguo and Mo, Shentong and Guo, Yunhui and Tian, Yapeng},
  booktitle={Proceedings of the IEEE/CVF International Conference on Computer Vision},
  pages={7799--7811},
  year={2023}
}

@article{korbar2018cooperative,
  title={Cooperative learning of audio and video models from self-supervised synchronization},
  author={Korbar, Bruno and Tran, Du and Torresani, Lorenzo},
  journal={Advances in Neural Information Processing Systems},
  volume={31},
  year={2018}
}

@article{morgado2020learning,
  title={Learning representations from audio-visual spatial alignment},
  author={Morgado, Pedro and Li, Yi and Nvasconcelos, Nuno},
  journal={Advances in Neural Information Processing Systems},
  volume={33},
  pages={4733--4744},
  year={2020}
}

@inproceedings{morgado2021audio,
  title={Audio-visual instance discrimination with cross-modal agreement},
  author={Morgado, Pedro and Vasconcelos, Nuno and Misra, Ishan},
  booktitle={Proceedings of the IEEE/CVF conference on computer vision and pattern recognition},
  pages={12475--12486},
  year={2021}
}

@article{gong2022contrastive,
  title={Contrastive audio-visual masked autoencoder},
  author={Gong, Yuan and Rouditchenko, Andrew and Liu, Alexander H and Harwath, David and Karlinsky, Leonid and Kuehne, Hilde and Glass, James},
  journal={arXiv preprint arXiv:2210.07839},
  year={2022}
}

@inproceedings{li2022learning,
  title={Learning to answer questions in dynamic audio-visual scenarios},
  author={Li, Guangyao and Wei, Yake and Tian, Yapeng and Xu, Chenliang and Wen, Ji-Rong and Hu, Di},
  booktitle={Proceedings of the IEEE/CVF Conference on Computer Vision and Pattern Recognition},
  pages={19108--19118},
  year={2022}
}

@inproceedings{yun2021grounded,
  title={Grounded audio-visual question answering on 360 videos},
  author={Yun, H and Yu, Y and Yang, W and Lee, K and Kim, G Pano-AVQA},
  booktitle={Proceedings of},
  year={2021}
}


@inproceedings{liu2024tackling,
  title={Tackling data bias in music-avqa: Crafting a balanced dataset for unbiased question-answering},
  author={Liu, Xiulong and Dong, Zhikang and Zhang, Peng},
  booktitle={Proceedings of the IEEE/CVF Winter Conference on Applications of Computer Vision},
  pages={4478--4487},
  year={2024}
}

@inproceedings{yang2022avqa,
  title={Avqa: A dataset for audio-visual question answering on videos},
  author={Yang, Pinci and Wang, Xin and Duan, Xuguang and Chen, Hong and Hou, Runze and Jin, Cong and Zhu, Wenwu},
  booktitle={Proceedings of the 30th ACM international conference on multimedia},
  pages={3480--3491},
  year={2022}
}


@article{ma2024look,
  title={Look, Listen, and Answer: Overcoming Biases for Audio-Visual Question Answering},
  author={Ma, Jie and Hu, Min and Wang, Pinghui and Sun, Wangchun and Song, Lingyun and Pei, Hongbin and Liu, Jun and Du, Youtian},
  journal={arXiv preprint arXiv:2404.12020},
  year={2024}
}

@article{park2024assessing,
  title={Assessing Modality Bias in Video Question Answering Benchmarks with Multimodal Large Language Models},
  author={Park, Jean and Jang, Kuk Jin and Alasaly, Basam and Mopidevi, Sriharsha and Zolensky, Andrew and Eaton, Eric and Lee, Insup and Johnson, Kevin},
  journal={arXiv preprint arXiv:2408.12763},
  year={2024}
}


@inproceedings{dai2024study,
  title={A Study of Dropout-Induced Modality Bias on Robustness to Missing Video Frames for Audio-Visual Speech Recognition},
  author={Dai, Yusheng and Chen, Hang and Du, Jun and Wang, Ruoyu and Chen, Shihao and Wang, Haotian and Lee, Chin-Hui},
  booktitle={Proceedings of the IEEE/CVF Conference on Computer Vision and Pattern Recognition},
  pages={27445--27455},
  year={2024}
}

@inproceedings{fu2024boosting,
  title={Boosting Speech Recognition Robustness to Modality-Distortion with Contrast-Augmented Prompts},
  author={Fu, Dongjie and Cheng, Xize and Yang, Xiaoda and Hanting, Wang and Zhao, Zhou and Jin, Tao},
  booktitle={Proceedings of the 32nd ACM International Conference on Multimedia},
  pages={3838--3847},
  year={2024}
}

@article{hussain2024audio,
  title={Audio-Visual Speech Enhancement in Noisy Environments via Emotion-Based Contextual Cues},
  author={Hussain, Tassadaq and Dashtipour, Kia and Tsao, Yu and Hussain, Amir},
  journal={arXiv preprint arXiv:2402.16394},
  year={2024}
}

@article{zhu2024learning,
  title={Learning incremental audio--visual representation for continual multimodal understanding},
  author={Zhu, Boqing and Wang, Changjian and Xu, Kele and Feng, Dawei and Zhou, Zemin and Zhu, Xiaoqian},
  journal={Knowledge-Based Systems},
  volume={304},
  pages={112513},
  year={2024},
  publisher={Elsevier}
}

@article{han2024noise,
  title={Noise-tolerant learning for audio-visual action recognition},
  author={Han, Haochen and Zheng, Qinghua and Luo, Minnan and Miao, Kaiyao and Tian, Feng and Chen, Yan},
  journal={IEEE Transactions on Multimedia},
  year={2024},
  publisher={IEEE}
}

@article{small2005odor,
  title={Odor/taste integration and the perception of flavor},
  author={Small, Dana M and Prescott, John},
  journal={Experimental brain research},
  volume={166},
  pages={345--357},
  year={2005},
  publisher={Springer}
}

@inproceedings{chen2020vggsound,
  title={Vggsound: A large-scale audio-visual dataset},
  author={Chen, Honglie and Xie, Weidi and Vedaldi, Andrea and Zisserman, Andrew},
  booktitle={ICASSP 2020-2020 IEEE International Conference on Acoustics, Speech and Signal Processing (ICASSP)},
  pages={721--725},
  year={2020},
  organization={IEEE}
}

@article{chen2022comprehensive,
  title={A comprehensive survey on video saliency detection with auditory information: the audio-visual consistency perceptual is the key!},
  author={Chen, Chenglizhao and Song, Mengke and Song, Wenfeng and Guo, Li and Jian, Muwei},
  journal={IEEE Transactions on Circuits and Systems for Video Technology},
  volume={33},
  number={2},
  pages={457--477},
  year={2022},
  publisher={IEEE}
}

@inproceedings{chakraborty2023multimodal,
  title={Multimodal Synchronization in Musical Ensembles: Investigating Audio and Visual Cues},
  author={Chakraborty, Sutirtha and Timoney, Joseph},
  booktitle={Companion Publication of the 25th International Conference on Multimodal Interaction},
  pages={76--80},
  year={2023}
}

@article{kingma2014adam,
  title={Adam: A method for stochastic optimization},
  author={Kingma, Diederik P},
  journal={arXiv preprint arXiv:1412.6980},
  year={2014}
}

@article{loshchilov2017adamw,
  title={Decoupled weight decay regularization},
  author={Loshchilov, I},
  journal={arXiv preprint arXiv:1711.05101},
  year={2017}
}

@article{zhou2024avss,
  title={Audio-visual segmentation with semantics},
  author={Zhou, Jinxing and Shen, Xuyang and Wang, Jianyuan and Zhang, Jiayi and Sun, Weixuan and Zhang, Jing and Birchfield, Stan and Guo, Dan and Kong, Lingpeng and Wang, Meng and others},
  journal={International Journal of Computer Vision},
  pages={1--21},
  year={2024},
  publisher={Springer}
}

@article{juanola2024critical,
  title={A Critical Assessment of Visual Sound Source Localization Models Including Negative Audio},
  author={Juanola, Xavier and Haro, Gloria and Fuentes, Magdalena},
  journal={arXiv preprint arXiv:2410.01020},
  year={2024}
}