@inproceedings{
polo2024efficient,
title={Efficient multi-prompt evaluation of {LLM}s},
author={Felipe Maia Polo and Ronald Xu and Lucas Weber and M{\'\i}rian Silva and Onkar Bhardwaj and Leshem Choshen and Allysson Flavio Melo de Oliveira and Yuekai Sun and Mikhail Yurochkin},
booktitle={The Thirty-eighth Annual Conference on Neural Information Processing Systems},
year={2024},
url={https://openreview.net/forum?id=jzkpwcj200}
}

@misc{perlitz2024efficientbenchmarkinglanguagemodels,
      title={Efficient Benchmarking of Language Models}, 
      author={Yotam Perlitz and Elron Bandel and Ariel Gera and Ofir Arviv and Liat Ein-Dor and Eyal Shnarch and Noam Slonim and Michal Shmueli-Scheuer and Leshem Choshen},
      year={2024},
      eprint={2308.11696},
      archivePrefix={arXiv},
      primaryClass={cs.CL},
      url={https://arxiv.org/abs/2308.11696}, 
}

@article{PearsonVIINO,
  title={VII. Note on regression and inheritance in the case of two parents},
  author={Karl Pearson},
  journal={Proceedings of the Royal Society of London},
  volume={58},
  pages={240 - 242},
  url={https://api.semanticscholar.org/CorpusID:121644161}
}

@misc{perlitz2024llmbenchmarksagreefixing,
    title={Do These {LLM} Benchmarks Agree? Fixing Benchmark Evaluation with {B}ench{B}ench}, 
    author={Yotam Perlitz and Ariel Gera and Ofir Arviv and Asaf Yehudai and Elron Bandel and Eyal Shnarch and Michal Shmueli-Scheuer and Leshem Choshen},
    year={2024},
    eprint={2407.13696},
    archivePrefix={arXiv},
    primaryClass={cs.CL},
    url={https://arxiv.org/abs/2407.13696}, 
}

@misc{liang2023holisticevaluationlanguagemodels,
      title={Holistic Evaluation of Language Models}, 
      author={Percy Liang and Rishi Bommasani and Tony Lee and Dimitris Tsipras and Dilara Soylu and Michihiro Yasunaga and Yian Zhang and Deepak Narayanan and Yuhuai Wu and Ananya Kumar and Benjamin Newman and Binhang Yuan and Bobby Yan and Ce Zhang and Christian Cosgrove and Christopher D. Manning and Christopher Ré and Diana Acosta-Navas and Drew A. Hudson and Eric Zelikman and Esin Durmus and Faisal Ladhak and Frieda Rong and Hongyu Ren and Huaxiu Yao and Jue Wang and Keshav Santhanam and Laurel Orr and Lucia Zheng and Mert Yuksekgonul and Mirac Suzgun and Nathan Kim and Neel Guha and Niladri Chatterji and Omar Khattab and Peter Henderson and Qian Huang and Ryan Chi and Sang Michael Xie and Shibani Santurkar and Surya Ganguli and Tatsunori Hashimoto and Thomas Icard and Tianyi Zhang and Vishrav Chaudhary and William Wang and Xuechen Li and Yifan Mai and Yuhui Zhang and Yuta Koreeda},
      year={2023},
      eprint={2211.09110},
      archivePrefix={arXiv},
      primaryClass={cs.CL},
      url={https://arxiv.org/abs/2211.09110}, 
}

@inproceedings{perlitz2024efficient,
  title={Efficient Benchmarking (of Language Models)},
  author={Perlitz, Yotam and Bandel, Elron and Gera, Ariel and Arviv, Ofir and Dor, Liat Ein and Shnarch, Eyal and Slonim, Noam and Shmueli-Scheuer, Michal and Choshen, Leshem},
  booktitle={Proceedings of the 2024 Conference of the North American Chapter of the Association for Computational Linguistics: Human Language Technologies (Volume 1: Long Papers)},
  url={https://aclanthology.org/2024.naacl-long.139/},
  pages={2519--2536},
  year={2024}
}
@article{mizrahi2024state,
  title={State of what art? a call for multi-prompt {LLM} evaluation},
  author={Mizrahi, Moran and Kaplan, Guy and Malkin, Dan and Dror, Rotem and Shahaf, Dafna and Stanovsky, Gabriel},
  journal={Transactions of the Association for Computational Linguistics},
  volume={12},
  pages={933--949},
  url={https://doi.org/10.1162/tacl_a_00681},
  year={2024},
  publisher={MIT Press 255 Main Street, 9th Floor, Cambridge, Massachusetts 02142, USA~…}
}
@misc{tu2024dicedetectingindistributioncontamination,
      title={{DICE}: Detecting In-distribution Contamination in {LLM}'s Fine-tuning Phase for Math Reasoning}, 
      author={Shangqing Tu and Kejian Zhu and Yushi Bai and Zijun Yao and Lei Hou and Juanzi Li},
      year={2024},
      eprint={2406.04197},
      archivePrefix={arXiv},
      primaryClass={cs.CL},
      url={https://arxiv.org/abs/2406.04197}, 
}
@misc{wu2024tablebenchcomprehensivecomplexbenchmark,
      title={TableBench: A Comprehensive and Complex Benchmark for Table Question Answering}, 
      author={Xianjie Wu and Jian Yang and Linzheng Chai and Ge Zhang and Jiaheng Liu and Xinrun Du and Di Liang and Daixin Shu and Xianfu Cheng and Tianzhen Sun and Guanglin Niu and Tongliang Li and Zhoujun Li},
      year={2024},
      eprint={2408.09174},
      archivePrefix={arXiv},
      primaryClass={cs.CL},
      url={https://arxiv.org/abs/2408.09174}, 
}

@article{kendall1939problem,
  title={The problem of m rankings},
  author={Kendall, Maurice G and Smith, B Babington},
  journal={The annals of mathematical statistics},
  volume={10},
  number={3},
  pages={275--287},
  year={1939},
  publisher={JSTOR}
}

@article{Kendall1938ANM,
  title={A NEW MEASURE OF RANK CORRELATION},
  author={M. G. Kendall},
  journal={Biometrika},
  year={1938},
  volume={30},
  pages={81-93},
  url={https://api.semanticscholar.org/CorpusID:120478295}
}


@inproceedings{bandel-etal-2024-unitxt,
    title = "Unitxt: Flexible, Shareable and Reusable Data Preparation and Evaluation for Generative {AI}",
    author = "Bandel, Elron  and
      Perlitz, Yotam  and
      Venezian, Elad  and
      Friedman, Roni  and
      Arviv, Ofir  and
      Orbach, Matan  and
      Don-Yehiya, Shachar  and
      Sheinwald, Dafna  and
      Gera, Ariel  and
      Choshen, Leshem  and
      Shmueli-Scheuer, Michal  and
      Katz, Yoav",
    editor = "Chang, Kai-Wei  and
      Lee, Annie  and
      Rajani, Nazneen",
    booktitle = "Proceedings of the 2024 Conference of the North American Chapter of the Association for Computational Linguistics: Human Language Technologies (Volume 3: System Demonstrations)",
    month = jun,
    year = "2024",
    address = "Mexico City, Mexico",
    publisher = "Association for Computational Linguistics",
    url = "https://aclanthology.org/2024.naacl-demo.21",
    pages = "207--215",
    abstract = "In the dynamic landscape of generative NLP, traditional text processing pipelines limit research flexibility and reproducibility, as they are tailored to specific dataset, task, and model combinations. The escalating complexity, involving system prompts, model-specific formats, instructions, and more, calls for a shift to a structured, modular, and customizable solution.Addressing this need, we present Unitxt, an innovative library for customizable textual data preparation and evaluation tailored to generative language models. Unitxt natively integrates with common libraries like HuggingFace and LM-eval-harness and deconstructs processing flows into modular components, enabling easy customization and sharing between practitioners. These components encompass model-specific formats, task prompts, and many other comprehensive dataset processing definitions. The Unitxt Catalog centralizes these components, fostering collaboration and exploration in modern textual data workflows. Beyond being a tool, Unitxt is a community-driven platform, empowering users to build, share, and advance their pipelines collaboratively. Join the Unitxt community at https://github.com/IBM/unitxt",
}

@misc{parikh2020tottocontrolledtabletotextgeneration,
      title={ToTTo: A Controlled Table-To-Text Generation Dataset}, 
      author={Ankur P. Parikh and Xuezhi Wang and Sebastian Gehrmann and Manaal Faruqui and Bhuwan Dhingra and Diyi Yang and Dipanjan Das},
      year={2020},
      eprint={2004.14373},
      archivePrefix={arXiv},
      primaryClass={cs.CL},
      url={https://arxiv.org/abs/2004.14373}, 
}

@inproceedings{suadaa-etal-2021-towards,
    title = "Towards Table-to-Text Generation with Numerical Reasoning",
    author = "Suadaa, Lya Hulliyyatus  and
      Kamigaito, Hidetaka  and
      Funakoshi, Kotaro  and
      Okumura, Manabu  and
      Takamura, Hiroya",
    editor = "Zong, Chengqing  and
      Xia, Fei  and
      Li, Wenjie  and
      Navigli, Roberto",
    booktitle = "Proceedings of the 59th Annual Meeting of the Association for Computational Linguistics and the 11th International Joint Conference on Natural Language Processing (Volume 1: Long Papers)",
    month = aug,
    year = "2021",
    address = "Online",
    publisher = "Association for Computational Linguistics",
    url = "https://aclanthology.org/2021.acl-long.115",
    doi = "10.18653/v1/2021.acl-long.115",
    pages = "1451--1465",
}

@misc{alzahrani2024benchmarkstargetsrevealingsensitivity,
      title={When Benchmarks are Targets: Revealing the Sensitivity of Large Language Model Leaderboards}, 
      author={Norah Alzahrani and Hisham Abdullah Alyahya and Yazeed Alnumay and Sultan Alrashed and Shaykhah Alsubaie and Yusef Almushaykeh and Faisal Mirza and Nouf Alotaibi and Nora Altwairesh and Areeb Alowisheq and M Saiful Bari and Haidar Khan},
      year={2024},
      eprint={2402.01781},
      archivePrefix={arXiv},
      primaryClass={cs.CL},
      url={https://arxiv.org/abs/2402.01781}, 
}

@misc{li2024crowdsourceddatahighqualitybenchmarks,
      title={From Crowdsourced Data to High-Quality Benchmarks: Arena-Hard and BenchBuilder Pipeline}, 
      author={Tianle Li and Wei-Lin Chiang and Evan Frick and Lisa Dunlap and Tianhao Wu and Banghua Zhu and Joseph E. Gonzalez and Ion Stoica},
      year={2024},
      eprint={2406.11939},
      archivePrefix={arXiv},
      primaryClass={cs.LG},
      url={https://arxiv.org/abs/2406.11939}, 
}

@misc{reuel2024betterbenchassessingaibenchmarks,
      title={BetterBench: Assessing AI Benchmarks, Uncovering Issues, and Establishing Best Practices}, 
      author={Anka Reuel and Amelia Hardy and Chandler Smith and Max Lamparth and Malcolm Hardy and Mykel J. Kochenderfer},
      year={2024},
      eprint={2411.12990},
      archivePrefix={arXiv},
      primaryClass={cs.AI},
      url={https://arxiv.org/abs/2411.12990}, 
}

@inproceedings{moosavi2021scigen,
title={Sci{G}en: a Dataset for Reasoning-Aware Text Generation from Scientific Tables},
author={Nafise Sadat Moosavi and Andreas R{\"u}ckl{\'e} and Dan Roth and Iryna Gurevych},
booktitle={Thirty-fifth Conference on Neural Information Processing Systems Datasets and Benchmarks Track (Round 2)},
year={2021},
url={https://openreview.net/forum?id=Jul-uX7EV_I}
}

@article{Chen2020OpenQA,
  title={Open Question Answering over Tables and Text},
  author={Wenhu Chen and Ming-Wei Chang and Eva Schlinger and William Yang Wang and William W. Cohen},
  journal={ArXiv},
  year={2020},
  volume={abs/2010.10439},
  url={https://arxiv.org/abs/2010.10439}
}


@inproceedings{Chen2020HybridQAAD,
  title={Hybrid{QA}: A Dataset of Multi-Hop Question Answering over Tabular and Textual Data},
  author={Wenhu Chen and Hanwen Zha and Zhiyu Chen and Wenhan Xiong and Hong Wang and William Yang Wang},
  booktitle={Findings},
  year={2020},
  url={https://api.semanticscholar.org/CorpusID:215785913}
}

@inproceedings{pasupat-liang-2015-compositional,
    title = "Compositional Semantic Parsing on Semi-Structured Tables",
    author = "Pasupat, Panupong  and
      Liang, Percy",
    editor = "Zong, Chengqing  and
      Strube, Michael",
    booktitle = "Proceedings of the 53rd Annual Meeting of the Association for Computational Linguistics and the 7th International Joint Conference on Natural Language Processing (Volume 1: Long Papers)",
    month = jul,
    year = "2015",
    address = "Beijing, China",
    publisher = "Association for Computational Linguistics",
    url = "https://aclanthology.org/P15-1142",
    doi = "10.3115/v1/P15-1142",
    pages = "1470--1480",
}

@inproceedings{chen2020tabfactlargescaledatasettablebased,
title={TabFact: A Large-scale Dataset for Table-based Fact Verification},
author={Wenhu Chen and Hongmin Wang and Jianshu Chen and Yunkai Zhang and Hong Wang and Shiyang Li and Xiyou Zhou and William Yang Wang},
booktitle={International Conference on Learning Representations},
year={2020},
url={https://openreview.net/forum?id=rkeJRhNYDH}
}

@misc{deng2020turltableunderstandingrepresentation,
      title={TURL: Table Understanding through Representation Learning}, 
      author={Xiang Deng and Huan Sun and Alyssa Lees and You Wu and Cong Yu},
      year={2020},
      eprint={2006.14806},
      archivePrefix={arXiv},
      primaryClass={cs.IR},
      url={https://arxiv.org/abs/2006.14806}, 
}

@misc{chen2022finqadatasetnumericalreasoning,
      title={Fin{QA}: A Dataset of Numerical Reasoning over Financial Data}, 
      author={Zhiyu Chen and Wenhu Chen and Charese Smiley and Sameena Shah and Iana Borova and Dylan Langdon and Reema Moussa and Matt Beane and Ting-Hao Huang and Bryan Routledge and William Yang Wang},
      year={2022},
      eprint={2109.00122},
      archivePrefix={arXiv},
      primaryClass={cs.CL},
      url={https://arxiv.org/abs/2109.00122}, 
}

@misc{zhao2023qtsummqueryfocusedsummarizationtabular,
      title={QTSumm: Query-Focused Summarization over Tabular Data}, 
      author={Yilun Zhao and Zhenting Qi and Linyong Nan and Boyu Mi and Yixin Liu and Weijin Zou and Simeng Han and Ruizhe Chen and Xiangru Tang and Yumo Xu and Dragomir Radev and Arman Cohan},
      year={2023},
      eprint={2305.14303},
      archivePrefix={arXiv},
      primaryClass={cs.CL},
      url={https://arxiv.org/abs/2305.14303}, 
}

@article{herzig2020tapas,
  title={TaPas: Weakly supervised table parsing via pre-training},
  author={Herzig, Jonathan and Nowak, Pawe{\l} Krzysztof and M{\"u}ller, Thomas and Piccinno, Francesco and Eisenschlos, Julian Martin},
  journal={arXiv preprint arXiv:2004.02349},
  url={https://arxiv.org/abs/2004.02349},
  year={2020}
}

@article{iida2021tabbie,
  title={Tabbie: Pretrained representations of tabular data},
  author={Iida, Hiroshi and Thai, Dung and Manjunatha, Varun and Iyyer, Mohit},
  journal={arXiv preprint arXiv:2105.02584},
  url={https://arxiv.org/abs/2105.02584},
  year={2021}
}

@article{liu2021tapex,
  title={TAPEX: Table pre-training via learning a neural SQL executor},
  author={Liu, Qian and Chen, Bei and Guo, Jiaqi and Ziyadi, Morteza and Lin, Zeqi and Chen, Weizhu and Lou, Jian-Guang},
  journal={arXiv preprint arXiv:2107.07653},
  url={https://arxiv.org/abs/2107.07653},
  year={2021}
}

@article{yin2020tabert,
  title={TaBERT: Pretraining for joint understanding of textual and tabular data},
  author={Yin, Pengcheng and Neubig, Graham and Yih, Wen-tau and Riedel, Sebastian},
  journal={arXiv preprint arXiv:2005.08314},
  url={https://arxiv.org/abs/2005.08314},
  year={2020}
}

@inproceedings{wang2021tuta,
  title={Tuta: Tree-based transformers for generally structured table pre-training},
  author={Wang, Zhiruo and Dong, Haoyu and Jia, Ran and Li, Jia and Fu, Zhiyi and Han, Shi and Zhang, Dongmei},
  booktitle={Proceedings of the 27th ACM SIGKDD Conference on Knowledge Discovery \& Data Mining},
  pages={1780--1790},
  url={https://doi.org/10.1145/3447548.3467434},
  year={2021}
}

@article{zhao2022reastap,
  title={ReasTAP: Injecting table reasoning skills during pre-training via synthetic reasoning examples},
  author={Zhao, Yilun and Nan, Linyong and Qi, Zhenting and Zhang, Rui and Radev, Dragomir},
  journal={arXiv preprint arXiv:2210.12374},
  url={https://arxiv.org/abs/2210.12374},
  year={2022}
}

@inproceedings{gu2022pasta,
    title = "{PASTA}: Table-Operations Aware Fact Verification via Sentence-Table Cloze Pre-training",
    author = "Gu, Zihui  and
      Fan, Ju  and
      Tang, Nan  and
      Nakov, Preslav  and
      Zhao, Xiaoman  and
      Du, Xiaoyong",
    editor = "Goldberg, Yoav  and
      Kozareva, Zornitsa  and
      Zhang, Yue",
    booktitle = "Proceedings of the 2022 Conference on Empirical Methods in Natural Language Processing",
    month = dec,
    year = "2022",
    address = "Abu Dhabi, United Arab Emirates",
    publisher = "Association for Computational Linguistics",
    url = "https://aclanthology.org/2022.emnlp-main.331/",
    doi = "10.18653/v1/2022.emnlp-main.331",
    pages = "4971--4983",
}

@article{fang2024large,
  title={Large Language Models on Tabular Data--A Survey},
  author={Fang, Xi and Xu, Weijie and Tan, Fiona Anting and Zhang, Jiani and Hu, Ziqing and Qi, Yanjun and Nickleach, Scott and Socolinsky, Diego and Sengamedu, Srinivasan and Faloutsos, Christos},
  journal={arXiv preprint arXiv:2402.17944},
  url={https://arxiv.org/abs/2402.17944},
  year={2024}
}

@article{lu2024large,
  title={Large language model for table processing: A survey},
  author={Lu, Weizheng and Zhang, Jiaming and Zhang, Jing and Chen, Yueguo},
  journal={arXiv preprint arXiv:2402.05121},
  url={https://arxiv.org/abs/2402.05121},
  year={2024}
}

@article{ruan2024language,
  title={Language modeling on tabular data: A survey of foundations, techniques and evolution},
  author={Ruan, Yucheng and Lan, Xiang and Ma, Jingying and Dong, Yizhi and He, Kai and Feng, Mengling},
  journal={arXiv preprint arXiv:2408.10548},
  url={https://arxiv.org/abs/2408.10548},
  year={2024}
}

@article{badaro2023transformers,
  title={Transformers for tabular data representation: A survey of models and applications},
  author={Badaro, Gilbert and Saeed, Mohammed and Papotti, Paolo},
  journal={Transactions of the Association for Computational Linguistics},
  volume={11},
  pages={227--249},
  year={2023},
  publisher={MIT Press One Broadway, 12th Floor, Cambridge, Massachusetts 02142, USA~…}
}

@inproceedings{
singha2023tabular,
title={Tabular Representation, Noisy Operators, and Impacts on Table Structure Understanding Tasks in {LLM}s},
author={Ananya Singha and Jos{\'e} Cambronero and Sumit Gulwani and Vu Le and Chris Parnin},
booktitle={NeurIPS 2023 Second Table Representation Learning Workshop},
year={2023},
url={https://openreview.net/forum?id=Ld5UCpiT07}
}

@inproceedings{sui2024table,
  title={Table meets {LLM}: Can large language models understand structured table data? a benchmark and empirical study},
  author={Sui, Yuan and Zhou, Mengyu and Zhou, Mingjie and Han, Shi and Zhang, Dongmei},
  booktitle={Proceedings of the 17th ACM International Conference on Web Search and Data Mining},
  pages={645--654},
  year={2024}
}

@article{liu2023rethinking,
  title={Rethinking Tabular Data Understanding with Large Language Models},
  author={Liu, Tianyang and Wang, Fei and Chen, Muhao},
  journal={arXiv preprint arXiv:2312.16702},
  url={https://arxiv.org/abs/2312.16702},
  year={2023}
}

@article{zhao2023robut,
  title={Robut: A systematic study of table {QA} robustness against human-annotated adversarial perturbations},
  author={Zhao, Yilun and Zhao, Chen and Nan, Linyong and Qi, Zhenting and Zhang, Wenlin and Tang, Xiangru and Mi, Boyu and Radev, Dragomir},
  journal={arXiv preprint arXiv:2306.14321},
  url={https://arxiv.org/abs/2306.14321},
  year={2023}
}

@article{bhandari2024robustness,
  title={On the Robustness of Language Models for Tabular Question Answering},
  author={Bhandari, Kushal Raj and Xing, Sixue and Dan, Soham and Gao, Jianxi},
  journal={arXiv preprint arXiv:2406.12719},
  url={https://arxiv.org/abs/2406.12719},
  year={2024}
}

@article{pang2024uncovering,
  title={Uncovering Limitations of Large Language Models in Information Seeking from Tables},
  author={Pang, Chaoxu and Cao, Yixuan and Yang, Chunhao and Luo, Ping},
  journal={arXiv preprint arXiv:2406.04113},
  url={https://arxiv.org/abs/2406.04113},
  year={2024}
}

@article{chen2022large,
  title={Large language models are few (1)-shot table reasoners},
  author={Chen, Wenhu},
  journal={arXiv preprint arXiv:2210.06710},
  url={https://arxiv.org/abs/2210.06710},
  year={2022}
}

@inproceedings{grijalba2024question,
  title={Question Answering over Tabular Data with DataBench: A Large-Scale Empirical Evaluation of {LLM}s},
  author={Grijalba, Jorge Os{\'e}s and Lopez, L Alfonso Urena and Mart{\'\i}nez-C{\'a}mara, Eugenio and Camacho-Collados, Jose},
  booktitle={Proceedings of the 2024 Joint International Conference on Computational Linguistics, Language Resources and Evaluation (LREC-COLING 2024)},
  pages={13471--13488},
  url={https://aclanthology.org/2024.lrec-main.1179/},
  year={2024}
}

@article{qiu2024tqa,
  title={{TQA-B}ench: Evaluating {LLM}s for Multi-Table Question Answering with Scalable Context and Symbolic Extension},
  author={Qiu, Zipeng and Peng, You and He, Guangxin and Yuan, Binhang and Wang, Chen},
  journal={arXiv preprint arXiv:2411.19504},
  url={https://arxiv.org/abs/2411.19504},
  year={2024}
}

@article{zhang2025survey,
  title={A survey of table reasoning with large language models},
  author={Zhang, Xuanliang and Wang, Dingzirui and Dou, Longxu and Zhu, Qingfu and Che, Wanxiang},
  journal={Frontiers of Computer Science},
  volume={19},
  number={9},
  pages={199348},
  year={2025},
  publisher={Springer}
}

@inproceedings{deng2024tables,
  title={Tables as texts or images: Evaluating the table reasoning ability of {LLM}s and {MLLM}s},
  author={Deng, Naihao and Sun, Zhenjie and He, Ruiqi and Sikka, Aman and Chen, Yulong and Ma, Lin and Zhang, Yue and Mihalcea, Rada},
  booktitle={Findings of the Association for Computational Linguistics ACL 2024},
  pages={407--426},
  year={2024}
}

@article{zhao2023investigating,
  title={Investigating Table-to-Text Generation Capabilities of {LLM}s in Real-World Information Seeking Scenarios},
  author={Zhao, Yilun and Zhang, Haowei and Si, Shengyun and Nan, Linyong and Tang, Xiangru and Cohan, Arman},
  journal={arXiv preprint arXiv:2305.14987},
  url={https://arxiv.org/abs/2305.14987},
  year={2023}
}

@article{perlitz2022diversity,
  title={Diversity enhanced table-to-text generation via type control},
  author={Perlitz, Yotam and Ein-Dor, Liat and Sheinwald, Dafna and Slonim, Noam and Shmueli-Scheuer, Michal},
  journal={arXiv preprint arXiv:2205.10938},
  url={https://arxiv.org/abs/2205.10938},
  year={2022}
}
