@article{abedsoltan2024context,
  title={Context-Scaling versus Task-Scaling in In-Context Learning},
  author={Abedsoltan, Amirhesam and Radhakrishnan, Adityanarayanan and Wu, Jingfeng and Belkin, Mikhail},
  journal={arXiv preprint arXiv:2410.12783},
  year={2024}
}

@article{bartlett2020benign,
  title={Benign overfitting in linear regression},
  author={Bartlett, Peter L and Long, Philip M and Lugosi, G{\'a}bor and Tsigler, Alexander},
  journal={Proceedings of the National Academy of Sciences},
  volume={117},
  number={48},
  pages={30063--30070},
  year={2020},
  publisher={National Acad Sciences}
}

@inproceedings{barzilai2024generalization,
  title={Generalization in Kernel Regression Under Realistic Assumptions},
  author={Barzilai, Daniel and Shamir, Ohad},
  booktitle={Forty-first International Conference on Machine Learning}, 
  year={2024}
}

@article{beaglehole2023inconsistency,
  title={On the inconsistency of kernel ridgeless regression in fixed dimensions},
  author={Beaglehole, Daniel and Belkin, Mikhail and Pandit, Parthe},
  journal={SIAM Journal on Mathematics of Data Science},
  volume={5},
  number={4},
  pages={854--872},
  year={2023},
  publisher={SIAM}
}

@article{belkin2018overfitting,
  title={Overfitting or perfect fitting? risk bounds for classification and regression rules that interpolate},
  author={Belkin, Mikhail and Hsu, Daniel J and Mitra, Partha},
  journal={Advances in neural information processing systems},
  volume={31},
  year={2018}
}

@inproceedings{belkin2018understand,
  title={To understand deep learning we need to understand kernel learning},
  author={Belkin, Mikhail and Ma, Siyuan and Mandal, Soumik},
  booktitle={International Conference on Machine Learning},
  pages={541--549},
  year={2018},
  organization={PMLR}
}

@inproceedings{belkin2019does,
  title={Does data interpolation contradict statistical optimality?},
  author={Belkin, Mikhail and Rakhlin, Alexander and Tsybakov, Alexandre B},
  booktitle={The 22nd International Conference on Artificial Intelligence and Statistics},
  pages={1611--1619},
  year={2019},
  organization={PMLR}
}

@article{belkin2019reconciling,
  title={Reconciling modern machine-learning practice and the classical bias--variance trade-off},
  author={Belkin, Mikhail and Hsu, Daniel and Ma, Siyuan and Mandal, Soumik},
  journal={Proceedings of the National Academy of Sciences},
  volume={116},
  number={32},
  pages={15849--15854},
  year={2019},
  publisher={National Acad Sciences}
}

@article{belkin2020two,
  title={Two models of double descent for weak features},
  author={Belkin, Mikhail and Hsu, Daniel and Xu, Ji},
  journal={SIAM Journal on Mathematics of Data Science},
  volume={2},
  number={4},
  pages={1167--1180},
  year={2020},
  publisher={SIAM}
}

@inproceedings{buchholz2022kernel,
  title={Kernel interpolation in Sobolev spaces is not consistent in low dimensions},
  author={Buchholz, Simon},
  booktitle={Conference on Learning Theory},
  pages={3410--3440},
  year={2022},
  organization={PMLR}
}

@inproceedings{cheng2024characterizing,
  title={Characterizing Overfitting in Kernel Ridgeless Regression Through the Eigenspectrum},
  author={Cheng, Tin Sum and Lucchi, Aurelien and Kratsios, Anastasis and Belius, David},
  booktitle={Forty-first International Conference on Machine Learning},
  year={2024}
}

@inproceedings{cheng2024comprehensive,
  title={A Comprehensive Analysis on the Learning Curve in Kernel Ridge Regression},
  author={Cheng, Tin Sum and Lucchi, Aurelien and Kratsios, Anastasis and Belius, David},
  booktitle={The Thirty-eighth Annual Conference on Neural Information Processing Systems}, 
  year={2024}
}

@article{cover1967nearest,
  title={Nearest neighbor pattern classification},
  author={Cover, Thomas and Hart, Peter},
  journal={IEEE transactions on information theory},
  volume={13},
  number={1},
  pages={21--27},
  year={1967},
  publisher={IEEE}
}

@article{devroye1998hilbert,
  title={The {H}ilbert kernel regression estimate},
  author={Devroye, Luc and Gy{\"o}rfi, Laszlo and Krzy{\.z}ak, Adam},
  journal={Journal of Multivariate Analysis},
  volume={65},
  number={2},
  pages={209--227},
  year={1998},
  publisher={Elsevier}
}

@book{devroye2013probabilistic,
  title={A probabilistic theory of pattern recognition},
  author={Devroye, Luc and Gy{\"o}rfi, L{\'a}szl{\'o} and Lugosi, G{\'a}bor},
  volume={31},
  year={2013},
  publisher={Springer Science \& Business Media}
}

@article{eilers2024generalized,
  title={A generalized neural tangent kernel for surrogate gradient learning},
  author={Eilers, Luke and Memmesheimer, Raoul-Martin and Goedeke, Sven},
  journal={arXiv preprint arXiv:2405.15539},
  year={2024}
}

@article{haas2024mind,
  title={Mind the spikes: Benign overfitting of kernels and neural networks in fixed dimension},
  author={Haas, Moritz and Holzm{\"u}ller, David and Luxburg, Ulrike and Steinwart, Ingo},
  journal={Advances in Neural Information Processing Systems},
  volume={36},
  year={2024}
}

@article{harel2024provable,
  title={Provable Tempered Overfitting of Minimal Nets and Typical Nets},
  author={Harel, Itamar and Hoza, William M and Vardi, Gal and Evron, Itay and Srebro, Nathan and Soudry, Daniel},
  journal={Advances in Neural Information Processing Systems},
  volume={37},
  year={2024}
}

@article{hastie2022surprises,
  title={Surprises in high-dimensional ridgeless least squares interpolation},
  author={Hastie, Trevor and Montanari, Andrea and Rosset, Saharon and Tibshirani, Ryan J},
  journal={The Annals of Statistics},
  volume={50},
  number={2},
  pages={949--986},
  year={2022},
  publisher={Institute of Mathematical Statistics}
}

@inproceedings{joshi2024noisy,
  title={Noisy Interpolation Learning with Shallow Univariate ReLU Networks},
  author={Joshi, Nirmit and Vardi, Gal and Srebro, Nathan},
  booktitle={The Twelfth International Conference on Learning Representations},
year={2024}
}

@article{koehler2021uniform,
  title={Uniform convergence of interpolators: Gaussian width, norm bounds and benign overfitting},
  author={Koehler, Frederic and Zhou, Lijia and Sutherland, Danica J and Srebro, Nathan},
  journal={Advances in Neural Information Processing Systems},
  volume={34},
  pages={20657--20668},
  year={2021}
}

@article{kornowski2024tempered,
  title={From tempered to benign overfitting in relu neural networks},
  author={Kornowski, Guy and Yehudai, Gilad and Shamir, Ohad},
  journal={Advances in Neural Information Processing Systems},
  volume={36},
  year={2024}
}

@article{li2024asymptotic,
  title={On the asymptotic learning curves of kernel ridge regression under power-law decay},
  author={Li, Yicheng and Lin, Qian},
  journal={Advances in Neural Information Processing Systems},
  volume={36},
  year={2024}
}

@article{mallinar2022benign,
  title={Benign, tempered, or catastrophic: Toward a refined taxonomy of overfitting},
  author={Mallinar, Neil and Simon, James and Abedsoltan, Amirhesam and Pandit, Parthe and Belkin, Misha and Nakkiran, Preetum},
  journal={Advances in Neural Information Processing Systems},
  volume={35},
  pages={1182--1195},
  year={2022}
}

@article{manoj2023interpolation,
  title={Interpolation Learning With Minimum Description Length},
  author={Manoj, Naren Sarayu and Srebro, Nathan},
  journal={arXiv preprint arXiv:2302.07263},
  year={2023}
}

@inproceedings{medvedev2024overfitting,
  title={Overfitting Behaviour of Gaussian Kernel Ridgeless Regression: Varying Bandwidth or Dimensionality},
  author={Medvedev, Marko and Vardi, Gal and Srebro, Nathan},
  booktitle={The Thirty-eighth Annual Conference on Neural Information Processing Systems}, 
  year={2024}
}

@article{mei2022generalization,
  title={Generalization error of random feature and kernel methods: hypercontractivity and kernel matrix concentration},
  author={Mei, Song and Misiakiewicz, Theodor and Montanari, Andrea},
  journal={Applied and Computational Harmonic Analysis},
  volume={59},
  pages={3--84},
  year={2022},
  publisher={Elsevier}
}

@article{mei2022generalizationrandomfeat,
  title={The generalization error of random features regression: Precise asymptotics and the double descent curve},
  author={Mei, Song and Montanari, Andrea},
  journal={Communications on Pure and Applied Mathematics},
  volume={75},
  number={4},
  pages={667--766},
  year={2022},
  publisher={Wiley Online Library}
}

@article{nadaraya1964estimating,
  title={On estimating regression},
  author={Nadaraya, Elizbar A},
  journal={Theory of Probability \& Its Applications},
  volume={9},
  number={1},
  pages={141--142},
  year={1964},
  publisher={SIAM}
}

@article{nagarajan2019uniform,
  title={Uniform convergence may be unable to explain generalization in deep learning},
  author={Nagarajan, Vaishnavh and Kolter, J Zico},
  journal={Advances in Neural Information Processing Systems},
  volume={32},
  year={2019}
}

@inproceedings{negrea2020defense,
  title={In defense of uniform convergence: Generalization via derandomization with an application to interpolating predictors},
  author={Negrea, Jeffrey and Dziugaite, Gintare Karolina and Roy, Daniel},
  booktitle={International Conference on Machine Learning},
  pages={7263--7272},
  year={2020},
  organization={PMLR}
}

@article{radhakrishnan2023wide,
  title={Wide and deep neural networks achieve consistency for classification},
  author={Radhakrishnan, Adityanarayanan and Belkin, Mikhail and Uhler, Caroline},
  journal={Proceedings of the National Academy of Sciences},
  volume={120},
  number={14},
  pages={e2208779120},
  year={2023},
  publisher={National Acad Sciences}
}

@inproceedings{rakhlin2019consistency,
  title={Consistency of interpolation with Laplace kernels is a high-dimensional phenomenon},
  author={Rakhlin, Alexander and Zhai, Xiyu},
  booktitle={Conference on Learning Theory},
  pages={2595--2623},
  year={2019},
  organization={PMLR}
}

@article{shamir2023implicit,
  title={The Implicit Bias of Benign Overfitting},
  author={Shamir, Ohad},
  journal={Journal of Machine Learning Research},
  volume={24},
  number={113},
  pages={1--40},
  year={2023}
}

@inproceedings{shepard1968two,
  title={A two-dimensional interpolation function for irregularly-spaced data},
  author={Shepard, Donald},
  booktitle={Proceedings of the 1968 23rd ACM national conference},
  pages={517--524},
  year={1968}
}

@article{tsigler2023benign,
  title={Benign overfitting in ridge regression.},
  author={Tsigler, Alexander and Bartlett, Peter L},
  journal={J. Mach. Learn. Res.},
  volume={24},
  pages={123--1},
  year={2023}
}

@article{watson1964smooth,
  title={Smooth regression analysis},
  author={Watson, Geoffrey S},
  journal={Sankhy{\=a}: The Indian Journal of Statistics, Series A},
  pages={359--372},
  year={1964},
  publisher={JSTOR}
}

@article{xiao2022precise,
  title={Precise learning curves and higher-order scalings for dot-product kernel regression},
  author={Xiao, Lechao and Hu, Hong and Misiakiewicz, Theodor and Lu, Yue and Pennington, Jeffrey},
  journal={Advances in Neural Information Processing Systems},
  volume={35},
  pages={4558--4570},
  year={2022}
}

@inproceedings{yang2021exact,
  title={Exact gap between generalization error and uniform convergence in random feature models},
  author={Yang, Zitong and Bai, Yu and Mei, Song},
  booktitle={International Conference on Machine Learning},
  pages={11704--11715},
  year={2021},
  organization={PMLR}
}

@article{zhang2021understanding,
  title={Understanding deep learning (still) requires rethinking generalization},
  author={Zhang, Chiyuan and Bengio, Samy and Hardt, Moritz and Recht, Benjamin and Vinyals, Oriol},
  journal={Communications of the ACM},
  volume={64},
  number={3},
  pages={107--115},
  year={2021},
  publisher={ACM New York, NY, USA}
}

@article{zhang2024phase,
  title={The phase diagram of kernel interpolation in large dimensions},
  author={Zhang, Haobo and Lu, Weihao and Lin, Qian},
  journal={Biometrika},
  pages={asae057},
  year={2024},
  publisher={Oxford University Press}
}

@article{zhou2023optimistic,
  title={Optimistic rates: A unifying theory for interpolation learning and regularization in linear regression},
  author={Zhou, Lijia and Koehler, Frederic and Sutherland, Danica J and Srebro, Nathan},
  journal={ACM/IMS Journal of Data Science},
  volume={1},
  year={2023}
}

