@book{devroye2013probabilistic,
  title={A probabilistic theory of pattern recognition},
  author={Devroye, Luc and Gy{\"o}rfi, L{\'a}szl{\'o} and Lugosi, G{\'a}bor},
  volume={31},
  year={2013},
  publisher={Springer Science \& Business Media}
}

@article{devroye1989equivalence,
  title={An equivalence theorem for L1 convergence of the kernel regression estimate},
  author={Devroye, Luc and Krzy, Adam and others},
  journal={Journal of statistical planning and Inference},
  volume={23},
  number={1},
  pages={71--82},
  year={1989},
  publisher={North-Holland}
}

@article{radhakrishnan2022wide,
  title={Wide and Deep Neural Networks Achieve Optimality for Classification},
  author={Radhakrishnan, Adityanarayanan and Belkin, Mikhail and Uhler, Caroline},
  journal={arXiv preprint arXiv:2204.14126},
  year={2022}
}

@article{belkin2018overfitting,
  title={Overfitting or perfect fitting? risk bounds for classification and regression rules that interpolate},
  author={Belkin, Mikhail and Hsu, Daniel J and Mitra, Partha},
  journal={Advances in neural information processing systems},
  volume={31},
  year={2018}
}

@inproceedings{belkin2018understand,
  title={To understand deep learning we need to understand kernel learning},
  author={Belkin, Mikhail and Ma, Siyuan and Mandal, Soumik},
  booktitle={International Conference on Machine Learning},
  pages={541--549},
  year={2018},
  organization={PMLR}
}

@article{muthukumar2021classification,
  title={Classification vs regression in overparameterized regimes: Does the loss function matter?},
  author={Muthukumar, Vidya and Narang, Adhyyan and Subramanian, Vignesh and Belkin, Mikhail and Hsu, Daniel and Sahai, Anant},
  journal={The Journal of Machine Learning Research},
  volume={22},
  number={1},
  pages={10104--10172},
  year={2021},
  publisher={JMLRORG}
}

@article{chatterji2021finite,
  title={Finite-sample analysis of interpolating linear classifiers in the overparameterized regime},
  author={Chatterji, Niladri S and Long, Philip M},
  journal={The Journal of Machine Learning Research},
  volume={22},
  number={1},
  pages={5721--5750},
  year={2021},
  publisher={JMLRORG}
}

@article{ardeshir2021support,
  title={Support vector machines and linear regression coincide with very high-dimensional features},
  author={Ardeshir, Navid and Sanford, Clayton and Hsu, Daniel J},
  journal={Advances in Neural Information Processing Systems},
  volume={34},
  pages={4907--4918},
  year={2021}
}

@article{deng2022model,
  title={A model of double descent for high-dimensional binary linear classification},
  author={Deng, Zeyu and Kammoun, Abla and Thrampoulidis, Christos},
  journal={Information and Inference: A Journal of the IMA},
  volume={11},
  number={2},
  pages={435--495},
  year={2022},
  publisher={Oxford University Press}
}

@article{montanari2019generalization,
  title={The generalization error of max-margin linear classifiers: High-dimensional asymptotics in the overparametrized regime},
  author={Montanari, Andrea and Ruan, Feng and Sohn, Youngtak and Yan, Jun},
  journal={arXiv preprint arXiv:1911.01544},
  year={2019}
}

@inproceedings{mcrae2022harmless,
  title={Harmless interpolation in regression and classification with structured features},
  author={McRae, Andrew D and Karnik, Santhosh and Davenport, Mark and Muthukumar, Vidya K},
  booktitle={International Conference on Artificial Intelligence and Statistics},
  pages={5853--5875},
  year={2022},
  organization={PMLR}
}

@article{lai2023general,
  title={General loss functions lead to (approximate) interpolation in high dimensions},
  author={Lai, Kuo-Wei and Muthukumar, Vidya},
  journal={arXiv preprint arXiv:2303.07475},
  year={2023}
}

@article{cao2021risk,
  title={Risk bounds for over-parameterized maximum margin classification on sub-gaussian mixtures},
  author={Cao, Yuan and Gu, Quanquan and Belkin, Mikhail},
  journal={Advances in Neural Information Processing Systems},
  volume={34},
  pages={8407--8418},
  year={2021}
}

@inproceedings{shepard1968two,
  title={A two-dimensional interpolation function for irregularly-spaced data},
  author={Shepard, Donald},
  booktitle={Proceedings of the 1968 23rd ACM national conference},
  pages={517--524},
  year={1968}
}

@article{wang2022binary,
  title={Binary classification of gaussian mixtures: Abundance of support vectors, benign overfitting, and regularization},
  author={Wang, Ke and Thrampoulidis, Christos},
  journal={SIAM Journal on Mathematics of Data Science},
  volume={4},
  number={1},
  pages={260--284},
  year={2022},
  publisher={SIAM}
}

@book{vershynin2018high,
  title={High-dimensional probability: An introduction with applications in data science},
  author={Vershynin, Roman},
  volume={47},
  year={2018},
  publisher={Cambridge university press}
}

@article{vershynin2010introduction,
  title={Introduction to the non-asymptotic analysis of random matrices},
  author={Vershynin, Roman},
  journal={arXiv preprint arXiv:1011.3027},
  year={2010}
}

@article{devroye2006nonuniform,
  title={Nonuniform random variate generation},
  author={Devroye, Luc},
  journal={Handbooks in operations research and management science},
  volume={13},
  pages={83--121},
  year={2006},
  publisher={Elsevier}
}

@inproceedings{barzilai2024generalization,
  title={Generalization in Kernel Regression Under Realistic Assumptions},
  author={Barzilai, Daniel and Shamir, Ohad},
  booktitle={Forty-first International Conference on Machine Learning}, 
  year={2024}
}

@inproceedings{medvedev2024overfitting,
  title={Overfitting Behaviour of Gaussian Kernel Ridgeless Regression: Varying Bandwidth or Dimensionality},
  author={Medvedev, Marko and Vardi, Gal and Srebro, Nathan},
  booktitle={The Thirty-eighth Annual Conference on Neural Information Processing Systems}, 
  year={2024}
}

@article{harel2024provable,
  title={Provable Tempered Overfitting of Minimal Nets and Typical Nets},
  author={Harel, Itamar and Hoza, William M and Vardi, Gal and Evron, Itay and Srebro, Nathan and Soudry, Daniel},
  journal={Advances in Neural Information Processing Systems},
  volume={37},
  year={2024}
}

@inproceedings{cheng2024comprehensive,
  title={A Comprehensive Analysis on the Learning Curve in Kernel Ridge Regression},
  author={Cheng, Tin Sum and Lucchi, Aurelien and Kratsios, Anastasis and Belius, David},
  booktitle={The Thirty-eighth Annual Conference on Neural Information Processing Systems}, 
  year={2024}
}

@inproceedings{cheng2024characterizing,
  title={Characterizing Overfitting in Kernel Ridgeless Regression Through the Eigenspectrum},
  author={Cheng, Tin Sum and Lucchi, Aurelien and Kratsios, Anastasis and Belius, David},
  booktitle={Forty-first International Conference on Machine Learning},
  year={2024}
}

@article{beaglehole2023inconsistency,
  title={On the inconsistency of kernel ridgeless regression in fixed dimensions},
  author={Beaglehole, Daniel and Belkin, Mikhail and Pandit, Parthe},
  journal={SIAM Journal on Mathematics of Data Science},
  volume={5},
  number={4},
  pages={854--872},
  year={2023},
  publisher={SIAM}
}

@article{haas2024mind,
  title={Mind the spikes: Benign overfitting of kernels and neural networks in fixed dimension},
  author={Haas, Moritz and Holzm{\"u}ller, David and Luxburg, Ulrike and Steinwart, Ingo},
  journal={Advances in Neural Information Processing Systems},
  volume={36},
  year={2024}
}


@article{li2024asymptotic,
  title={On the asymptotic learning curves of kernel ridge regression under power-law decay},
  author={Li, Yicheng and Lin, Qian},
  journal={Advances in Neural Information Processing Systems},
  volume={36},
  year={2024}
}

@article{zhang2024phase,
  title={The phase diagram of kernel interpolation in large dimensions},
  author={Zhang, Haobo and Lu, Weihao and Lin, Qian},
  journal={Biometrika},
  pages={asae057},
  year={2024},
  publisher={Oxford University Press}
}

@article{xiao2022precise,
  title={Precise learning curves and higher-order scalings for dot-product kernel regression},
  author={Xiao, Lechao and Hu, Hong and Misiakiewicz, Theodor and Lu, Yue and Pennington, Jeffrey},
  journal={Advances in Neural Information Processing Systems},
  volume={35},
  pages={4558--4570},
  year={2022}
}

@article{devroye1998hilbert,
  title={The {H}ilbert kernel regression estimate},
  author={Devroye, Luc and Gy{\"o}rfi, Laszlo and Krzy{\.z}ak, Adam},
  journal={Journal of Multivariate Analysis},
  volume={65},
  number={2},
  pages={209--227},
  year={1998},
  publisher={Elsevier}
}

@article{watson1964smooth,
  title={Smooth regression analysis},
  author={Watson, Geoffrey S},
  journal={Sankhy{\=a}: The Indian Journal of Statistics, Series A},
  pages={359--372},
  year={1964},
  publisher={JSTOR}
}

@article{nadaraya1964estimating,
  title={On estimating regression},
  author={Nadaraya, Elizbar A},
  journal={Theory of Probability \& Its Applications},
  volume={9},
  number={1},
  pages={141--142},
  year={1964},
  publisher={SIAM}
}

@article{nadaraya1970remarks,
  title={Remarks on non-parametric estimates for density functions and regression curves},
  author={Nadaraya, {\'E} A},
  journal={Theory of Probability \& Its Applications},
  volume={15},
  number={1},
  pages={134--137},
  year={1970},
  publisher={SIAM}
}

@article{cover1967nearest,
  title={Nearest neighbor pattern classification},
  author={Cover, Thomas and Hart, Peter},
  journal={IEEE transactions on information theory},
  volume={13},
  number={1},
  pages={21--27},
  year={1967},
  publisher={IEEE}
}

@inproceedings{belkin2019does,
  title={Does data interpolation contradict statistical optimality?},
  author={Belkin, Mikhail and Rakhlin, Alexander and Tsybakov, Alexandre B},
  booktitle={The 22nd International Conference on Artificial Intelligence and Statistics},
  pages={1611--1619},
  year={2019},
  organization={PMLR}
}

@article{radhakrishnan2023wide,
  title={Wide and deep neural networks achieve consistency for classification},
  author={Radhakrishnan, Adityanarayanan and Belkin, Mikhail and Uhler, Caroline},
  journal={Proceedings of the National Academy of Sciences},
  volume={120},
  number={14},
  pages={e2208779120},
  year={2023},
  publisher={National Acad Sciences}
}

@article{eilers2024generalized,
  title={A generalized neural tangent kernel for surrogate gradient learning},
  author={Eilers, Luke and Memmesheimer, Raoul-Martin and Goedeke, Sven},
  journal={arXiv preprint arXiv:2405.15539},
  year={2024}
}

@article{abedsoltan2024context,
  title={Context-Scaling versus Task-Scaling in In-Context Learning},
  author={Abedsoltan, Amirhesam and Radhakrishnan, Adityanarayanan and Wu, Jingfeng and Belkin, Mikhail},
  journal={arXiv preprint arXiv:2410.12783},
  year={2024}
}

@article{holst1980lengths,
  title={On the lengths of the pieces of a stick broken at random},
  author={Holst, Lars},
  journal={Journal of Applied Probability},
  volume={17},
  number={3},
  pages={623--634},
  year={1980},
  publisher={Cambridge University Press}
}

@book{shorack2009empirical,
  title={Empirical processes with applications to statistics},
  author={Shorack, Galen R and Wellner, Jon A},
  year={2009},
  publisher={SIAM}
}

@article{zhang2021understanding,
  title={Understanding deep learning (still) requires rethinking generalization},
  author={Zhang, Chiyuan and Bengio, Samy and Hardt, Moritz and Recht, Benjamin and Vinyals, Oriol},
  journal={Communications of the ACM},
  volume={64},
  number={3},
  pages={107--115},
  year={2021},
  publisher={ACM New York, NY, USA}
}

@article{mallinar2022benign,
  title={Benign, tempered, or catastrophic: Toward a refined taxonomy of overfitting},
  author={Mallinar, Neil and Simon, James and Abedsoltan, Amirhesam and Pandit, Parthe and Belkin, Misha and Nakkiran, Preetum},
  journal={Advances in Neural Information Processing Systems},
  volume={35},
  pages={1182--1195},
  year={2022}
}

@article{tsigler2023benign,
  title={Benign overfitting in ridge regression.},
  author={Tsigler, Alexander and Bartlett, Peter L},
  journal={J. Mach. Learn. Res.},
  volume={24},
  pages={123--1},
  year={2023}
}

@article{hastie2022surprises,
  title={Surprises in high-dimensional ridgeless least squares interpolation},
  author={Hastie, Trevor and Montanari, Andrea and Rosset, Saharon and Tibshirani, Ryan J},
  journal={The Annals of Statistics},
  volume={50},
  number={2},
  pages={949--986},
  year={2022},
  publisher={Institute of Mathematical Statistics}
}

@article{bartlett2021deep,
  title={Deep learning: a statistical viewpoint},
  author={Bartlett, Peter L and Montanari, Andrea and Rakhlin, Alexander},
  journal={Acta numerica},
  volume={30},
  pages={87--201},
  year={2021},
  publisher={Cambridge University Press}
}

@article{montanari2022interpolation,
  title={The interpolation phase transition in neural networks: Memorization and generalization under lazy training},
  author={Montanari, Andrea and Zhong, Yiqiao},
  journal={The Annals of Statistics},
  volume={50},
  number={5},
  pages={2816--2847},
  year={2022},
  publisher={Institute of Mathematical Statistics}
}

@article{mei2022generalization,
  title={Generalization error of random feature and kernel methods: hypercontractivity and kernel matrix concentration},
  author={Mei, Song and Misiakiewicz, Theodor and Montanari, Andrea},
  journal={Applied and Computational Harmonic Analysis},
  volume={59},
  pages={3--84},
  year={2022},
  publisher={Elsevier}
}

@inproceedings{montanari2022universality,
  title={Universality of empirical risk minimization},
  author={Montanari, Andrea and Saeed, Basil N},
  booktitle={Conference on Learning Theory},
  pages={4310--4312},
  year={2022},
  organization={PMLR}
}



@article{hu2022universality,
  title={Universality laws for high-dimensional learning with random features},
  author={Hu, Hong and Lu, Yue M},
  journal={IEEE Transactions on Information Theory},
  year={2022},
  publisher={IEEE}
}

@article{li2023statistical,
  title={Statistical Optimality of Deep Wide Neural Networks},
  author={Li, Yicheng and Yu, Zixiong and Chen, Guhan and Lin, Qian},
  journal={arXiv preprint arXiv:2305.02657},
  year={2023}
}

@article{lin2020optimal,
  title={Optimal rates for spectral algorithms with least-squares regression over Hilbert spaces},
  author={Lin, Junhong and Rudi, Alessandro and Rosasco, Lorenzo and Cevher, Volkan},
  journal={Applied and Computational Harmonic Analysis},
  volume={48},
  number={3},
  pages={868--890},
  year={2020},
  publisher={Elsevier}
}

@article{fischer2020sobolev,
  title={Sobolev norm learning rates for regularized least-squares algorithms},
  author={Fischer, Simon and Steinwart, Ingo},
  journal={The Journal of Machine Learning Research},
  volume={21},
  number={1},
  pages={8464--8501},
  year={2020},
  publisher={JMLRORG}
}

@article{cui2021generalization,
  title={Generalization error rates in kernel regression: The crossover from the noiseless to noisy regime},
  author={Cui, Hugo and Loureiro, Bruno and Krzakala, Florent and Zdeborov{\'a}, Lenka},
  journal={Advances in Neural Information Processing Systems},
  volume={34},
  pages={10131--10143},
  year={2021}
}



@inproceedings{buchholz2022kernel,
  title={Kernel interpolation in Sobolev spaces is not consistent in low dimensions},
  author={Buchholz, Simon},
  booktitle={Conference on Learning Theory},
  pages={3410--3440},
  year={2022},
  organization={PMLR}
}

@inproceedings{richards2021asymptotics,
  title={Asymptotics of ridge (less) regression under general source condition},
  author={Richards, Dominic and Mourtada, Jaouad and Rosasco, Lorenzo},
  booktitle={International Conference on Artificial Intelligence and Statistics},
  pages={3889--3897},
  year={2021},
  organization={PMLR}
}

@article{wu2020optimal,
  title={On the Optimal Weighted $\ell_2 $ Regularization in Overparameterized Linear Regression},
  author={Wu, Denny and Xu, Ji},
  journal={Advances in Neural Information Processing Systems},
  volume={33},
  pages={10112--10123},
  year={2020}
}

@article{rosasco2010learning,
  title={On learning with integral operators.},
  author={Rosasco, Lorenzo and Belkin, Mikhail and De Vito, Ernesto},
  journal={Journal of Machine Learning Research},
  volume={11},
  number={2},
  year={2010}
}

@book{atkinson2012spherical,
  title={Spherical harmonics and approximations on the unit sphere: an introduction},
  author={Atkinson, Kendall and Han, Weimin},
  volume={2044},
  year={2012},
  publisher={Springer Science \& Business Media}
}

@article{fasshauer2011positive,
  title={Positive definite kernels: past, present and future},
  author={Fasshauer, Gregory E},
  journal={Dolomites Research Notes on Approximation},
  volume={4},
  pages={21--63},
  year={2011}
}

@book{szeg1939orthogonal,
  title={Orthogonal polynomials},
  author={Szeg, Gabor},
  volume={23},
  year={1939},
  publisher={American Mathematical Soc.}
}

@article{braun2006accurate,
  title={Accurate error bounds for the eigenvalues of the kernel matrix},
  author={Braun, Mikio L},
  journal={The Journal of Machine Learning Research},
  volume={7},
  pages={2303--2328},
  year={2006},
  publisher={JMLR. org}
}

@article{mas2015high,
  title={High-dimensional principal projections},
  author={Mas, Andr{\'e} and Ruymgaart, Frits},
  journal={Complex Analysis and Operator Theory},
  volume={9},
  pages={35--63},
  year={2015},
  publisher={Springer}
}

@article{koltchinskii2017concentration,
  title={Concentration inequalities and moment bounds for sample covariance operators},
  author={Koltchinskii, Vladimir and Lounici, Karim},
  journal={Bernoulli},
  volume={23},
  number={1},
  pages={110--133},
  year={2017},
  publisher={JSTOR}
}

@article{jirak2020perturbation,
  title={Perturbation bounds for eigenspaces under a relative gap condition},
  author={Jirak, Moritz and Wahl, Martin},
  journal={Proceedings of the American Mathematical Society},
  volume={148},
  number={2},
  pages={479--494},
  year={2020}
}

@article{valdivia2018relative,
  title={Relative concentration bounds for the spectrum of kernel matrices},
  author={Valdivia, Ernesto Araya},
  journal={arXiv preprint arXiv:1812.02108},
  year={2018}
}

@article{tropp2015introduction,
  title={An introduction to matrix concentration inequalities},
  author={Tropp, Joel A and others},
  journal={Foundations and Trends{\textregistered} in Machine Learning},
  volume={8},
  number={1-2},
  pages={1--230},
  year={2015},
  publisher={Now Publishers, Inc.}
}

@article{jacot2020kernel,
  title={Kernel alignment risk estimator: Risk prediction from training data},
  author={Jacot, Arthur and Simsek, Berfin and Spadaro, Francesco and Hongler, Cl{\'e}ment and Gabriel, Franck},
  journal={Advances in neural information processing systems},
  volume={33},
  pages={15568--15578},
  year={2020}
}

@article{cheng2022dimension,
  title={Dimension free ridge regression},
  author={Cheng, Chen and Montanari, Andrea},
  journal={arXiv preprint arXiv:2210.08571},
  year={2022}
}

@article{bartlett2020benign,
  title={Benign overfitting in linear regression},
  author={Bartlett, Peter L and Long, Philip M and Lugosi, G{\'a}bor and Tsigler, Alexander},
  journal={Proceedings of the National Academy of Sciences},
  volume={117},
  number={48},
  pages={30063--30070},
  year={2020},
  publisher={National Acad Sciences}
}

@inproceedings{bordelon2020spectrum,
  title={Spectrum dependent learning curves in kernel regression and wide neural networks},
  author={Bordelon, Blake and Canatar, Abdulkadir and Pehlevan, Cengiz},
  booktitle={International Conference on Machine Learning},
  pages={1024--1034},
  year={2020},
  organization={PMLR}
}

@article{canatar2021spectral,
  title={Spectral bias and task-model alignment explain generalization in kernel regression and infinitely wide neural networks},
  author={Canatar, Abdulkadir and Bordelon, Blake and Pehlevan, Cengiz},
  journal={Nature communications},
  volume={12},
  number={1},
  pages={2914},
  year={2021},
  publisher={Nature Publishing Group UK London}
}

@article{simon2021eigenlearning,
  title={The Eigenlearning Framework: A Conservation Law Perspective on Kernel Regression and Wide Neural Networks},
  author={Simon, James B and Dickens, Madeline and Karkada, Dhruva and DeWeese, Michael R},
  journal={arXiv preprint arXiv:2110.03922},
  year={2021}
}

@article{koehler2021uniform,
  title={Uniform convergence of interpolators: Gaussian width, norm bounds and benign overfitting},
  author={Koehler, Frederic and Zhou, Lijia and Sutherland, Danica J and Srebro, Nathan},
  journal={Advances in Neural Information Processing Systems},
  volume={34},
  pages={20657--20668},
  year={2021}
}

@article{bach2023high,
  title={High-dimensional analysis of double descent for linear regression with random projections},
  author={Bach, Francis},
  journal={arXiv preprint arXiv:2303.01372},
  year={2023}
}

@article{ghorbani2021linearized,
  title={Linearized two-layers neural networks in high dimension},
  author={Ghorbani, Behrooz and Mei, Song and Misiakiewicz, Theodor and Montanari, Andrea},
  year={2021}
}

@inproceedings{gerace2020generalisation,
  title={Generalisation error in learning with random features and the hidden manifold model},
  author={Gerace, Federica and Loureiro, Bruno and Krzakala, Florent and M{\'e}zard, Marc and Zdeborov{\'a}, Lenka},
  booktitle={International Conference on Machine Learning},
  pages={3452--3462},
  year={2020},
  organization={PMLR}
}

@article{li2023kernel,
  title={Kernel interpolation generalizes poorly},
  author={Li, Yicheng and Zhang, Haobo and Lin, Qian},
  journal={arXiv preprint arXiv:2303.15809},
  year={2023}
}

@article{steinwart2012mercer,
  title={Mercer’s theorem on general domains: On the interaction between measures, kernels, and RKHSs},
  author={Steinwart, Ingo and Scovel, Clint},
  journal={Constructive Approximation},
  volume={35},
  pages={363--417},
  year={2012},
  publisher={Springer}
}

@book{horn2012matrix,
  title={Matrix analysis},
  author={Horn, Roger A and Johnson, Charles R},
  year={2012},
  publisher={Cambridge university press}
}

@phdthesis{braun2005spectral,
  title={Spectral properties of the kernel matrix and their relation to kernel methods in machine learning},
  author={Braun, Mikio Ludwig},
  year={2005},
  school={Universit{\"a}ts-und Landesbibliothek Bonn}
}

@article{smola2000regularization,
  title={Regularization with dot-product kernels},
  author={Smola, Alex and Ov{\'a}ri, Zolt{\'a}n and Williamson, Robert C},
  journal={Advances in neural information processing systems},
  volume={13},
  year={2000}
}

@book{dai2013approximation,
  title={Approximation theory and harmonic analysis on spheres and balls},
  author={Dai, Feng},
  year={2013},
  publisher={Springer}
}

@article{szmytkowski2009note,
  title={A note on parameter derivatives of classical orthogonal polynomials},
  author={Szmytkowski, Radoslaw},
  journal={arXiv preprint arXiv:0901.2639},
  year={2009}
}

@article{lohofer1991inequalities,
  title={Inequalities for Legendre functions and Gegenbauer functions},
  author={Loh{\"o}fer, Georg},
  journal={Journal of approximation theory},
  volume={64},
  number={2},
  pages={226--234},
  year={1991},
  publisher={Elsevier}
}

@book{artin2015gamma,
  title={The gamma function},
  author={Artin, Emil},
  year={2015},
  publisher={Courier Dover Publications}
}

@inproceedings{nguyen2021tight,
  title={Tight bounds on the smallest eigenvalue of the neural tangent kernel for deep relu networks},
  author={Nguyen, Quynh and Mondelli, Marco and Montufar, Guido F},
  booktitle={International Conference on Machine Learning},
  pages={8119--8129},
  year={2021},
  organization={PMLR}
}

@article{dancis1986quantitative,
  title={A quantitative formulation of Sylvester's law of inertia. III},
  author={Dancis, Jerome},
  journal={Linear Algebra and its Applications},
  volume={80},
  pages={141--158},
  year={1986},
  publisher={Elsevier}
}

@article{rivasplata2012subgaussian,
  title={Subgaussian random variables: An expository note},
  author={Rivasplata, Omar},
  journal={Internet publication, PDF},
  volume={5},
  year={2012}
}

@article{han2016spherical, 
    title={Spherical harmonics with maximal L p (2 $<$ p $\leq$ 6) norm growth}, 
    author={Han, Xiaolong}, 
    journal={The Journal of Geometric Analysis}, 
    volume={26}, 
    number={1},
    pages={378--398}, 
    year={2016}, 
    publisher={Springer} 
}

@article{duoandikoetxea1987reverse,
  title={Reverse H{\"o}lder inequalities for spherical harmonics},
  author={Duoandikoetxea, Javier},
  journal={Proceedings of the American Mathematical Society},
  volume={101},
  number={3},
  pages={487--491},
  year={1987}
}

@book{de2012decoupling,
  title={Decoupling: from dependence to independence},
  author={De la Pena, Victor and Gin{\'e}, Evarist},
  year={2012},
  publisher={Springer Science \& Business Media}
}

@inproceedings{liang2020multiple,
  title={On the multiple descent of minimum-norm interpolants and restricted lower isometry of kernels},
  author={Liang, Tengyuan and Rakhlin, Alexander and Zhai, Xiyu},
  booktitle={Conference on Learning Theory},
  pages={2683--2711},
  year={2020},
  organization={PMLR}
}

@article{cao2019towards,
  title={Towards understanding the spectral bias of deep learning},
  author={Cao, Yuan and Fang, Zhiying and Wu, Yue and Zhou, Ding-Xuan and Gu, Quanquan},
  journal={arXiv preprint arXiv:1912.01198},
  year={2019}
}

@inproceedings{belkin2018approximation,
  title={Approximation beats concentration? An approximation view on inference with smooth radial kernels},
  author={Belkin, Mikhail},
  booktitle={Conference On Learning Theory},
  pages={1348--1361},
  year={2018},
  organization={PMLR}
}

@article{azevedo2015eigenvalues,
  title={Eigenvalues of dot-product kernels on the sphere},
  author={Azevedo, Douglas and Menegatto, Valdir A},
  journal={Proceeding Series of the Brazilian Society of Computational and Applied Mathematics},
  volume={3},
  number={1},
  year={2015}
}

@inproceedings{scetbon2021spectral,
  title={A spectral analysis of dot-product kernels},
  author={Scetbon, Meyer and Harchaoui, Zaid},
  booktitle={International conference on artificial intelligence and statistics},
  pages={3394--3402},
  year={2021},
  organization={PMLR}
}

@article{misiakiewicz2022spectrum,
  title={Spectrum of inner-product kernel matrices in the polynomial regime and multiple descent phenomenon in kernel ridge regression},
  author={Misiakiewicz, Theodor},
  journal={arXiv preprint arXiv:2204.10425},
  year={2022}
}

@article{murray2022characterizing,
  title={Characterizing the spectrum of the NTK via a power series expansion},
  author={Murray, Michael and Jin, Hui and Bowman, Benjamin and Montufar, Guido},
  journal={arXiv preprint arXiv:2211.07844},
  year={2022}
}

@article{wang2021deformed,
  title={Deformed semicircle law and concentration of nonlinear random matrices for ultra-wide neural networks},
  author={Wang, Zhichao and Zhu, Yizhe},
  journal={arXiv preprint arXiv:2109.09304},
  year={2021}
}

@article{oymak2020toward,
  title={Toward moderate overparameterization: Global convergence guarantees for training shallow neural networks},
  author={Oymak, Samet and Soltanolkotabi, Mahdi},
  journal={IEEE Journal on Selected Areas in Information Theory},
  volume={1},
  number={1},
  pages={84--105},
  year={2020},
  publisher={IEEE}
}

@article{barzilai2022kernel,
  title={A kernel perspective of skip connections in convolutional networks},
  author={Barzilai, Daniel and Geifman, Amnon and Galun, Meirav and Basri, Ronen},
  journal={arXiv preprint arXiv:2211.14810},
  year={2022}
}

@article{geifman2023controlling,
  title={Controlling the Inductive Bias of Wide Neural Networks by Modifying the Kernel's Spectrum},
  author={Geifman, Amnon and Barzilai, Daniel and Basri, Ronen and Galun, Meirav},
  journal={arXiv preprint arXiv:2307.14531},
  year={2023}
}

@inproceedings{ali2019continuous,
  title={A continuous-time view of early stopping for least squares regression},
  author={Ali, Alnur and Kolter, J Zico and Tibshirani, Ryan J},
  booktitle={The 22nd international conference on artificial intelligence and statistics},
  pages={1370--1378},
  year={2019},
  organization={PMLR}
}

@inproceedings{du2019gradient,
  title={Gradient descent finds global minima of deep neural networks},
  author={Du, Simon and Lee, Jason and Li, Haochuan and Wang, Liwei and Zhai, Xiyu},
  booktitle={International conference on machine learning},
  pages={1675--1685},
  year={2019},
  organization={PMLR}
}

@inproceedings{huang2020dynamics,
  title={Dynamics of deep neural networks and neural tangent hierarchy},
  author={Huang, Jiaoyang and Yau, Horng-Tzer},
  booktitle={International conference on machine learning},
  pages={4542--4551},
  year={2020},
  organization={PMLR}
}

@inproceedings{arora2019fine,
  title={Fine-grained analysis of optimization and generalization for overparameterized two-layer neural networks},
  author={Arora, Sanjeev and Du, Simon and Hu, Wei and Li, Zhiyuan and Wang, Ruosong},
  booktitle={International Conference on Machine Learning},
  pages={322--332},
  year={2019},
  organization={PMLR}
}

@article{fan2020spectra,
  title={Spectra of the conjugate kernel and neural tangent kernel for linear-width neural networks},
  author={Fan, Zhou and Wang, Zhichao},
  journal={Advances in neural information processing systems},
  volume={33},
  pages={7710--7721},
  year={2020}
}

@article{bietti2020deep,
  title={Deep equals shallow for ReLU networks in kernel regimes},
  author={Bietti, Alberto and Bach, Francis},
  journal={arXiv preprint arXiv:2009.14397},
  year={2020}
}

@inproceedings{basri2020frequency,
  title={Frequency bias in neural networks for input of non-uniform density},
  author={Basri, Ronen and Galun, Meirav and Geifman, Amnon and Jacobs, David and Kasten, Yoni and Kritchman, Shira},
  booktitle={International Conference on Machine Learning},
  pages={685--694},
  year={2020},
  organization={PMLR}
}

@article{li2021towards,
  title={Towards an understanding of benign overfitting in neural networks},
  author={Li, Zhu and Zhou, Zhi-Hua and Gretton, Arthur},
  journal={arXiv preprint arXiv:2106.03212},
  year={2021}
}

@article{dobriban2018high,
  title={High-dimensional asymptotics of prediction: Ridge regression and classification},
  author={Dobriban, Edgar and Wager, Stefan},
  journal={The Annals of Statistics},
  volume={46},
  number={1},
  pages={247--279},
  year={2018},
  publisher={JSTOR}
}

@article{lee2019wide,
  title={Wide neural networks of any depth evolve as linear models under gradient descent},
  author={Lee, Jaehoon and Xiao, Lechao and Schoenholz, Samuel and Bahri, Yasaman and Novak, Roman and Sohl-Dickstein, Jascha and Pennington, Jeffrey},
  journal={Advances in neural information processing systems},
  volume={32},
  year={2019}
}

@article{jacot2018neural,
  title={Neural tangent kernel: Convergence and generalization in neural networks},
  author={Jacot, Arthur and Gabriel, Franck and Hongler, Cl{\'e}ment},
  journal={Advances in neural information processing systems},
  volume={31},
  year={2018}
}

@article{caponnetto2007optimal,
  title={Optimal rates for the regularized least-squares algorithm},
  author={Caponnetto, Andrea and De Vito, Ernesto},
  journal={Foundations of Computational Mathematics},
  volume={7},
  pages={331--368},
  year={2007},
  publisher={Springer}
}

@inproceedings{steinwart2009optimal,
  title={Optimal Rates for Regularized Least Squares Regression.},
  author={Steinwart, Ingo and Hush, Don R and Scovel, Clint and others},
  booktitle={COLT},
  pages={79--93},
  year={2009}
}

@article{cheng2023theoretical,
  title={A Theoretical Analysis of the Test Error of Finite-Rank Kernel Ridge Regression},
  author={Cheng, Tin Sum and Lucchi, Aurelien and Dokmani{\'c}, Ivan and Kratsios, Anastasis and Belius, David},
  journal={arXiv preprint arXiv:2310.00987},
  year={2023}
}

@article{spigler2020asymptotic,
  title={Asymptotic learning curves of kernel methods: empirical data versus teacher--student paradigm},
  author={Spigler, Stefano and Geiger, Mario and Wyart, Matthieu},
  journal={Journal of Statistical Mechanics: Theory and Experiment},
  volume={2020},
  number={12},
  pages={124001},
  year={2020},
  publisher={IOP Publishing}
}

@article{caponnetto2005fast,
  title={Fast rates for regularized least-squares algorithm},
  author={Caponnetto, Andrea and Vito, Ernesto De},
  year={2005}
}

@article{chen2020deep,
  title={Deep neural tangent kernel and laplace kernel have the same rkhs},
  author={Chen, Lin and Xu, Sheng},
  journal={arXiv preprint arXiv:2009.10683},
  year={2020}
}

@article{ronen2019convergence,
  title={The convergence rate of neural networks for learned functions of different frequencies},
  author={Basri, Ronen and Jacobs, David and Kasten, Yoni and Kritchman, Shira},
  journal={Advances in Neural Information Processing Systems},
  volume={32},
  year={2019}
}

@article{belfer2021spectral,
  title={Spectral analysis of the neural tangent kernel for deep residual networks},
  author={Belfer, Yuval and Geifman, Amnon and Galun, Meirav and Basri, Ronen},
  journal={arXiv preprint arXiv:2104.03093},
  year={2021}
}

@inproceedings{yang2021tensor,
  title={Tensor programs iib: Architectural universality of neural tangent kernel training dynamics},
  author={Yang, Greg and Littwin, Etai},
  booktitle={International Conference on Machine Learning},
  pages={11762--11772},
  year={2021},
  organization={PMLR}
}

@article{bowman2022spectral,
  title={Spectral bias outside the training set for deep networks in the kernel regime},
  author={Bowman, Benjamin and Montufar, Guido F},
  journal={Advances in Neural Information Processing Systems},
  volume={35},
  pages={30362--30377},
  year={2022}
}

@article{geifman2022spectral,
  title={On the spectral bias of convolutional neural tangent and gaussian process kernels},
  author={Geifman, Amnon and Galun, Meirav and Jacobs, David and Ronen, Basri},
  journal={Advances in Neural Information Processing Systems},
  volume={35},
  pages={11253--11265},
  year={2022}
}

@inproceedings{minh2006mercer,
  title={Mercer’s theorem, feature maps, and smoothing},
  author={Minh, Ha Quang and Niyogi, Partha and Yao, Yuan},
  booktitle={International Conference on Computational Learning Theory},
  pages={154--168},
  year={2006},
  organization={Springer}
}

@article{steinwart2006explicit,
  title={An explicit description of the reproducing kernel Hilbert spaces of Gaussian RBF kernels},
  author={Steinwart, Ingo and Hush, Don and Scovel, Clint},
  journal={IEEE Transactions on Information Theory},
  volume={52},
  number={10},
  pages={4635--4643},
  year={2006},
  publisher={IEEE}
}

@book{o2014analysis,
  title={Analysis of boolean functions},
  author={O'Donnell, Ryan},
  year={2014},
  publisher={Cambridge University Press}
}

@article{yang2019fine,
  title={A fine-grained spectral perspective on neural networks},
  author={Yang, Greg and Salman, Hadi},
  journal={arXiv preprint arXiv:1907.10599},
  year={2019}
}

@article{lee2017deep,
  title={Deep neural networks as gaussian processes},
  author={Lee, Jaehoon and Bahri, Yasaman and Novak, Roman and Schoenholz, Samuel S and Pennington, Jeffrey and Sohl-Dickstein, Jascha},
  journal={arXiv preprint arXiv:1711.00165},
  year={2017}
}

@article{belkin2019reconciling,
  title={Reconciling modern machine-learning practice and the classical bias--variance trade-off},
  author={Belkin, Mikhail and Hsu, Daniel and Ma, Siyuan and Mandal, Soumik},
  journal={Proceedings of the National Academy of Sciences},
  volume={116},
  number={32},
  pages={15849--15854},
  year={2019},
  publisher={National Acad Sciences}
}

@article{soudry2018implicit,
  title={The implicit bias of gradient descent on separable data},
  author={Soudry, Daniel and Hoffer, Elad and Nacson, Mor Shpigel and Gunasekar, Suriya and Srebro, Nathan},
  journal={The Journal of Machine Learning Research},
  volume={19},
  number={1},
  pages={2822--2878},
  year={2018},
  publisher={JMLR. org}
}

@article{safraneffective2022,
  title={On the Effective Number of Linear Regions in Shallow Univariate ReLU Networks: Convergence Guarantees and Implicit Bias},
  author={Safran, Itay and Vardi, Gal and Lee, Jason D},
  journal={Advances in Neural Information Processing Systems},
  volume={35},
  year={2022}
}

@book{mohri2018foundations,
  title={Foundations of machine learning},
  author={Mohri, Mehryar and Rostamizadeh, Afshin and Talwalkar, Ameet},
  year={2018}
}


@inproceedings{frei2023benign,
  title={Benign overfitting in linear classifiers and leaky relu networks from kkt conditions for margin maximization},
  author={Frei, Spencer and Vardi, Gal and Bartlett, Peter and Srebro, Nathan},
  booktitle={The Thirty Sixth Annual Conference on Learning Theory},
  pages={3173--3228},
  year={2023},
  organization={PMLR}
}

@article{manoj2023interpolation,
  title={Interpolation Learning With Minimum Description Length},
  author={Manoj, Naren Sarayu and Srebro, Nathan},
  journal={arXiv preprint arXiv:2302.07263},
  year={2023}
}

@inproceedings{rakhlin2019consistency,
  title={Consistency of interpolation with Laplace kernels is a high-dimensional phenomenon},
  author={Rakhlin, Alexander and Zhai, Xiyu},
  booktitle={Conference on Learning Theory},
  pages={2595--2623},
  year={2019},
  organization={PMLR}
}

@inproceedings{xu2023benign,
  title={Benign overfitting of non-smooth neural networks beyond lazy training},
  author={Xu, Xingyu and Gu, Yuantao},
  booktitle={International Conference on Artificial Intelligence and Statistics},
  pages={11094--11117},
  year={2023},
  organization={PMLR}
}


@article{zhang2017understanding,
  title={Understanding deep learning requires rethinking generalization},
  author={Zhang, Chiyuan and Bengio, Samy and Hardt, Moritz and Recht, Benjamin and Vinyals, Oriol},
  journal={5th International Conference on Learning Representations,
  {ICLR}},
  year={2017},
}


@inproceedings{lyu2020gradient,
  author       = {Kaifeng Lyu and
                  Jian Li},
  title        = {Gradient Descent Maximizes the Margin of Homogeneous Neural Networks},
  booktitle    = {8th International Conference on Learning Representations (ICLR)},
  year         = {2020},
}

@article{ji2020directional,
  title={Directional convergence and alignment in deep learning},
  author={Ji, Ziwei and Telgarsky, Matus},
  journal={Advances in Neural Information Processing Systems},
  volume={33},
  pages={17176--17186},
  year={2020}
}

@Book{Clarke-1990-Optimization,
    Title           = {Optimization and Nonsmooth Analysis},
    Author          = {Clarke, F. H. },
    Year            = {1990},
    Publisher       = {SIAM}
}

@article{holst1980lengths,
  title={On the lengths of the pieces of a stick broken at random},
  author={Holst, Lars},
  journal={Journal of Applied Probability},
  volume={17},
  number={3},
  pages={623--634},
  year={1980},
  publisher={Cambridge University Press}
}

@article{pyke1965spacings,
  title={Spacings},
  author={Pyke, Ronald},
  journal={Journal of the Royal Statistical Society: Series B (Methodological)},
  volume={27},
  number={3},
  pages={395--436},
  year={1965},
  publisher={Wiley Online Library}
}

@article{vardi2022margin,
  title={On margin maximization in linear and relu networks},
  author={Vardi, Gal and Shamir, Ohad and Srebro, Nati},
  journal={Advances in Neural Information Processing Systems},
  volume={35},
  pages={37024--37036},
  year={2022}
}

@article{ball1997elementary,
  title={An elementary introduction to modern convex geometry},
  author={Ball, Keith},
  journal={Flavors of geometry},
  volume={31},
  number={1-58},
  pages={26},
  year={1997}
}

@article{belkin2021fit,
  title={Fit without fear: remarkable mathematical phenomena of deep learning through the prism of interpolation},
  author={Belkin, Mikhail},
  journal={Acta Numerica},
  volume={30},
  pages={203--248},
  year={2021},
  publisher={Cambridge University Press}
}



@article{liang2020just,
  title={Just interpolate: Kernel “ridgeless” regression can generalize},
  author={Liang, Tengyuan and Rakhlin, Alexander},
  journal={The Annals of Statistics},
  volume={48},
  number={3},
  pages={1329--1347},
  year={2020}
}



@inproceedings{frei2022benign,
  title={Benign overfitting without linearity: Neural network classifiers trained by gradient descent for noisy linear data},
  author={Frei, Spencer and Chatterji, Niladri S and Bartlett, Peter},
  booktitle={Conference on Learning Theory},
  pages={2668--2703},
  year={2022},
  organization={PMLR}
}

@article{cao2022benign,
  title={Benign overfitting in two-layer convolutional neural networks},
  author={Cao, Yuan and Chen, Zixiang and Belkin, Misha and Gu, Quanquan},
  journal={Advances in neural information processing systems},
  volume={35},
  pages={25237--25250},
  year={2022}
}

@article{kou2023benign,
  title={Benign Overfitting for Two-layer ReLU Networks},
  author={Kou, Yiwen and Chen, Zixiang and Chen, Yuanzhou and Gu, Quanquan},
  journal={arXiv preprint arXiv:2303.04145},
  year={2023}
}

@article{chatterji2023deep,
  title={Deep linear networks can benignly overfit when shallow ones do},
  author={Chatterji, Niladri S and Long, Philip M},
  journal={Journal of Machine Learning Research},
  volume={24},
  number={117},
  pages={1--39},
  year={2023}
}

@article{bartlett2021deep,
  title={Deep learning: a statistical viewpoint},
  author={Bartlett, Peter L and Montanari, Andrea and Rakhlin, Alexander},
  journal={Acta numerica},
  volume={30},
  pages={87--201},
  year={2021},
  publisher={Cambridge University Press}
}

@article{dutta2013approximate,
  title={Approximate KKT points and a proximity measure for termination},
  author={Dutta, Joydeep and Deb, Kalyanmoy and Tulshyan, Rupesh and Arora, Ramnik},
  journal={Journal of Global Optimization},
  volume={56},
  number={4},
  pages={1463--1499},
  year={2013},
  publisher={Springer}
}

@article{vardi2022implicit,
  title={On the implicit bias in deep-learning algorithms},
  author={Vardi, Gal},
  journal={arXiv preprint arXiv:2208.12591},
  year={2022}
}

@article{chatterji2021finite,
  title={Finite-sample analysis of interpolating linear classifiers in the overparameterized regime},
  author={Chatterji, Niladri S and Long, Philip M},
  journal={The Journal of Machine Learning Research},
  volume={22},
  number={1},
  pages={5721--5750},
  year={2021},
  publisher={JMLRORG}
}

@article{belkin2020two,
  title={Two models of double descent for weak features},
  author={Belkin, Mikhail and Hsu, Daniel and Xu, Ji},
  journal={SIAM Journal on Mathematics of Data Science},
  volume={2},
  number={4},
  pages={1167--1180},
  year={2020},
  publisher={SIAM}
}



@article{zhou2023optimistic,
  title={Optimistic rates: A unifying theory for interpolation learning and regularization in linear regression},
  author={Zhou, Lijia and Koehler, Frederic and Sutherland, Danica J and Srebro, Nathan},
  journal={ACM/IMS Journal of Data Science},
  volume={1},
  year={2023}
}

@article{nagarajan2019uniform,
  title={Uniform convergence may be unable to explain generalization in deep learning},
  author={Nagarajan, Vaishnavh and Kolter, J Zico},
  journal={Advances in Neural Information Processing Systems},
  volume={32},
  year={2019}
}

@inproceedings{yang2021exact,
  title={Exact gap between generalization error and uniform convergence in random feature models},
  author={Yang, Zitong and Bai, Yu and Mei, Song},
  booktitle={International Conference on Machine Learning},
  pages={11704--11715},
  year={2021},
  organization={PMLR}
}

@inproceedings{negrea2020defense,
  title={In defense of uniform convergence: Generalization via derandomization with an application to interpolating predictors},
  author={Negrea, Jeffrey and Dziugaite, Gintare Karolina and Roy, Daniel},
  booktitle={International Conference on Machine Learning},
  pages={7263--7272},
  year={2020},
  organization={PMLR}
}

@article{bartlett2021failures,
  title={Failures of model-dependent generalization bounds for least-norm interpolation},
  author={Bartlett, Peter L and Long, Philip M},
  journal={The Journal of Machine Learning Research},
  volume={22},
  number={1},
  pages={9297--9311},
  year={2021},
  publisher={JMLR.org}
}

@article{muthukumar2021classification,
  title={Classification vs regression in overparameterized regimes: Does the loss function matter?},
  author={Muthukumar, Vidya and Narang, Adhyyan and Subramanian, Vignesh and Belkin, Mikhail and Hsu, Daniel and Sahai, Anant},
  journal={The Journal of Machine Learning Research},
  volume={22},
  number={1},
  pages={10104--10172},
  year={2021},
  publisher={JMLRORG}
}

@inproceedings{bachmann2021uniform,
  title={Uniform convergence, adversarial spheres and a simple remedy},
  author={Bachmann, Gregor and Moosavi-Dezfooli, Seyed-Mohsen and Hofmann, Thomas},
  booktitle={International Conference on Machine Learning},
  pages={490--499},
  year={2021},
  organization={PMLR}
}

@article{shamir2023implicit,
  title={The Implicit Bias of Benign Overfitting},
  author={Shamir, Ohad},
  journal={Journal of Machine Learning Research},
  volume={24},
  number={113},
  pages={1--40},
  year={2023}
}

@article{montanari2019generalization,
  title={The generalization error of max-margin linear classifiers: High-dimensional asymptotics in the overparametrized regime},
  author={Montanari, Andrea and Ruan, Feng and Sohn, Youngtak and Yan, Jun},
  journal={arXiv preprint arXiv:1911.01544},
  year={2019}
}

@inproceedings{wang2021abenign,
  title={Benign overfitting in binary classification of gaussian mixtures},
  author={Wang, Ke and Thrampoulidis, Christos},
  booktitle={ICASSP 2021-2021 IEEE International Conference on Acoustics, Speech and Signal Processing (ICASSP)},
  pages={4030--4034},
  year={2021},
  organization={IEEE}
}

@article{cao2021risk,
  title={Risk bounds for over-parameterized maximum margin classification on sub-gaussian mixtures},
  author={Cao, Yuan and Gu, Quanquan and Belkin, Mikhail},
  journal={Advances in Neural Information Processing Systems},
  volume={34},
  pages={8407--8418},
  year={2021}
}

@article{liang2023interpolating,
  title={Interpolating Classifiers Make Few Mistakes},
  author={Liang, Tengyuan and Recht, Benjamin},
  journal={Journal of Machine Learning Research},
  volume={24},
  number={20},
  pages={1--27},
  year={2023}
}

@inproceedings{mcrae2022harmless,
  title={Harmless interpolation in regression and classification with structured features},
  author={McRae, Andrew D and Karnik, Santhosh and Davenport, Mark and Muthukumar, Vidya K},
  booktitle={International Conference on Artificial Intelligence and Statistics},
  pages={5853--5875},
  year={2022},
  organization={PMLR}
}

@article{poggio2019generalization,
  title={Generalization in deep network classifiers trained with the square loss},
  author={Poggio, Tomaso and Liao, Qianli},
  journal={Center for Brains, Minds and Machines (CBMM) Memo},
  volume={112},
  year={2019}
}

@article{wang2021bbenign,
  title={Benign overfitting in multiclass classification: All roads lead to interpolation},
  author={Wang, Ke and Muthukumar, Vidya and Thrampoulidis, Christos},
  journal={Advances in Neural Information Processing Systems},
  volume={34},
  pages={24164--24179},
  year={2021}
}

@article{hu2022understanding,
  title={Understanding square loss in training overparametrized neural network classifiers},
  author={Hu, Tianyang and Wang, Jun and Wang, Wenjia and Li, Zhenguo},
  journal={Advances in Neural Information Processing Systems},
  volume={35},
  pages={16495--16508},
  year={2022}
}

@article{thrampoulidis2020theoretical,
  title={Theoretical insights into multiclass classification: A high-dimensional asymptotic view},
  author={Thrampoulidis, Christos and Oymak, Samet and Soltanolkotabi, Mahdi},
  journal={Advances in Neural Information Processing Systems},
  volume={33},
  pages={8907--8920},
  year={2020}
}

@article{nakkiran2020distributional,
  title={Distributional generalization: A new kind of generalization},
  author={Nakkiran, Preetum and Bansal, Yamini},
  journal={arXiv preprint arXiv:2009.08092},
  year={2020}
}

@article{boursier2023penalising,
  title={Penalising the biases in norm regularisation enforces sparsity},
  author={Boursier, Etienne and Flammarion, Nicolas},
  journal={arXiv preprint arXiv:2303.01353},
  year={2023}
}

@inproceedings{savarese2019infinite,
  title={How do infinite width bounded norm networks look in function space?},
  author={Savarese, Pedro and Evron, Itay and Soudry, Daniel and Srebro, Nathan},
  booktitle={Conference on Learning Theory},
  pages={2667--2690},
  year={2019},
  organization={PMLR}
}

@article{glasgow2022max,
  title={Max-Margin Works while Large Margin Fails: Generalization without Uniform Convergence},
  author={Glasgow, Margalit and Wei, Colin and Wootters, Mary and Ma, Tengyu},
  journal={arXiv preprint arXiv:2206.07892},
  year={2022}
}


@inproceedings{joshi2024noisy,
  title={Noisy Interpolation Learning with Shallow Univariate ReLU Networks},
  author={Joshi, Nirmit and Vardi, Gal and Srebro, Nathan},
  booktitle={The Twelfth International Conference on Learning Representations},
year={2024}
}

@article{kornowski2024tempered,
  title={From tempered to benign overfitting in relu neural networks},
  author={Kornowski, Guy and Yehudai, Gilad and Shamir, Ohad},
  journal={Advances in Neural Information Processing Systems},
  volume={36},
  year={2024}
}

@article{mei2022generalizationrandomfeat,
  title={The generalization error of random features regression: Precise asymptotics and the double descent curve},
  author={Mei, Song and Montanari, Andrea},
  journal={Communications on Pure and Applied Mathematics},
  volume={75},
  number={4},
  pages={667--766},
  year={2022},
  publisher={Wiley Online Library}
}

@book{stein2009real,
  title={Real analysis: measure theory, integration, and Hilbert spaces},
  author={Stein, Elias M and Shakarchi, Rami},
  year={2009},
  publisher={Princeton University Press}
}