@inproceedings{cai2017real,
  title={Real-time bidding by reinforcement learning in display advertising},
  author={Cai, Han and Ren, Kan and Zhang, Weinan and Malialis, Kleanthis and Wang, Jun and Yu, Yong and Guo, Defeng},
  booktitle={Proceedings of the tenth ACM international conference on web search and data mining},
  pages={661--670},
  year={2017}
}

@article{gur2023real,
  title={A real-world webagent with planning, long context understanding, and program synthesis},
  author={Gur, Izzeddin and Furuta, Hiroki and Huang, Austin and Safdari, Mustafa and Matsuo, Yutaka and Eck, Douglas and Faust, Aleksandra},
  journal={arXiv preprint arXiv:2307.12856},
  year={2023}
}

@inproceedings{he2021unified,
  title={A unified solution to constrained bidding in online display advertising},
  author={He, Yue and Chen, Xiujun and Wu, Di and Pan, Junwei and Tan, Qing and Yu, Chuan and Xu, Jian and Zhu, Xiaoqiang},
  booktitle={Proceedings of the 27th ACM SIGKDD Conference on Knowledge Discovery \& Data Mining},
  pages={2993--3001},
  year={2021}
}

@article{hong2023metagpt,
  title={Metagpt: Meta programming for multi-agent collaborative framework},
  author={Hong, Sirui and Zheng, Xiawu and Chen, Jonathan and Cheng, Yuheng and Wang, Jinlin and Zhang, Ceyao and Wang, Zili and Yau, Steven Ka Shing and Lin, Zijuan and Zhou, Liyang and others},
  journal={arXiv preprint arXiv:2308.00352},
  year={2023}
}

@article{huang2023agentcoder,
  title={Agentcoder: Multi-agent-based code generation with iterative testing and optimisation},
  author={Huang, Dong and Bu, Qingwen and Zhang, Jie M and Luck, Michael and Cui, Heming},
  journal={arXiv preprint arXiv:2312.13010},
  year={2023}
}

@article{li2024agent,
  title={Agent hospital: A simulacrum of hospital with evolvable medical agents},
  author={Li, Junkai and Wang, Siyu and Zhang, Meng and Li, Weitao and Lai, Yunghwei and Kang, Xinhui and Ma, Weizhi and Liu, Yang},
  journal={arXiv preprint arXiv:2405.02957},
  year={2024}
}

@inproceedings{perlich2012bid,
  title={Bid optimizing and inventory scoring in targeted online advertising},
  author={Perlich, Claudia and Dalessandro, Brian and Hook, Rod and Stitelman, Ori and Raeder, Troy and Provost, Foster},
  booktitle={Proceedings of the 18th ACM SIGKDD international conference on Knowledge discovery and data mining},
  pages={804--812},
  year={2012}
}

@inproceedings{wang2015real,
  title={Real-time bidding: A new frontier of computational advertising research},
  author={Wang, Jun and Yuan, Shuai},
  booktitle={Proceedings of the Eighth ACM International Conference on Web Search and Data Mining},
  pages={415--416},
  year={2015}
}

@inproceedings{wu2018budget,
  title={Budget constrained bidding by model-free reinforcement learning in display advertising},
  author={Wu, Di and Chen, Xiujun and Yang, Xun and Wang, Hao and Tan, Qing and Zhang, Xiaoxun and Xu, Jian and Gai, Kun},
  booktitle={Proceedings of the 27th ACM International Conference on Information and Knowledge Management},
  pages={1443--1451},
  year={2018}
}

@article{xu2024eduagent,
  title={EduAgent: Generative Student Agents in Learning},
  author={Xu, Songlin and Zhang, Xinyu and Qin, Lianhui},
  journal={arXiv preprint arXiv:2404.07963},
  year={2024}
}

@article{yang2023auto,
  title={Auto-gpt for online decision making: Benchmarks and additional opinions},
  author={Yang, Hui and Yue, Sifu and He, Yunzhong},
  journal={arXiv preprint arXiv:2306.02224},
  year={2023}
}

@article{yu2017online,
  title={Online convex optimization with stochastic constraints},
  author={Yu, Hao and Neely, Michael and Wei, Xiaohan},
  journal={Advances in Neural Information Processing Systems},
  volume={30},
  year={2017}
}

@article{yu2020low,
  title={A low complexity algorithm with $O(\sqrt{T})$ regret and $O(1)$ constraint violations for online convex optimization with long term constraints},
  author={Yu, Hao and Neely, Michael J},
  journal={Journal of Machine Learning Research},
  volume={21},
  number={1},
  pages={1--24},
  year={2020}
}

@article{zhang2024finagent,
  title={FinAgent: A Multimodal Foundation Agent for Financial Trading: Tool-Augmented, Diversified, and Generalist},
  author={Zhang, Wentao and Zhao, Lingxuan and Xia, Haochong and Sun, Shuo and Sun, Jiaze and Qin, Molei and Li, Xinyi and Zhao, Yuqing and Zhao, Yilei and Cai, Xinyu and others},
  journal={arXiv preprint arXiv:2402.18485},
  year={2024}
}

@inproceedings{zhao2018deep,
  title={Deep reinforcement learning for sponsored search real-time bidding},
  author={Zhao, Jun and Qiu, Guang and Guan, Ziyu and Zhao, Wei and He, Xiaofei},
  booktitle={Proceedings of the 24th ACM SIGKDD international conference on knowledge discovery \& data mining},
  pages={1021--1030},
  year={2018}
}

