
@article{li2024automated,
  title={Automated statistical model discovery with language models},
  author={Li, Michael Y and Fox, Emily B and Goodman, Noah D},
  journal={arXiv preprint arXiv:2402.17879},
  year={2024}
}


@inproceedings{hardy2023large,
  title={Large language models meet cognitive science: LLMs as tools, models, and participants},
  author={Hardy, Mathew and Sucholutsky, Ilia and Thompson, Bill and Griffiths, Tom},
  booktitle={Proceedings of the annual meeting of the cognitive science society},
  volume={45},
  number={45},
  year={2023}
}

@article{frank2023large,
  title={Large language models as models of human cognition},
  author={Frank, Michael C},
  year={2023},
  publisher={PsyArXiv}
}


@article{austin2021program,
  title={Program synthesis with large language models},
  author={Austin, Jacob and Odena, Augustus and Nye, Maxwell and Bosma, Maarten and Michalewski, Henryk and Dohan, David and Jiang, Ellen and Cai, Carrie and Terry, Michael and Le, Quoc and others},
  journal={arXiv preprint arXiv:2108.07732},
  year={2021}
}

@article{perez2021automatic,
  title={Automatic code generation using pre-trained language models},
  author={Perez, Luis and Ottens, Lizi and Viswanathan, Sudharshan},
  journal={arXiv preprint arXiv:2102.10535},
  year={2021}
}


@article{binz2022heuristics,
  title={Heuristics from bounded meta-learned inference.},
  author={Binz, Marcel and Gershman, Samuel J and Schulz, Eric and Endres, Dominik},
  journal={Psychological review},
  volume={129},
  number={5},
  pages={1042},
  year={2022},
  publisher={American Psychological Association}
}

@inproceedings{dasgupta2019heuristics,
  title={Heuristics, hacks, and habits: Boundedly optimal approaches to learning, reasoning and decision making},
  author={Dasgupta, Ishita and Schulz, Eric and Hamrick, Jessica B and Tenenbaum, Joshua B},
  booktitle={Proceedings of the Annual Meeting of the Cognitive Science Society},
  volume={41},
  year={2019}
}


@article{gigerenzer1996reasoning,
  title={Reasoning the fast and frugal way: models of bounded rationality.},
  author={Gigerenzer, Gerd and Goldstein, Daniel G},
  journal={Psychological review},
  volume={103},
  number={4},
  pages={650},
  year={1996},
  publisher={American Psychological Association}
}

@article{rescorla1972theory,
  title={A theory of Pavlovian conditioning: Variations in the effectiveness of reinforcement and nonreinforcement},
  author={Rescorla, Robert A},
  journal={Classical conditioning II: Current theory and research/Appleton-Century-Crofts},
  year={1972}
}


@article{watanabe2013widely,
  title={A widely applicable Bayesian information criterion},
  author={Watanabe, Sumio},
  journal={The Journal of Machine Learning Research},
  volume={14},
  number={1},
  pages={867--897},
  year={2013},
  publisher={JMLR. org}
}


@article{wang2016learning,
  title={Learning to reinforcement learn},
  author={Wang, Jane X and Kurth-Nelson, Zeb and Tirumala, Dhruva and Soyer, Hubert and Leibo, Joel Z and Munos, Remi and Blundell, Charles and Kumaran, Dharshan and Botvinick, Matt},
  journal={arXiv preprint arXiv:1611.05763},
  year={2016}
}


@article{frank2004carrot,
  title={By carrot or by stick: cognitive reinforcement learning in parkinsonism},
  author={Frank, Michael J and Seeberger, Lauren C and O'reilly, Randall C},
  journal={Science},
  volume={306},
  number={5703},
  pages={1940--1943},
  year={2004},
  publisher={American Association for the Advancement of Science}
}

@article{pessiglione2006dopamine,
  title={Dopamine-dependent prediction errors underpin reward-seeking behaviour in humans},
  author={Pessiglione, Mathias and Seymour, Ben and Flandin, Guillaume and Dolan, Raymond J and Frith, Chris D},
  journal={Nature},
  volume={442},
  number={7106},
  pages={1042--1045},
  year={2006},
  publisher={Nature Publishing Group UK London}
}

@article{palminteri2022computational,
  title={The computational roots of positivity and confirmation biases in reinforcement learning},
  author={Palminteri, Stefano and Lebreton, Ma{\"e}l},
  journal={Trends in Cognitive Sciences},
  volume={26},
  number={7},
  pages={607--621},
  year={2022},
  publisher={Elsevier}
}

@article{chambon2020information,
  title={Information about action outcomes differentially affects learning from self-determined versus imposed choices},
  author={Chambon, Val{\'e}rian and Th{\'e}ro, H{\'e}lo{\"\i}se and Vidal, Marie and Vandendriessche, Henri and Haggard, Patrick and Palminteri, Stefano},
  journal={Nature Human Behaviour},
  volume={4},
  number={10},
  pages={1067--1079},
  year={2020},
  publisher={Nature Publishing Group UK London}
}

@article{Musslick_AutoRA_Automated_Research_2024,
author = {Musslick, Sebastian and Andrew, Benjamin and Williams, Chad C. and Hewson, Joshua T. S. and Li, Sida and Marinescu, Ioana and Dubova, Marina and Dang, George T. and Strittmatter, Younes and Holland, John G.},
doi = {10.21105/joss.06839},
journal = {Journal of Open Source Software},
month = dec,
number = {104},
pages = {6839},
title = {{AutoRA: Automated Research Assistant for Closed-Loop Empirical Research}},
url = {https://joss.theoj.org/papers/10.21105/joss.06839},
volume = {9},
year = {2024}
}

@inproceedings{weinhardt2024computational,
  title={Computational discovery of human reinforcement learning dynamics from choice behavior},
  author={Weinhardt, Daniel and Eckstein, Maria K and Musslick, Sebastian},
  booktitle={NeurIPS 2024 Workshop on Behavioral Machine Learning},
  year={2024}
}

@article{binz2023should,
  title={How should the advent of large language models affect the practice of science?},
  author={Binz, Marcel and Alaniz, Stephan and Roskies, Adina and Aczel, Balazs and Bergstrom, Carl T and Allen, Colin and Schad, Daniel and Wulff, Dirk and West, Jevin D and Zhang, Qiong and others},
  journal={arXiv preprint arXiv:2312.03759},
  year={2023}
}

@article{wang2023scientific,
  title={Scientific discovery in the age of artificial intelligence},
  author={Wang, Hanchen and Fu, Tianfan and Du, Yuanqi and Gao, Wenhao and Huang, Kexin and Liu, Ziming and Chandak, Payal and Liu, Shengchao and Van Katwyk, Peter and Deac, Andreea and others},
  journal={Nature},
  volume={620},
  number={7972},
  pages={47--60},
  year={2023},
  publisher={Nature Publishing Group UK London}
}

@article{schubert2024context,
  title={In-context learning agents are asymmetric belief updaters},
  author={Schubert, Johannes A and Jagadish, Akshay K and Binz, Marcel and Schulz, Eric},
  journal={arXiv preprint arXiv:2402.03969},
  year={2024}
}

@article{jagadish2023zero,
  title={Zero-shot compositional reinforcement learning in humans},
  author={Jagadish, Akshay Kumar and Binz, Marcel and Saanum, Tankred and Wang, Jane X and Schulz, Eric},
  year={2023},
  publisher={PsyArXiv}
}

@ARTICLE{Griffiths2015-rm,
  title     = "Manifesto for a new (computational) cognitive revolution",
  author    = "Griffiths, Thomas L",
  journal   = "Cognition",
  publisher = "Elsevier BV",
  volume    =  135,
  pages     = "21--23",
  abstract  = "The cognitive revolution offered an alternative to merely
               analyzing human behavior, using the notion of computation to
               rigorously express hypotheses about the mind. Computation also
               gives us new tools for testing these hypotheses - large
               behavioral databases generated by human interactions with
               computers and with one another. This kind of data is typically
               analyzed by computer scientists, who focus on predicting people's
               behavior based on their history. A new cognitive revolution is
               needed, demonstrating the value of minds as intervening variables
               in these analyses and using the results to evaluate models of
               human cognition.",
  month     =  feb,
  year      =  2015,
  doi       = "10.1016/j.cognition.2014.11.026",
  pmid      =  25497482,
  issn      = "0010-0277,1873-7838",
  language  = "en"
}

@article{taatgen2016cognitive,
  title={Cognitive modeling at ICCM: state of the art and future directions},
  author={Taatgen, Niels A and van Vugt, Marieke K and Borst, Jelmer P and Mehlhorn, Katja},
  journal={Topics in Cognitive Science},
  volume={8},
  number={1},
  pages={259--263},
  year={2016},
  publisher={Wiley Online Library}
}

@article{addyman2012computational,
  title={Computational modeling in cognitive science: A manifesto for change},
  author={Addyman, Caspar and French, Robert M},
  journal={Topics in Cognitive Science},
  volume={4},
  number={3},
  pages={332--341},
  year={2012},
  publisher={Wiley Online Library}
}

@book{mandler2011history,
  title={A history of modern experimental psychology: From James and Wundt to cognitive science},
  author={Mandler, George},
  year={2011},
  publisher={MIT press}
}

@article{musslick2024closed,
  title={Closed-Loop Scientific Discovery in the Behavioral Sciences},
  author={Musslick, Sebastian and Strittmatter, Younes and Dubova, Marina},
  year={2024},
  publisher={OSF}
}

@article{peterson2021using,
  title={Using large-scale experiments and machine learning to discover theories of human decision-making},
  author={Peterson, Joshua C and Bourgin, David D and Agrawal, Mayank and Reichman, Daniel and Griffiths, Thomas L},
  journal={Science},
  volume={372},
  number={6547},
  pages={1209--1214},
  year={2021},
  publisher={American Association for the Advancement of Science}
}

@article{falkenhainer1986integrating,
  title={Integrating quantitative and qualitative discovery: the ABACUS system},
  author={Falkenhainer, Brian C and Michalski, Ryszard S},
  journal={Machine Learning},
  volume={1},
  pages={367--401},
  year={1986},
  publisher={Springer}
}

@article{king2004functional,
  title={Functional genomic hypothesis generation and experimentation by a robot scientist},
  author={King, Ross D and Whelan, Kenneth E and Jones, Ffion M and Reiser, Philip GK and Bryant, Christopher H and Muggleton, Stephen H and Kell, Douglas B and Oliver, Stephen G},
  journal={Nature},
  volume={427},
  number={6971},
  pages={247--252},
  year={2004},
  publisher={Nature Publishing Group UK London}
}

@article{langley1981data,
  title={Data-driven discovery of physical laws},
  author={Langley, Pat},
  journal={Cognitive Science},
  volume={5},
  number={1},
  pages={31--54},
  year={1981},
  publisher={Elsevier}
}

@misc{musslick2024automatingpracticescience,
      title={Automating the Practice of Science -- Opportunities, Challenges, and Implications}, 
      author={Sebastian Musslick and Laura K. Bartlett and Suyog H. Chandramouli and Marina Dubova and Fernand Gobet and Thomas L. Griffiths and Jessica Hullman and Ross D. King and J. Nathan Kutz and Christopher G. Lucas and Suhas Mahesh and Franco Pestilli and Sabina J. Sloman and William R. Holmes},
      year={2024},
      eprint={2409.05890},
      archivePrefix={arXiv},
      primaryClass={cs.CY},
      url={https://arxiv.org/abs/2409.05890}, 
}

@inproceedings{lloyd2014automatic,
  title={Automatic construction and natural-language description of nonparametric regression models},
  author={Lloyd, James and Duvenaud, David and Grosse, Roger and Tenenbaum, Joshua and Ghahramani, Zoubin},
  booktitle={Proceedings of the AAAI Conference on Artificial Intelligence},
  volume={28},
  number={1},
  year={2014}
}

@article{kemp2008discovery,
  title={The discovery of structural form},
  author={Kemp, Charles and Tenenbaum, Joshua B},
  journal={Proceedings of the National Academy of Sciences},
  volume={105},
  number={31},
  pages={10687--10692},
  year={2008},
  publisher={National Acad Sciences}
}

@article{xiao2024verbalized,
  title={Verbalized Machine Learning: Revisiting Machine Learning with Language Models},
  author={Xiao, Tim Z and Bamler, Robert and Sch{\"o}lkopf, Bernhard and Liu, Weiyang},
  journal={arXiv preprint arXiv:2406.04344},
  year={2024}
}

@article{zheng2023large,
  title={Large language models for scientific synthesis, inference and explanation},
  author={Zheng, Yizhen and Koh, Huan Yee and Ju, Jiaxin and Nguyen, Anh TN and May, Lauren T and Webb, Geoffrey I and Pan, Shirui},
  journal={arXiv preprint arXiv:2310.07984},
  year={2023}
}

@article{lu2024ai,
  title={The ai scientist: Towards fully automated open-ended scientific discovery},
  author={Lu, Chris and Lu, Cong and Lange, Robert Tjarko and Foerster, Jakob and Clune, Jeff and Ha, David},
  journal={arXiv preprint arXiv:2408.06292},
  year={2024}
}

@article{steinruecken2019automatic,
  title={The automatic statistician},
  author={Steinruecken, Christian and Smith, Emma and Janz, David and Lloyd, James and Ghahramani, Zoubin},
  journal={Automated machine learning: Methods, systems, challenges},
  pages={161--173},
  year={2019},
  publisher={Springer International Publishing}
}

@article{gulwani2011automating,
  title={Automating string processing in spreadsheets using input-output examples},
  author={Gulwani, Sumit},
  journal={ACM Sigplan Notices},
  volume={46},
  number={1},
  pages={317--330},
  year={2011},
  publisher={ACM New York, NY, USA}
}

@article{ni2024l2ceval,
  title={L2ceval: Evaluating language-to-code generation capabilities of large language models},
  author={Ni, Ansong and Yin, Pengcheng and Zhao, Yilun and Riddell, Martin and Feng, Troy and Shen, Rui and Yin, Stephen and Liu, Ye and Yavuz, Semih and Xiong, Caiming and others},
  journal={Transactions of the Association for Computational Linguistics},
  volume={12},
  pages={1311--1329},
  year={2024},
  publisher={MIT Press 255 Main Street, 9th Floor, Cambridge, Massachusetts 02142, USA~…}
}

@article{broder2003decision,
  title={Decision making with the" adaptive toolbox": influence of environmental structure, intelligence, and working memory load.},
  author={Br{\"o}der, Arndt},
  journal={Journal of Experimental Psychology: Learning, Memory, and Cognition},
  volume={29},
  number={4},
  pages={611},
  year={2003},
  publisher={American Psychological Association}
}

@article{gigerenzer2008heuristics,
  title={Why heuristics work},
  author={Gigerenzer, Gerd},
  journal={Perspectives on psychological science},
  volume={3},
  number={1},
  pages={20--29},
  year={2008},
  publisher={SAGE Publications Sage CA: Los Angeles, CA}
}



@article{broder2000assessing,
  title={Assessing the empirical validity of the" take-the-best" heuristic as a model of human probabilistic inference.},
  author={Br{\"o}der, Arndt},
  journal={Journal of Experimental Psychology: learning, memory, and Cognition},
  volume={26},
  number={5},
  pages={1332},
  year={2000},
  publisher={American Psychological Association}
}

@article{tversky1974judgment,
  title={Judgment under Uncertainty: Heuristics and Biases: Biases in judgments reveal some heuristics of thinking under uncertainty.},
  author={Tversky, Amos and Kahneman, Daniel},
  journal={science},
  volume={185},
  number={4157},
  pages={1124--1131},
  year={1974},
  publisher={American association for the advancement of science}
}

@incollection{kahneman2013prospect,
  title={Prospect theory: An analysis of decision under risk},
  author={Kahneman, Daniel and Tversky, Amos},
  booktitle={Handbook of the fundamentals of financial decision making: Part I},
  pages={99--127},
  year={2013},
  publisher={World Scientific}
}

@article{soto2023rescorla,
  title={Why is the Rescorla-Wagner model so influential?},
  author={Soto, Fabian A and Vogel, Edgar H and Uribe-Bahamonde, Yerco E and Perez, Omar D},
  journal={Neurobiology of Learning and Memory},
  volume={204},
  pages={107794},
  year={2023},
  publisher={Elsevier}
}

@misc{meta2024llama3.1,
  author = {Meta Platforms, Inc.},
  title = {Llama 3.1 70B Model},
  year = {2024},
  url = {https://github.com/meta-llama/llama3}
}


@article{wilson2019ten,
  title={Ten simple rules for the computational modeling of behavioral data},
  author={Wilson, Robert C and Collins, Anne GE},
  journal={Elife},
  volume={8},
  pages={e49547},
  year={2019},
  publisher={eLife Sciences Publications, Ltd}
}


@article{storn1997differential,
  title={Differential evolution--a simple and efficient heuristic for global optimization over continuous spaces},
  author={Storn, Rainer and Price, Kenneth},
  journal={Journal of global optimization},
  volume={11},
  pages={341--359},
  year={1997},
  publisher={Springer}
}


@inproceedings{hewson2023bayesian,
  title={Bayesian Machine Scientist for Model Discovery in Psychology},
  author={Hewson, Joshua Tomas Sealth and Strittmatter, Younes and Marinescu, Ioana and Williams, Chad C and Musslick, Sebastian},
  booktitle={NeurIPS 2023 AI for Science Workshop},
  year={2023}
}


@article{wei2022chain,
  title={Chain-of-thought prompting elicits reasoning in large language models},
  author={Wei, Jason and Wang, Xuezhi and Schuurmans, Dale and Bosma, Maarten and Xia, Fei and Chi, Ed and Le, Quoc V and Zhou, Denny and others},
  journal={Advances in neural information processing systems},
  volume={35},
  pages={24824--24837},
  year={2022}
}

@article{krefeld2022structural,
  title={Structural parameter interdependencies in computational models of cognition.},
  author={Krefeld-Schwalb, Antonia and Pachur, Thorsten and Scheibehenne, Benjamin},
  journal={Psychological Review},
  volume={129},
  number={2},
  pages={313},
  year={2022},
  publisher={American Psychological Association}
}

@article{frischkorn2018cognitive,
  title={Cognitive models in intelligence research: Advantages and recommendations for their application},
  author={Frischkorn, Gidon T and Schubert, Anna-Lena},
  journal={Journal of Intelligence},
  volume={6},
  number={3},
  pages={34},
  year={2018},
  publisher={MDPI}
}

@ARTICLE{2020SciPy-NMeth,
  author  = {Virtanen, Pauli and Gommers, Ralf and Oliphant, Travis E. and
            Haberland, Matt and Reddy, Tyler and Cournapeau, David and
            Burovski, Evgeni and Peterson, Pearu and Weckesser, Warren and
            Bright, Jonathan and {van der Walt}, St{\'e}fan J. and
            Brett, Matthew and Wilson, Joshua and Millman, K. Jarrod and
            Mayorov, Nikolay and Nelson, Andrew R. J. and Jones, Eric and
            Kern, Robert and Larson, Eric and Carey, C J and
            Polat, {\.I}lhan and Feng, Yu and Moore, Eric W. and
            {VanderPlas}, Jake and Laxalde, Denis and Perktold, Josef and
            Cimrman, Robert and Henriksen, Ian and Quintero, E. A. and
            Harris, Charles R. and Archibald, Anne M. and
            Ribeiro, Ant{\^o}nio H. and Pedregosa, Fabian and
            {van Mulbregt}, Paul and {SciPy 1.0 Contributors}},
  title   = {{{SciPy} 1.0: Fundamental Algorithms for Scientific
            Computing in Python}},
  journal = {Nature Methods},
  year    = {2020},
  volume  = {17},
  pages   = {261--272},
  adsurl  = {https://rdcu.be/b08Wh},
  doi     = {10.1038/s41592-019-0686-2},
}

@article{zheng2023take,
  title={Take a step back: Evoking reasoning via abstraction in large language models},
  author={Zheng, Huaixiu Steven and Mishra, Swaroop and Chen, Xinyun and Cheng, Heng-Tze and Chi, Ed H and Le, Quoc V and Zhou, Denny},
  journal={arXiv preprint arXiv:2310.06117},
  year={2023}
}

@article{binz2024centaur,
  title={Centaur: a foundation model of human cognition},
  author={Binz, Marcel and Akata, Elif and Bethge, Matthias and Br{\"a}ndle, Franziska and Callaway, Fred and Coda-Forno, Julian and Dayan, Peter and Demircan, Can and Eckstein, Maria K and {\'E}ltet{\H{o}}, No{\'e}mi and others},
  journal={arXiv preprint arXiv:2410.20268},
  year={2024}
}


@book{polk2002cognitive,
  title={Cognitive modeling},
  author={Polk, Thad A and Seifert, Colleen M},
  year={2002},
  publisher={MIT Press}
}


@article{bogacz2006physics,
  title={The physics of optimal decision making: a formal analysis of models of performance in two-alternative forced-choice tasks.},
  author={Bogacz, Rafal and Brown, Eric and Moehlis, Jeff and Holmes, Philip and Cohen, Jonathan D},
  journal={Psychological review},
  volume={113},
  number={4},
  pages={700},
  year={2006},
  publisher={American Psychological Association}
}

@article{paskewitz2022explaining,
  title={Explaining the return of fear with revised Rescorla-Wagner models},
  author={Paskewitz, Samuel and Stoddard, Joel and Jones, Matt},
  journal={Computational Psychiatry},
  volume={6},
  number={1},
  pages={213},
  year={2022},
  publisher={Ubiquity Press}
}

@article{nassar2016taming,
  title={Taming the beast: extracting generalizable knowledge from computational models of cognition},
  author={Nassar, Matthew R and Frank, Michael J},
  journal={Current opinion in behavioral sciences},
  volume={11},
  pages={49--54},
  year={2016},
  publisher={Elsevier}
}

@article{balcarras2016attentional,
  title={Attentional selection can be predicted by reinforcement learning of task-relevant stimulus features weighted by value-independent stickiness},
  author={Balcarras, Matthew and Ardid, Salva and Kaping, Daniel and Everling, Stefan and Womelsdorf, Thilo},
  journal={Journal of cognitive neuroscience},
  volume={28},
  number={2},
  pages={333--349},
  year={2016},
  publisher={MIT Press One Rogers Street, Cambridge, MA 02142-1209, USA journals-info~…}
}

@article{diederen2015scaling,
  title={Scaling prediction errors to reward variability benefits error-driven learning in humans},
  author={Diederen, Kelly MJ and Schultz, Wolfram},
  journal={Journal of neurophysiology},
  volume={114},
  number={3},
  pages={1628--1640},
  year={2015},
  publisher={American Physiological Society Bethesda, MD}
}

@article{wilson2021balancing,
  title={Balancing exploration and exploitation with information and randomization},
  author={Wilson, Robert C and Bonawitz, Elizabeth and Costa, Vincent D and Ebitz, R Becket},
  journal={Current opinion in behavioral sciences},
  volume={38},
  pages={49--56},
  year={2021},
  publisher={Elsevier}
}