@article{austin2021program,
  title={Program synthesis with large language models},
  author={Austin, Jacob and Odena, Augustus and Nye, Maxwell and Bosma, Maarten and Michalewski, Henryk and Dohan, David and Jiang, Ellen and Cai, Carrie and Terry, Michael and Le, Quoc and others},
  journal={arXiv preprint arXiv:2108.07732},
  year={2021}
}

@article{binz2022heuristics,
  title={Heuristics from bounded meta-learned inference.},
  author={Binz, Marcel and Gershman, Samuel J and Schulz, Eric and Endres, Dominik},
  journal={Psychological review},
  volume={129},
  number={5},
  pages={1042},
  year={2022},
  publisher={American Psychological Association}
}

@article{frank2004carrot,
  title={By carrot or by stick: cognitive reinforcement learning in parkinsonism},
  author={Frank, Michael J and Seeberger, Lauren C and O'reilly, Randall C},
  journal={Science},
  volume={306},
  number={5703},
  pages={1940--1943},
  year={2004},
  publisher={American Association for the Advancement of Science}
}

@article{gigerenzer1996reasoning,
  title={Reasoning the fast and frugal way: models of bounded rationality.},
  author={Gigerenzer, Gerd and Goldstein, Daniel G},
  journal={Psychological review},
  volume={103},
  number={4},
  pages={650},
  year={1996},
  publisher={American Psychological Association}
}

@article{gulwani2011automating,
  title={Automating string processing in spreadsheets using input-output examples},
  author={Gulwani, Sumit},
  journal={ACM Sigplan Notices},
  volume={46},
  number={1},
  pages={317--330},
  year={2011},
  publisher={ACM New York, NY, USA}
}

@inproceedings{hewson2023bayesian,
  title={Bayesian Machine Scientist for Model Discovery in Psychology},
  author={Hewson, Joshua Tomas Sealth and Strittmatter, Younes and Marinescu, Ioana and Williams, Chad C and Musslick, Sebastian},
  booktitle={NeurIPS 2023 AI for Science Workshop},
  year={2023}
}

@article{kemp2008discovery,
  title={The discovery of structural form},
  author={Kemp, Charles and Tenenbaum, Joshua B},
  journal={Proceedings of the National Academy of Sciences},
  volume={105},
  number={31},
  pages={10687--10692},
  year={2008},
  publisher={National Acad Sciences}
}

@article{li2024automated,
  title={Automated statistical model discovery with language models},
  author={Li, Michael Y and Fox, Emily B and Goodman, Noah D},
  journal={arXiv preprint arXiv:2402.17879},
  year={2024}
}

@inproceedings{lloyd2014automatic,
  title={Automatic construction and natural-language description of nonparametric regression models},
  author={Lloyd, James and Duvenaud, David and Grosse, Roger and Tenenbaum, Joshua and Ghahramani, Zoubin},
  booktitle={Proceedings of the AAAI Conference on Artificial Intelligence},
  volume={28},
  number={1},
  year={2014}
}

@article{lu2024ai,
  title={The ai scientist: Towards fully automated open-ended scientific discovery},
  author={Lu, Chris and Lu, Cong and Lange, Robert Tjarko and Foerster, Jakob and Clune, Jeff and Ha, David},
  journal={arXiv preprint arXiv:2408.06292},
  year={2024}
}

@misc{musslick2024automatingpracticescience,
      title={Automating the Practice of Science -- Opportunities, Challenges, and Implications}, 
      author={Sebastian Musslick and Laura K. Bartlett and Suyog H. Chandramouli and Marina Dubova and Fernand Gobet and Thomas L. Griffiths and Jessica Hullman and Ross D. King and J. Nathan Kutz and Christopher G. Lucas and Suhas Mahesh and Franco Pestilli and Sabina J. Sloman and William R. Holmes},
      year={2024},
      eprint={2409.05890},
      archivePrefix={arXiv},
      primaryClass={cs.CY},
      url={https://arxiv.org/abs/2409.05890}, 
}

@article{ni2024l2ceval,
  title={L2ceval: Evaluating language-to-code generation capabilities of large language models},
  author={Ni, Ansong and Yin, Pengcheng and Zhao, Yilun and Riddell, Martin and Feng, Troy and Shen, Rui and Yin, Stephen and Liu, Ye and Yavuz, Semih and Xiong, Caiming and others},
  journal={Transactions of the Association for Computational Linguistics},
  volume={12},
  pages={1311--1329},
  year={2024},
  publisher={MIT Press 255 Main Street, 9th Floor, Cambridge, Massachusetts 02142, USA~â€¦}
}

@article{perez2021automatic,
  title={Automatic code generation using pre-trained language models},
  author={Perez, Luis and Ottens, Lizi and Viswanathan, Sudharshan},
  journal={arXiv preprint arXiv:2102.10535},
  year={2021}
}

@article{pessiglione2006dopamine,
  title={Dopamine-dependent prediction errors underpin reward-seeking behaviour in humans},
  author={Pessiglione, Mathias and Seymour, Ben and Flandin, Guillaume and Dolan, Raymond J and Frith, Chris D},
  journal={Nature},
  volume={442},
  number={7106},
  pages={1042--1045},
  year={2006},
  publisher={Nature Publishing Group UK London}
}

@article{steinruecken2019automatic,
  title={The automatic statistician},
  author={Steinruecken, Christian and Smith, Emma and Janz, David and Lloyd, James and Ghahramani, Zoubin},
  journal={Automated machine learning: Methods, systems, challenges},
  pages={161--173},
  year={2019},
  publisher={Springer International Publishing}
}

@article{wang2016learning,
  title={Learning to reinforcement learn},
  author={Wang, Jane X and Kurth-Nelson, Zeb and Tirumala, Dhruva and Soyer, Hubert and Leibo, Joel Z and Munos, Remi and Blundell, Charles and Kumaran, Dharshan and Botvinick, Matt},
  journal={arXiv preprint arXiv:1611.05763},
  year={2016}
}

@article{wilson2019ten,
  title={Ten simple rules for the computational modeling of behavioral data},
  author={Wilson, Robert C and Collins, Anne GE},
  journal={Elife},
  volume={8},
  pages={e49547},
  year={2019},
  publisher={eLife Sciences Publications, Ltd}
}

@article{xiao2024verbalized,
  title={Verbalized Machine Learning: Revisiting Machine Learning with Language Models},
  author={Xiao, Tim Z and Bamler, Robert and Sch{\"o}lkopf, Bernhard and Liu, Weiyang},
  journal={arXiv preprint arXiv:2406.04344},
  year={2024}
}

@article{zheng2023large,
  title={Large language models for scientific synthesis, inference and explanation},
  author={Zheng, Yizhen and Koh, Huan Yee and Ju, Jiaxin and Nguyen, Anh TN and May, Lauren T and Webb, Geoffrey I and Pan, Shirui},
  journal={arXiv preprint arXiv:2310.07984},
  year={2023}
}

