@inproceedings{ZurAET23,
  author       = {Roi Bar Zur and
                  Ameer Abu{-}Hanna and
                  Ittay Eyal and
                  Aviv Tamar},
  title        = {WeRLman: To Tackle Whale (Transactions), Go Deep {(RL)}},
  booktitle    = {44th {IEEE} Symposium on Security and Privacy, {SP} 2023, San Francisco,
                  CA, USA, May 21-25, 2023},
  pages        = {93--110},
  publisher    = {{IEEE}},
  year         = {2023},
  url          = {https://doi.org/10.1109/SP46215.2023.10179444},
  doi          = {10.1109/SP46215.2023.10179444},
  timestamp    = {Thu, 27 Jul 2023 08:17:10 +0200},
  biburl       = {https://dblp.org/rec/conf/sp/ZurAET23.bib},
  bibsource    = {dblp computer science bibliography, https://dblp.org}
}

@inproceedings{bahrani2024transaction,
  title={Transaction fee mechanism design with active block producers},
  author={Bahrani, Maryam and Garimidi, Pranav and Roughgarden, Tim},
  booktitle={International Conference on Financial Cryptography and Data Security},
  pages={85--90},
  year={2024},
  organization={Springer}
}

@inproceedings{bahrani2024undetectable,
  title={Undetectable selfish mining},
  author={Bahrani, Maryam and Weinberg, S Matthew},
  booktitle={Proceedings of the 25th ACM Conference on Economics and Computation},
  pages={1017--1044},
  year={2024}
}

@inproceedings{brown2019formal,
  title={Formal barriers to longest-chain proof-of-stake protocols},
  author={Brown-Cohen, Jonah and Narayanan, Arvind and Psomas, Alexandros and Weinberg, S Matthew},
  booktitle={Proceedings of the 2019 ACM Conference on Economics and Computation},
  pages={459--473},
  year={2019}
}

@article{capponi2024proposer,
  title={Proposer-builder separation, payment for order flows, and centralization in blockchain},
  author={Capponi, Agostino and Jia, Ruizhe and Olafsson, Sveinn},
  journal={Payment for Order Flows, and Centralization in Blockchain (February 12, 2024)},
  year={2024}
}

@inproceedings{carlsten2016instability,
  title={On the instability of bitcoin without the block reward},
  author={Carlsten, Miles and Kalodner, Harry and Weinberg, S Matthew and Narayanan, Arvind},
  booktitle={Proceedings of the 2016 acm sigsac conference on computer and communications security},
  pages={154--167},
  year={2016}
}

@article{daian2019flash,
  title={Flash boys 2.0: Frontrunning, transaction reordering, and consensus instability in decentralized exchanges},
  author={Daian, Philip and Goldfeder, Steven and Kell, Tyler and Li, Yunqi and Zhao, Xueyuan and Bentov, Iddo and Breidenbach, Lorenz and Juels, Ari},
  journal={arXiv preprint arXiv:1904.05234},
  year={2019}
}

@misc{eyal2013majority,
      title={Majority is not Enough: Bitcoin Mining is Vulnerable}, 
      author={Ittay Eyal and Emin Gun Sirer},
      year={2013},
      eprint={1311.0243},
      archivePrefix={arXiv},
      primaryClass={cs.CR}
}

@inproceedings{ferreira2022optimal,
  title={Optimal strategic mining against cryptographic self-selection in proof-of-stake},
  author={Ferreira, Matheus VX and Hahn, Ye Lin Sally and Weinberg, S Matthew and Yu, Catherine},
  booktitle={Proceedings of the 23rd ACM Conference on Economics and Computation},
  pages={89--114},
  year={2022}
}

@inproceedings{ferreira2024computing,
  title={Computing Optimal Manipulations in Cryptographic Self-Selection Proof-of-Stake Protocols},
  author={Ferreira, Matheus VX and Ganesh, Aadityan and Hourigan, Jack and Huh, Hannah and Weinberg, S Matthew and Yu, Catherine},
  booktitle={Proceedings of the 25th ACM Conference on Economics and Computation},
  pages={676--702},
  year={2024}
}

@article{gupta2023centralizing,
  title={The centralizing effects of private order flow on proposer-builder separation},
  author={Gupta, Tivas and Pai, Mallesh M and Resnick, Max},
  journal={arXiv preprint arXiv:2305.19150},
  year={2023}
}

@article{lvr,
  title={Automated market making and loss-versus-rebalancing},
  author={Milionis, Jason and Moallemi, Ciamac C and Roughgarden, Tim and Zhang, Anthony Lee},
  journal={arXiv preprint arXiv:2208.06046},
  year={2022}
}

@article{lvr-fees,
  title={Automated market making and arbitrage profits in the presence of fees},
  author={Milionis, Jason and Moallemi, Ciamac C and Roughgarden, Tim},
  journal={arXiv preprint arXiv:2305.14604},
  year={2023}
}

@inproceedings{nayak2016stubborn,
  title={Stubborn mining: Generalizing selfish mining and combining with an eclipse attack},
  author={Nayak, Kartik and Kumar, Srijan and Miller, Andrew and Shi, Elaine},
  booktitle={2016 IEEE European Symposium on Security and Privacy (EuroS\&P)},
  pages={305--320},
  year={2016},
  organization={IEEE}
}

@inproceedings{neu2022two,
  title={Two more attacks on proof-of-stake GHOST/Ethereum},
  author={Neu, Joachim and Tas, Ertem Nusret and Tse, David},
  booktitle={Proceedings of the 2022 ACM Workshop on Developments in Consensus},
  pages={43--52},
  year={2022}
}

@article{neuder2019selfish,
  title={Selfish Behavior in the Tezos Proof-of-Stake Protocol},
  author={Neuder, Michael and Moroz, Daniel J and Rao, Rithvik and Parkes, David C},
  journal={arXiv preprint arXiv:1912.02954},
  year={2019}
}

@inproceedings{neuder2020defending,
  title={Defending against malicious reorgs in tezos proof-of-stake},
  author={Neuder, Michael and Moroz, Daniel J and Rao, Rithvik and Parkes, David C},
  booktitle={Proceedings of the 2nd ACM Conference on Advances in Financial Technologies},
  pages={46--58},
  year={2020}
}

@article{neuder2021low,
  title={Low-cost attacks on Ethereum 2.0 by sub-1/3 stakeholders},
  author={Neuder, Michael and Moroz, Daniel J and Rao, Rithvik and Parkes, David C},
  journal={arXiv preprint arXiv:2102.02247},
  year={2021}
}

@inproceedings{oz2023time,
  title={Time moves faster when there is nothing you anticipate: The role of time in mev rewards},
  author={{\"O}z, Burak and Kraner, Benjamin and Vallarano, Nicol{\`o} and Kruger, Bingle Stegmann and Matthes, Florian and Tessone, Claudio Juan},
  booktitle={Proceedings of the 2023 Workshop on Decentralized Finance and Security},
  pages={1--8},
  year={2023}
}

@article{oz2024wins,
  title={Who Wins Ethereum Block Building Auctions and Why?},
  author={{\"O}z, Burak and Sui, Danning and Thiery, Thomas and Matthes, Florian},
  journal={arXiv preprint arXiv:2407.13931},
  year={2024}
}

@inproceedings{sapirshtein2017optimal,
  title={Optimal selfish mining strategies in bitcoin},
  author={Sapirshtein, Ayelet and Sompolinsky, Yonatan and Zohar, Aviv},
  booktitle={Financial Cryptography and Data Security: 20th International Conference, FC 2016, Christ Church, Barbados, February 22--26, 2016, Revised Selected Papers 20},
  pages={515--532},
  year={2017},
  organization={Springer}
}

@inproceedings{schwarz2022three,
  title={Three attacks on proof-of-stake ethereum},
  author={Schwarz-Schilling, Caspar and Neu, Joachim and Monnot, Barnab{\'e} and Asgaonkar, Aditya and Tas, Ertem Nusret and Tse, David},
  booktitle={International Conference on Financial Cryptography and Data Security},
  pages={560--576},
  year={2022},
  organization={Springer}
}

@article{schwarz2023time,
  title={Time is money: Strategic timing games in proof-of-stake protocols},
  author={Schwarz-Schilling, Caspar and Saleh, Fahad and Thiery, Thomas and Pan, Jennifer and Shah, Nihar and Monnot, Barnab{\'e}},
  journal={arXiv preprint arXiv:2305.09032},
  year={2023}
}

@article{yang2022sok,
  title={Sok: Mev countermeasures: Theory and practice},
  author={Yang, Sen and Zhang, Fan and Huang, Ken and Chen, Xi and Yang, Youwei and Zhu, Feng},
  journal={arXiv preprint arXiv:2212.05111},
  year={2022}
}

@article{yang2024decentralization,
  title={Decentralization of Ethereum's Builder Market},
  author={Yang, Sen and Nayak, Kartik and Zhang, Fan},
  journal={arXiv preprint arXiv:2405.01329},
  year={2024}
}

