@article{avella2023differentially,
  title={Differentially Private Inference via Noisy Optimization},
  author={Avella-Medina, Marco and Bradshaw, Casey and Loh, Po-Ling},
  journal={The Annals of Statistics},
  year={2023},
 volume={51},
  number={5},
  pages={2067--2092}
}

@article{muller2021local,
  title={Local Policy Search with Bayesian Optimization},
  author={M{\"u}ller, Sarah and von Rohr, Alexander and Trimpe, Sebastian},
  journal={Advances in Neural Information Processing Systems},
  year={2021}
}

@inproceedings{privateGD2,
    author = {Feldman, Vitaly and Koren, Tomer and Talwar, Kunal}, 
    title = {Private Stochastic Convex Optimization: Optimal Rates in Linear Time}, 
    year = {2020},
    booktitle = {Symposium on Theory of Computing}
}

@inproceedings{privateGD3,
  title={Private Empirical Risk Minimization: Efficient Algorithms and Tight Error Bounds},
  author={Bassily, Raef and Smith, Adam and Thakurta, Abhradeep},
  booktitle={Foundations of Computer Science},
  year={2014},
}

@inproceedings{privateSGD,
  author={Song, Shuang and Chaudhuri, Kamalika and Sarwate, Anand D.},
  booktitle={2013 IEEE Global Conference on Signal and Information Processing}, 
  title={Stochastic Gradient Descent with Differentially Private Updates}, 
  year={2013},
  }

@article{wu2024behavior,
  title={The Behavior and Convergence of Local {Bayesian} Optimization},
  author={Wu, Kaiwen and Kim, Kyurae and Garnett, Roman and Gardner, Jacob},
  journal={Advances in Neural Information Processing Systems},
  year={2024}
}

