@article{wu2024behavior,
  title={The Behavior and Convergence of Local {Bayesian} Optimization},
  author={Wu, Kaiwen and Kim, Kyurae and Garnett, Roman and Gardner, Jacob},
  journal={Advances in Neural Information Processing Systems},
  year={2024}
}
@article{avella2023differentially,
  title={Differentially Private Inference via Noisy Optimization},
  author={Avella-Medina, Marco and Bradshaw, Casey and Loh, Po-Ling},
  journal={The Annals of Statistics},
  year={2023},
 volume={51},
  number={5},
  pages={2067--2092}
}
@article{dong2022gaussian,
  title={Gaussian Differential Privacy},
  author={Dong, Jinshuo and Roth, Aaron and Su, Weijie J},
  journal={Journal of the Royal Statistical Society: Series B },
  year={2022},
volume={84},
  number={1},
  pages={3--37}
}


@article{wasserman2010statistical,
  title={A Statistical Framework for Differential Privacy},
  author={Wasserman, Larry and Zhou, Shuheng},
  journal={Journal of the American Statistical Association},
  year={2010},
volume={105},
  number={489},
  pages={375--389},
}


@article{dwork2014algorithmic,
  title={The Algorithmic Foundations of Differential Privacy},
  author={Dwork, Cynthia and Roth, Aaron},
  journal={Foundations and Trends in Theoretical Computer Science},
  year={2014},
}
@article{muller2021local,
  title={Local Policy Search with Bayesian Optimization},
  author={M{\"u}ller, Sarah and von Rohr, Alexander and Trimpe, Sebastian},
  journal={Advances in Neural Information Processing Systems},
  year={2021}
}

@article{ajalloeian2021convergencesgdbiasedgradients,
      title={On the Convergence of SGD with Biased Gradients}, 
      author={Ahmad Ajalloeian and Sebastian U. Stich},
      year={2021},
      journal = {arXiv preprint arXiv:2008.00051},
}

@article{rigollet2023high,
  title={High-dimensional Statistics},
  author={Rigollet, Philippe and H{\"u}tter, Jan-Christian},
  journal={Lecture notes for Course 18S997},
  year={2023}
}

@article{bubeck2015convexoptimizationalgorithmscomplexity,
year = {2015},
journal = {Foundations and Trends® in Machine Learning},
title = {Convex Optimization: Algorithms and Complexity},
author = {Sébastien Bubeck}
}
@book{garnett2023bayesian,
  title={Bayesian optimization},
  author={Garnett, Roman},
  year={2023},
  publisher={Cambridge University Press}
}
@article{snoek2012practical,
  title={Practical {Bayesian} Optimization of Machine Learning Algorithms},
  author={Snoek, Jasper and Larochelle, Hugo and Adams, Ryan P},
  journal={Advances in Neural Information Processing Systems},
  year={2012}
}
@article{papernot2021hyperparameter,
  title={Hyperparameter Tuning with Renyi Differential Privacy},
  author={Papernot, Nicolas and Steinke, Thomas},
  journal={International Conference on Learning Representations},
  year={2022}
}
@article{wang2024dp,
  title={Dp-hypo: An Adaptive Private Framework for Hyperparameter Optimization},
  author={Wang, Hua and Gao, Sheng and Zhang, Huanyu and Su, Weijie and Shen, Milan},
  journal={Advances in Neural Information Processing Systems},
  year={2024}
}
@article{kanagawa2018gaussian,
  title={Gaussian processes and kernel methods: A review on connections and equivalences},
  author={Kanagawa, Motonobu and Hennig, Philipp and Sejdinovic, Dino and Sriperumbudur, Bharath K},
  journal={arXiv preprint arXiv:1807.02582},
  year={2018}
}
@inproceedings{cummings2018role,
  title={The Role of Differential Privacy in GDPR Compliance},
  author={Cummings, Rachel and Desai, Deven},
  booktitle={Proceedings of the Conference on Fairness, Accountability, and Transparency},
  year={2018}
}
@inproceedings{wang2020reinforcement,
  title={Reinforcement Learning with Perturbed Rewards},
  author={Wang, Jingkang and Liu, Yang and Li, Bo},
  booktitle={AAAI conference on artificial intelligence},
  year={2020}
}
@inproceedings{liu2019private,
  title={Private Selection from Private Candidates},
  author={Liu, Jingcheng and Talwar, Kunal},
  booktitle={Symposium on Theory of Computing},
  year={2019}
}
@inproceedings{kusner2015differentially,
  title={Differentially Private {Bayesian} Optimization},
  author={Kusner, Matt and Gardner, Jacob and Garnett, Roman and Weinberger, Kilian},
  booktitle={International Conference on Machine Learning},
  year={2015},
}
@inproceedings{mohapatra2022role,
  title={The Role of Adaptive Optimizers for Honest Private Hyperparameter Selection},
  author={Mohapatra, Shubhankar and Sasy, Sajin and He, Xi and Kamath, Gautam and Thakkar, Om},
  booktitle={AAAI Conference on Artificial Intelligence},
  year={2022}
}
@article{eriksson2019scalable,
  title={Scalable Global Optimization via Local {Bayesian} Optimization},
  author={Eriksson, David and Pearce, Michael and Gardner, Jacob and Turner, Ryan D and Poloczek, Matthias},
  journal={Advances in Neural Information Processing Systems},
  year={2019}
}

@article{shahriari2015taking,
  title={Taking the human out of the loop: A review of {Bayesian} optimization},
  author={Shahriari, Bobak and Swersky, Kevin and Wang, Ziyu and Adams, Ryan P and De Freitas, Nando},
  journal={Proceedings of the IEEE},
  year={2015},
}
@article{kourou2015machine,
  title={Machine Learning Applications in Cancer Prognosis and Prediction},
  author={Kourou, Konstantina and Exarchos, Themis P and Exarchos, Konstantinos P and Karamouzis, Michalis V and Fotiadis, Dimitrios I},
  journal={Computational and Structural Biotechnology Journal},
  year={2015},
}
@inproceedings{dwork2006differential,
  title={Differential privacy},
  author={Dwork, Cynthia},
  booktitle={International Colloquium on Automata, Languages, and Programming},
  year={2006},
  organization={Springer}
}

@article{frazier2018tutorialbayesianoptimization,
      title={Bayesian Optimization}, 
      author={Peter I. Frazier},
      journal={INFORMS Tutorials in Operations Research},
      year={2018},
}


@inproceedings{highdimBOsparse,
  title = 	 {High-dimensional {Bayesian} Optimization with Sparse Axis-Aligned Subspaces},
  author =       {Eriksson, David and Jankowiak, Martin},
  booktitle = 	 { Conference on Uncertainty in Artificial Intelligence},
  year = 	 {2021},
}

@inproceedings{privateSGD,
  author={Song, Shuang and Chaudhuri, Kamalika and Sarwate, Anand D.},
  booktitle={2013 IEEE Global Conference on Signal and Information Processing}, 
  title={Stochastic Gradient Descent with Differentially Private Updates}, 
  year={2013},
  }

@article{dua2017uci,
  title={UCI Machine Learning Repository},
  author={Dua, Dheeru and Graff, Casey and others},
  year={2017},
}

@inproceedings{privateGD2,
    author = {Feldman, Vitaly and Koren, Tomer and Talwar, Kunal}, 
    title = {Private Stochastic Convex Optimization: Optimal Rates in Linear Time}, 
    year = {2020},
    booktitle = {Symposium on Theory of Computing}
}
@inproceedings{privateGD3,
  title={Private Empirical Risk Minimization: Efficient Algorithms and Tight Error Bounds},
  author={Bassily, Raef and Smith, Adam and Thakurta, Abhradeep},
  booktitle={Foundations of Computer Science},
  year={2014},
}

