@inproceedings{andreux2020siloed,
  title={Siloed federated learning for multi-centric histopathology datasets},
  author={Andreux, Mathieu and du Terrail, Jean Ogier and Beguier, Constance and Tramel, Eric W},
  booktitle={Domain Adaptation and Representation Transfer, and Distributed and Collaborative Learning: Second MICCAI Workshop, DART 2020, and First MICCAI Workshop, DCL 2020, Held in Conjunction with MICCAI 2020, Lima, Peru, October 4--8, 2020, Proceedings 2},
  pages={129--139},
  year={2020},
  organization={Springer}
}


@misc{wu2022motley,
      title={Motley: Benchmarking Heterogeneity and Personalization in Federated Learning}, 
      author={Shanshan Wu and Tian Li and Zachary Charles and Yu Xiao and Ziyu Liu and Zheng Xu and Virginia Smith},
      year={2022},
      eprint={2206.09262},
      archivePrefix={arXiv},
      primaryClass={cs.LG}
}

@inproceedings{du2022flamby,
  title={FLamby: Datasets and Benchmarks for Cross-Silo Federated Learning in Realistic Healthcare Settings},
  author={Du Terrail, Jean Ogier and Ayed, Samy-Safwan and Cyffers, Edwige and Grimberg, Felix and He, Chaoyang and Loeb, Regis and Mangold, Paul and Marchand, Tanguy and Marfoq, Othmane and Mushtaq, Erum and others},
  booktitle={NeurIPS, Datasets and Benchmarks Track},
  year={2022}
}

@article{abadi2016tensorflow,
  title={Tensorflow: Large-scale machine learning on heterogeneous distributed systems},
  author={Abadi, Mart{\'\i}n and Agarwal, Ashish and Barham, Paul and Brevdo, Eugene and Chen, Zhifeng and Citro, Craig and Corrado, Greg S and Davis, Andy and Dean, Jeffrey and Devin, Matthieu and others},
  journal={arXiv preprint arXiv:1603.04467},
  year={2016}
}

@inproceedings{karimireddy2020scaffold,
  title={Scaffold: Stochastic controlled averaging for federated learning},
  author={Karimireddy, Sai Praneeth and Kale, Satyen and Mohri, Mehryar and Reddi, Sashank and Stich, Sebastian and Suresh, Ananda Theertha},
  booktitle={International Conference on Machine Learning},
  pages={5132--5143},
  year={2020},
  organization={PMLR}
}

@misc{stackoverflow,
  title = {The Stack Overflow Data},
  howpublished = "\url{https://www.kaggle.com/datasets/stackoverflow/stackoverflow}",
  year = {2019},
}

@article{caldas2018leaf,
  title={Leaf: A benchmark for federated settings},
  author={Caldas, Sebastian and Duddu, Sai Meher Karthik and Wu, Peter and Li, Tian and Kone{\v{c}}n{\`y}, Jakub and McMahan, H Brendan and Smith, Virginia and Talwalkar, Ameet},
  journal={arXiv preprint arXiv:1812.01097},
  year={2018}
}

@article{xiao2017fashion,
  title={Fashion-mnist: a novel image dataset for benchmarking machine learning algorithms},
  author={Xiao, Han and Rasul, Kashif and Vollgraf, Roland},
  journal={arXiv preprint arXiv:1708.07747},
  year={2017}
}

@article{lecunmnist,
  title={The mnist database of handwritten digits},
  author={LeCun, Yann and Cortes, Corinna},
  journal={http://yann. lecun. com/exdb/mnist/},
  year={1998},
}

@article{kusetogullari2020ardis,
  title={ARDIS: a Swedish historical handwritten digit dataset},
  author={Kusetogullari, Huseyin and Yavariabdi, Amir and Cheddad, Abbas and Grahn, H{\aa}kan and Hall, Johan},
  journal={Neural Computing and Applications},
  volume={32},
  number={21},
  pages={16505--16518},
  year={2020},
  publisher={Springer}
}

@article{cao2022flcert,
  title={FLCert: Provably Secure Federated Learning Against Poisoning Attacks},
  author={Cao, Xiaoyu and Zhang, Zaixi and Jia, Jinyuan and Gong, Neil Zhenqiang},
  journal={IEEE Transactions on Information Forensics and Security},
  volume={17},
  pages={3691--3705},
  year={2022},
  publisher={IEEE}
}

@inproceedings{zhang2022fldetector,
  title={FLDetector: Defending federated learning against model poisoning attacks via detecting malicious clients},
  author={Zhang, Zaixi and Cao, Xiaoyu and Jia, Jinyuan and Gong, Neil Zhenqiang},
  booktitle={Proceedings of the 28th ACM SIGKDD Conference on Knowledge Discovery and Data Mining},
  pages={2545--2555},
  year={2022}
}

@INPROCEEDINGS {cao2022fedrecover,
author = {X. Cao and J. Jia and Z. Zhang and N. Gong},
booktitle = {2023 2023 IEEE Symposium on Security and Privacy (SP) (SP)},
title = {FedRecover: Recovering from Poisoning Attacks in Federated Learning using Historical Information},
year = {2023},
volume = {},
issn = {},
pages = {326-343},
abstract = {Federated learning is vulnerable to poisoning attacks in which malicious clients poison the global model via sending malicious model updates to the server. Existing defenses focus on preventing a small number of malicious clients from poisoning the global model via robust federated learning methods and detecting malicious clients when there are a large number of them. However, it is still an open challenge how to recover the global model from poisoning attacks after the malicious clients are detected. A naive solution is to remove the detected malicious clients and train a new global model from scratch using the remaining clients. However, such train-from-scratch recovery method incurs a large computation and communication cost, which may be intolerable for resource-constrained clients such as smartphones and IoT devices.

In this work, we propose FedRecover, a method that can recover an accurate global model from poisoning attacks with a small computation and communication cost for the clients. Our key idea is that the server estimates the clients’ model updates instead of asking the clients to compute and communicate them during the recovery process. In particular, the server stores the historical information, including the global models and clients’ model updates in each round, when training the poisoned global model before the malicious clients are detected. During the recovery process, the server estimates a client’s model update in each round using its stored historical information. Moreover, we further optimize FedRecover to recover a more accurate global model using warm-up, periodic correction, abnormality fixing, and final tuning strategies, in which the server asks the clients to compute and communicate their exact model updates. Theoretically, we show that the global model recovered by FedRecover is close to or the same as that recovered by train-from-scratch under some assumptions. Empirically, our evaluation on four datasets, three federated learning methods, as well as untargeted and targeted poisoning attacks (e.g., backdoor attacks) shows that FedRecover is both accurate and efficient.},
keywords = {},
doi = {10.1109/SP46215.2023.00019},
url = {https://arxiv.org/pdf/2210.10936.pdf},
publisher = {IEEE Computer Society},
address = {Los Alamitos, CA, USA},
month = {may}
}


@article{severi2022network,
  title={Network-Level Adversaries in Federated Learning},
  author={Severi, Giorgio and Jagielski, Matthew and Yar, G{\"o}kberk and Wang, Yuxuan and Oprea, Alina and Nita-Rotaru, Cristina},
  journal={arXiv preprint arXiv:2208.12911},
  year={2022}
}

@INPROCEEDINGS {shejwalkar2022back,
author = {V. Shejwalkar and A. Houmansadr and P. Kairouz and D. Ramage},
booktitle = {2022 2022 IEEE Symposium on Security and Privacy (SP) (SP)},
title = {Back to the Drawing Board: A Critical Evaluation of Poisoning Attacks on Production Federated Learning},
year = {2022},
volume = {},
issn = {2375-1207},
pages = {1117-1134},
keywords = {poisoning-attacks;production-federated-learning;robust-aggregation-rules},
doi = {10.1109/SP46214.2022.00065},
url = {https://doi.ieeecomputersociety.org/10.1109/SP46214.2022.00065},
publisher = {IEEE Computer Society},
address = {Los Alamitos, CA, USA},
month = {may}
}

@article{goldblum2020dataset,
  title={{Dataset Security for Machine Learning: Data Poisoning, Backdoor Attacks, and Defenses}},
  author={Goldblum, Micah and Tsipras, Dimitris and Xie, Chulin and others},
  journal={arXiv:2012.10544},
  year={2020}
}

@article{jere2020taxonomy,
  title={{A taxonomy of attacks on federated learning}},
  author={Jere, Malhar S and Farnan, Tyler and Koushanfar, Farinaz},
  journal={IEEE Security \& Privacy},
  year={2020},
}

@article{sun2021data,
  title={{Data poisoning attacks on federated machine learning}},
  author={Sun, Gan and Cong, Yang and Dong, Jiahua and Wang, Qiang and Lyu, Lingjuan and Liu, Ji},
  journal={IEEE IoT Journal},
  year={2021}
}

@misc{fake_acc_1,
  title = {{Facebook has shut down 5.4 billion fake accounts this year}},
  howpublished = "\url{https://www.cnn.com/2019/11/13/tech/facebook-fake-accounts/index.html}",
  year = {2019},
  key={fake acc 1}
}

@article{biggio2018wild,
  title={{Wild patterns: Ten years after the rise of adversarial machine learning}},
  author={Biggio, Battista and Roli, Fabio},
  journal={Pattern Recognition},
  year={2018}
}

@inproceedings{huang2011adversarial,
  title={{Adversarial machine learning}},
  author={Huang, Ling and Joseph, Anthony D and Nelson, Blaine and Rubinstein, Benjamin IP and Tygar, J Doug},
  booktitle={AISec},
  year={2011}
}

@article{wainakh2021federated,
  title={{Federated Learning Attacks Revisited: A Critical Discussion of Gaps, Assumptions, and Evaluation Setups}},
  author={Wainakh, Aidmar and Zimmer, Ephraim and Subedi, Sandeep and Keim, Jens and Grube, Tim and Karuppayah, Shankar and Guinea, Alejandro Sanchez and M{\"u}hlh{\"a}user, Max},
  journal={arXiv:2111.03363},
  year={2021}
}

@article{wu2020mitigating,
  title={{Mitigating backdoor attacks in federated learning}},
  author={Wu, Chen and Yang, Xian and Zhu, Sencun and Mitra, Prasenjit},
  journal={arXiv:2011.01767},
  year={2020}
}

@inproceedings{nagalapatti2021game,
  title={Game of gradients: Mitigating irrelevant clients in federated learning},
  author={Nagalapatti, Lokesh and Narayanam, Ramasuri},
  booktitle={Proceedings of the AAAI Conference on Artificial Intelligence},
  volume={35},
  number={10},
  pages={9046--9054},
  year={2021}
}

@inproceedings{cao2020fltrust,
  title={{FLTrust: Byzantine-robust Federated Learning via Trust Bootstrapping}},
  author={Cao, Xiaoyu and Fang, Minghong and Liu, Jia and Gong, Neil Zhenqiang},
  booktitle={NDSS},
  year={2021}
}

@article{fu2019attack,
  title={{Attack-resistant federated learning with residual-based reweighting}},
  author={Fu, Shuhao and Xie, Chulin and Li, Bo and Chen, Qifeng},
  journal={arXiv:1912.11464},
  year={2019}
}

@article{andreina2020baffle,
  title={{Baffle: Backdoor detection via feedback-based federated learning}},
  author={Andreina, Sebastien and Marson, Giorgia Azzurra and M{\"o}llering, Helen and Karame, Ghassan},
  journal={arXiv:2011.02167},
  year={2020}
}


@inproceedings{fung2020limitations,
  title={{The limitations of federated learning in sybil settings}},
  author={Fung, Clement and Yoon, Chris JM and Beschastnikh, Ivan},
  booktitle={RAID},
  year={2020}
}

@inproceedings{bernstein2018signsgd,
  title={{signSGD with Majority Vote is Communication Efficient and Fault Tolerant}},
  author={Bernstein, Jeremy and Zhao, Jiawei and Azizzadenesheli, Kamyar and Anandkumar, Anima},
  booktitle={ICLR},
  year={2018}
}

@inproceedings{liu2019abs,
  title={{ABS: Scanning neural networks for back-doors by artificial brain stimulation}},
  author={Liu, Yingqi and Lee, Wen-Chuan and Tao, Guanhong and Ma, Shiqing and Aafer, Yousra and Zhang, Xiangyu},
  booktitle={Proceedings of the 2019 ACM SIGSAC Conference on Computer and Communications Security},
  pages={1265--1282},
  year={2019}
}

@inproceedings{wang2019neural,
  title={{Neural cleanse: Identifying and mitigating backdoor attacks in neural networks}},
  author={Wang, Bolun and Yao, Yuanshun and Shan, Shawn and Li, Huiying and Viswanath, Bimal and Zheng, Haitao and Zhao, Ben Y},
  booktitle={40th IEEE Symposium on S\&P},
  year={2019},
}

@article{yu2020salvaging,
  title={{Salvaging federated learning by local adaptation}},
  author={Yu, Tao and Bagdasaryan, Eugene and Shmatikov, Vitaly},
  journal={arXiv:2002.04758},
  year={2020}
}

@article{naseri2020local,
  title={Local and central differential privacy for robustness and privacy in federated learning},
  author={Naseri, Mohammad and Hayes, Jamie and De Cristofaro, Emiliano},
  journal={arXiv preprint arXiv:2009.03561},
  year={2020}
}

@inproceedings{lin2020ensemble,
  title={{Ensemble distillation for robust model fusion in federated learning}},
  author={Lin, Tao and Kong, Lingjing and Stich, Sebastian U and Jaggi, Martin},
  booktitle={NeurIPS},
  year={2020}
}

@inproceedings{xie2021crfl,
  title={{{CRFL: Certifiably Robust Federated Learning against Backdoor Attacks}}},
  author={Xie, Chulin and Chen, Minghao and Chen, Pin-Yu and Li, Bo},
  booktitle={ICML},
  year={2021},
}

@inproceedings{cao2021provably,
  title={{Provably Secure Federated Learning against Malicious Clients}},
  author={Cao, Xiaoyu and Jia, Jinyuan and Gong, Neil Zhenqiang},
  booktitle={AAAI},
  year={2021}
}

@inproceedings{li2021ditto,
  title={{Ditto: Fair and robust federated learning through personalization}},
  author={Li, Tian and Hu, Shengyuan and Beirami, Ahmad and Smith, Virginia},
  booktitle={ICML},
  year={2021}
}

@inproceedings{reddi2020adaptive,
  title={{Adaptive Federated Optimization}},
  author={Reddi, Sashank J and Charles, Zachary and Zaheer, Manzil and Garrett, Zachary and Rush, Keith and Kone{\v{c}}n{\`y}, Jakub and Kumar, Sanjiv and McMahan, Hugh Brendan},
  booktitle={ICLR},
  year={2020}
}

@article{chen2017targeted,
  title={{Targeted backdoor attacks on deep learning systems using data poisoning}},
  author={Chen, Xinyun and Liu, Chang and Li, Bo and Lu, Kimberly and Song, Dawn},
  journal={arXiv:1712.05526},
  year={2017}
}

@inproceedings{xie2019dba,
  title={{{DBA: Distributed backdoor attacks against federated learning}}},
  author={Xie, Chulin and Huang, Keli and Chen, Pin-Yu and Li, Bo},
  booktitle={ICLR},
  year={2019}
}

@inproceedings{li2019rsa,
  title={{{RSA: Byzantine-robust stochastic aggregation methods for distributed learning from heterogeneous datasets}}},
  author={Li, Liping and Xu, Wei and Chen, Tianyi and Giannakis, Georgios B and Ling, Qing},
  booktitle={AAAI},
  year={2019}
}

@article{xie2022optimizing,
  title={Optimizing Server-side Aggregation For Robust Federated Learning via Subspace Training},
  author={Xie, Yueqi and Zhang, Weizhong and Pi, Renjie and Wu, Fangzhao and Chen, Qifeng and Xie, Xing and Kim, Sunghun},
  journal={arXiv preprint arXiv:2211.05554},
  year={2022}
}

@article{munoz2019poisoning,
  title={{Poisoning attacks with generative adversarial nets}},
  author={Mu{\~n}oz-Gonz{\'a}lez, Luis and Pfitzner, Bjarne and Russo, Matteo and Carnerero-Cano, Javier and Lupu, Emil C},
  journal={arXiv:1906.07773},
  year={2019}
}

@inproceedings{newell2014practicality,
  title={{On the practicality of integrity attacks on document-level sentiment analysis}},
  author={Newell, Andrew and Potharaju, Rahul and Xiang, Luojie and Nita-Rotaru, Cristina},
  booktitle={AISec},
  year={2014}
}

@article{xiao2015support,
  title={{Support vector machines under adversarial label contamination}},
  author={Xiao, Huang and Biggio, Battista and Nelson, Blaine and Xiao, Han and Eckert, Claudia and Roli, Fabio},
  journal={Neurocomputing},
  year={2015},
}

@inproceedings{xiao2012adversarial,
  title={{Adversarial label flips attack on support vector machines}},
  author={Xiao, Han and Xiao, Huang and Eckert, Claudia},
  booktitle={ECAI},
  year={2012}
}

@misc{minka2000estimating,
  title={{Estimating a Dirichlet distribution}},
  author={Minka, Thomas},
  journal={MIT Tech Report},
  year={2000}
}

@article{paulik2021federated,
  title={{Federated Evaluation and Tuning for On-Device Personalization: System Design \& Applications}},
  author={Paulik, Matthias and Seigel, Matt and Mason, Henry and others},
  journal={arXiv:2102.08503},
  year={2021}
}

@article{xu2021signguard,
  title={Signguard: Byzantine-robust federated learning through collaborative malicious gradient filtering},
  author={Xu, Jian and Huang, Shao-Lun and Song, Linqi and Lan, Tian},
  journal={arXiv preprint arXiv:2109.05872},
  year={2021}
}

@article{konstantinidis2021byzshield,
  title={{ByzShield: An Efficient and Robust System for Distributed Training}},
  author={Konstantinidis, Konstantinos and Ramamoorthy, Aditya},
  journal={Proceedings of Machine Learning and Systems},
  volume={3},
  year={2021}
}

@article{ma2022disbezant,
  title={DisBezant: secure and robust federated learning against byzantine attack in IoT-enabled MTS},
  author={Ma, Xindi and Jiang, Qi and Shojafar, Mohammad and Alazab, Mamoun and Kumar, Sachin and Kumari, Saru},
  journal={IEEE Transactions on Intelligent Transportation Systems},
  year={2022},
  publisher={IEEE}
}

@article{liu2021towards,
  title={Towards communication-efficient and attack-resistant federated edge learning for industrial internet of things},
  author={Liu, Yi and Zhao, Ruihui and Kang, Jiawen and Yassine, Abdulsalam and Niyato, Dusit and Peng, Jialiang},
  journal={ACM Transactions on Internet Technology (TOIT)},
  volume={22},
  number={3},
  pages={1--22},
  year={2021},
  publisher={ACM New York, NY}
}

@inproceedings{mei2015using,
  title={Using machine teaching to identify optimal training-set attacks on machine learners},
  author={Mei, Shike and Zhu, Xiaojin},
  booktitle={Proceedings of the aaai conference on artificial intelligence},
  volume={29},
  number={1},
  year={2015}
}

@article{gupta2019randomized,
  title={{Randomized Reactive Redundancy for Byzantine Fault-Tolerance in Parallelized Learning}},
  author={Gupta, Nirupam and Vaidya, Nitin H},
  journal={arXiv:1912.09528},
  year={2019}
}

@article{praneeth2020learning,
  title={{Learning from History for Byzantine Robust Optimization}},
  author={Praneeth Karimireddy, Sai and He, Lie and Jaggi, Martin},
  journal={arXiv e-prints},
  pages={arXiv--2012},
  year={2020}
}

@article{jin2020stochastic,
  title={{Stochastic-sign SGD for federated learning with theoretical guarantees}},
  author={Jin, Richeng and Huang, Yufan and He, Xiaofan and Wu, Tianfu and Dai, Huaiyu},
  journal={arXiv:2002.10940},
  year={2020}
}

@misc{google_play_protect,
  title = {{Google Play Protect}},
  howpublished = "\url{https://developers.google.com/android/play-protect}",
  year = {2021},
  key={google_play_protect}
}

@article{yang2020defending,
  title={Defending model inversion and membership inference attacks via prediction purification},
  author={Yang, Ziqi and Shao, Bin and Xuan, Bohan and Chang, Ee-Chien and Zhang, Fan},
  journal={arXiv preprint arXiv:2005.03915},
  year={2020}
}

@misc{cs231n_backprop,
  title = {{CS231n: Convolutional Neural Networks for Visual Recognition}},
  howpublished = "\url{https://cs231n.github.io/optimization-2/#grad}",
  year = {2021},
  key={cs231n_backprop}
}

@article{mallah2021untargeted,
  title={Untargeted poisoning attack detection in federated learning via behavior attestation},
  author={Mallah, Ranwa Al and Lopez, David and Marfo, Godwin Badu and Farooq, Bilal},
  journal={arXiv preprint arXiv:2101.10904},
  year={2021}
}

@misc{android_safetyney,
  title = {{SafetyNet Attestation API}},
  howpublished = "\url{https://developer.android.com/training/safetynet/attestation}",
  year = {2021},
  key={safetynet api}
}

@misc{passwords_2,
  title = {{Hackers Expose 8.4 Billion Passwords Post them Online in Possibly Largest Dump of Passwords Ever}},
  howpublished = "\url{https://www.thegatewaypundit.com/2021/06/hackers-expose-8-4-billion-passwords-post-online-possibly-largest-dump-passwords-ever/}",
  year = {2014},
  key={passwords_2}
}

@misc{passwords_dropbox,
  title = {{Dropbox Confirms Hack, 60 Million Stolen Passwords}},
  howpublished = "\url{https://palebluenews.com/dropbox-confirms-hack/}",
  year = {2016},
  key={passwords_dropbox}
}

@misc{passwords_1,
  title = {{Billion Passwords Stolen: Change All of Yours, Now!}},
  howpublished = "\url{https://www.nbcnews.com/tech/security/billion-passwords-stolen-change-all-yours-now-n174321}",
  year = {2014},
  key={passwords_1}
}

@misc{passwords_windows_pc,
  title = {{26 million stolen passwords found online — see if you're affected}},
  howpublished = "\url{https://www.tomsguide.com/news/mystery-malware-info-stealer}",
  year = {2021},
  key={passwords_windows_pc}
}

@misc{fed_learning_workshop,
  title = {{Google Workshop on Federated Learning and Analytics}},
  howpublished = "\url{https://docs.google.com/document/d/1dWzVeFLrPinonQMauxIo0oI-Vbvqup5cZzgdPXvu97Y/edit#heading=h.7dsxad3c3nf7}",
  year = {2020},
  key={fed_learning_workshop}
}

@article{ludwig2020ibm,
  title={{IBM Federated Learning: An Enterprise Framework White Paper v0.1}},
  author={Ludwig, Heiko and Baracaldo, Nathalie and Thomas, Gegi and others},
  journal={arXiv:2007.10987},
  year={2020}
}

@inproceedings{tolpegin2020data,
  title={{Data poisoning attacks against federated learning systems}},
  author={Tolpegin, Vale and Truex, Stacey and Gursoy, Mehmet Emre and Liu, Ling},
  booktitle={ESORICS},
  year={2020}
}

@misc{gboard,
  title = {Federated Learning: Collaborative Machine Learning without Centralized Training Data},
  howpublished = "\url{https://ai.googleblog.com/2017/04/federated-learning-collaborative.html}",
  year = {2017},
}

@article{el2019sgd,
  title={{Sgd: Decentralized byzantine resilience}},
  author={El-Mhamdi, El-Mahdi and Guerraoui, Rachid and Guirguis, Arsany and Rouault, Sebastien},
  journal={arXiv:1905.03853},
  year={2019}
}

@article{data2020byzantine,
  title={{Byzantine-resilient SGD in high dimensions on heterogeneous data}},
  author={Data, Deepesh and Diggavi, Suhas},
  journal={arXiv:2005.07866},
  year={2020}
}

@article{data2020data,
  title={{Data encoding for byzantine-resilient distributed optimization}},
  author={Data, Deepesh and Song, Linqi and Diggavi, Suhas},
  journal={IEEE Transactions on Information Theory},
  year={2020},
  publisher={IEEE}
}

@article{sohn2020election,
  title={{Election coding for distributed learning: Protecting SignSGD against byzantine attacks}},
  author={Sohn, Jy-yong and Han, Dong-Jun and Choi, Beongjun and Moon, Jaekyun},
  journal={Advances in Neural Information Processing Systems},
  volume={33},
  year={2020}
}

@article{allen2020byzantine,
  title={Byzantine-resilient non-convex stochastic gradient descent},
  author={Allen-Zhu, Zeyuan and Ebrahimian, Faeze and Li, Jerry and Alistarh, Dan},
  journal={arXiv preprint arXiv:2012.14368},
  year={2020}
}

@article{xie2018phocas,
  title={{Phocas: dimensional byzantine-resilient stochastic gradient descent}},
  author={Xie, Cong and Koyejo, Oluwasanmi and Gupta, Indranil},
  journal={arXiv:1805.09682},
  year={2018}
}

@article{rajput2019detox,
  title={{DETOX: A redundancy-based framework for faster and more robust gradient aggregation}},
  author={Rajput, Shashank and Wang, Hongyi and Charles, Zachary and Papailiopoulos, Dimitris},
  journal={Advances in Neural Information Processing Systems},
  pages={10320-10330},
  year={2019}
}

@inproceedings{damaskinos2019aggregathor,
  title={{Aggregathor: Byzantine machine learning via robust gradient aggregation}},
  author={Damaskinos, Georgios and El Mhamdi, El Mahdi and Guerraoui, Rachid and Guirguis, Arsany Hany Abdelmessih and Rouault, S{\'e}bastien Louis Alexandre},
  booktitle={SysML},
  year={2019}
}

@article{yang2019byrdie,
  title={{ByRDiE: Byzantine-resilient distributed coordinate descent for decentralized learning}},
  author={Yang, Zhixiong and Bajwa, Waheed U},
  journal={IEEE Transactions on Signal and Information Processing over Networks},
  year={2019},
}

@inproceedings{chen2018draco,
  title={{Draco: Byzantine-resilient distributed training via redundant gradients}},
  author={Chen, Lingjiao and Wang, Hongyi and Charles, Zachary and Papailiopoulos, Dimitris},
  booktitle={ICML},
  year={2018}
}

@inproceedings{bonawitz2019towards,
  author    = {Keith Bonawitz and
               Hubert Eichner and
               Wolfgang Grieskamp and
               Dzmitry Huba and
               Alex Ingerman and
               Vladimir Ivanov and
               Chlo{\'{e}} Kiddon and
               Jakub Konecn{\'{y}} and
               Stefano Mazzocchi and
               Brendan McMahan and
               Timon Van Overveldt and
               David Petrou and
               Daniel Ramage and
               Jason Roselander},
  title     = {Towards Federated Learning at Scale: System Design},
  booktitle = {MLSys},
  year      = {2019}
}

@inproceedings{wang2020attack,
  title={{Attack of the tails: Yes, you really can backdoor federated learning}},
  author={Wang, Hongyi and Sreenivasan, Kartik and Rajput, Shashank and Vishwakarma, Harit and Agarwal, Saurabh and Sohn, Jy-yong and Lee, Kangwook and Papailiopoulos, Dimitris},
  booktitle={NeurIPS},
  year={2020}
}

@inproceedings{shejwalkar2021manipulating,
  title={{Manipulating the Byzantine: Optimizing Model Poisoning Attacks and Defenses for Federated Learning}},
  author={Shejwalkar, Virat and Houmansadr, Amir},
  booktitle={NDSS},
  year={2021}
}

@article{munoz2019byzantine,
  title={{Byzantine-robust federated machine learning through adaptive model averaging}},
  author={Mu{\~n}oz-Gonz{\'a}lez, Luis and Co, Kenneth T and Lupu, Emil C},
  journal={arXiv:1909.05125},
  year={2019}
}

@inproceedings{simonyan2014very,
  title={{Very deep convolutional networks for large-scale image recognition}},
  author={Simonyan, Karen and Zisserman, Andrew},
  booktitle={ICLR},
  year={2015}
}

@inproceedings{mahloujifar2019universal,
  title={{Universal multi-party poisoning attacks}},
  author={Mahloujifar, Saeed and Mahmoody, Mohammad and Mohammed, Ameer},
  booktitle={ICML},
  year={2019}
}

@article{xie2019fall,
  title={{Fall of empires: Breaking Byzantine-tolerant SGD by inner product manipulation}},
  author={Xie, Cong and Koyejo, Sanmi and Gupta, Indranil},
  journal={arXiv:1903.03936},
  year={2019}
}

@article{ghosh2019robust,
  title={{Robust federated learning in a heterogeneous environment}},
  author={Ghosh, Avishek and Hong, Justin and Yin, Dong and Ramchandran, Kannan},
  journal={arXiv:1906.06629},
  year={2019}
}

@inproceedings{pan2020justinian,
  title={Justinian's gaavernor: Robust distributed learning with gradient aggregation agent},
  author={Pan, Xudong and Zhang, Mi and Wu, Duocai and Xiao, Qifan and Ji, Shouling and Yang, Min},
  booktitle={Proceedings of the 29th USENIX Conference on Security Symposium},
  pages={1641--1658},
  year={2020}
}

@article{he2020byzantine,
  title={{Byzantine-Robust Learning on Heterogeneous Datasets via Resampling}},
  author={He, Lie and Karimireddy, Sai Praneeth and Jaggi, Martin},
  journal={arXiv:2006.09365},
  year={2020}
}
@article{sun2019can,
  title={{Can you really backdoor federated learning?}},
  author={Sun, Ziteng and Kairouz, Peter and Suresh, Ananda Theertha and McMahan, H Brendan},
  journal={NeurIPS FL Workshop},
  year={2019}
}

@inproceedings{cohen2017emnist,
  title={{EMNIST: Extending MNIST to handwritten letters}},
  author={Cohen, Gregory and Afshar, Saeed and Tapson, Jonathan and Van Schaik, Andre},
  booktitle={IJCNN},
  year={2017}
}

@misc{technologyreviewApplePersonalizes,
	author = {},
	title = {{H}ow {A}pple personalizes {S}iri without hoovering up your data --- technologyreview.com},
	howpublished = {\url{https://www.technologyreview.com/2019/12/11/131629/apple-ai-personalizes-siri-federated-learning/}},
	year = {},
}

@misc{vrt1shjwlkr-ndss21-model-poisoning,
  author       = {Virat Shejwalkar},
  title        = {{NDSS21-Model-Poisoning: Code for NDSS 2021 Paper on Model Poisoning Attacks}},
  howpublished = {\url{https://github.com/vrt1shjwlkr/NDSS21-Model-Poisoning}},
}


@inproceedings{tran2018spectral,
  title={{Spectral signatures in backdoor attacks}},
  author={Tran, Brandon and Li, Jerry and Madry, Aleksander},
  booktitle={NeurIPS},
  year={2018}
}

@article{anil2018large,
  title={{Large scale distributed neural network training through online distillation}},
  author={Anil, Rohan and Pereyra, Gabriel and Passos, Alexandre and Ormandi, Robert and Dahl, George E and Hinton, Geoffrey E},
  journal={arXiv:1804.03235},
  year={2018}
}

@inproceedings{wang2018kdgan,
  title={{KDGAN: knowledge distillation with generative adversarial networks}},
  author={Wang, Xiaojie and Zhang, Rui and Sun, Yu and Qi, Jianzhong},
  booktitle={NeurIPS},
  year={2018}
}

@inproceedings{munoz2017towards,
  title={{Towards poisoning of deep learning algorithms with back-gradient optimization}},
  author={Mu{\~n}oz-Gonz{\'a}lez, Luis and Biggio, Battista and Demontis, Ambra and Paudice, Andrea and Wongrassamee, Vasin and Lupu, Emil C and Roli, Fabio},
  booktitle={AISec},
  year={2017},
}

@inproceedings{jia2019memguard,
  author={Jia, Jinyuan and  Salem, Ahmed and Backes, Michael and Zhang, Yang and Gong, Neil Zhenqiang},
  title={{MemGuard: Defending against Black-Box Membership Inference Attacks via Adversarial Examples}},
  booktitle={Proceedings of the 2019 ACM SIGSAC Conference on Computer and Communications Security},
  year=2019,
}

@inproceedings{song2018collaborative,
  title={{Collaborative learning for deep neural networks}},
  author={Song, Guocong and Chai, Wei},
  booktitle={Advances in Neural Information Processing Systems},
  pages={1832--1841},
  year={2018}
}

@article{jeong2018communication,
  title={{Communication-efficient on-device machine learning: Federated distillation and augmentation under non-iid private data}},
  author={Jeong, Eunjeong and Oh, Seungeun and Kim, Hyesung and Park, Jihong and Bennis, Mehdi and Kim, Seong-Lyun},
  journal={arXiv:1811.11479},
  year={2018}
}

@article{netzer2011reading,
  title={{Reading digits in natural images with unsupervised feature learning}},
  author={Netzer, Yuval and Wang, Tao and Coates, Adam and Bissacco, Alessandro and Wu, Bo and Ng, Andrew Y},
  year={2011}
}

@article{lecun1998gradient,
  title={{Gradient-based learning applied to document recognition}},
  author={LeCun, Yann and Bottou, L{\'e}on and Bengio, Yoshua and others},
  journal={Proceedings of the IEEE},
  year={1998},
}

@inproceedings{dwork2018privacy,
  title={{Privacy-preserving Prediction}},
  author={Dwork, Cynthia and Feldman, Vitaly},
  booktitle={Conference On Learning Theory},
  pages={1693--1702},
  year={2018}
}


@inproceedings{ba2014deep,
  title={{Do deep nets really need to be deep?}},
  author={Ba, Jimmy and Caruana, Rich},
  booktitle={Advances in neural information processing systems},
  pages={2654--2662},
  year={2014}
}

@inproceedings{diakonikolas2019sever,
  title={{Sever: A Robust Meta-Algorithm for Stochastic Optimization}},
  author={Diakonikolas, Ilias and Kamath, Gautam and Kane, Daniel and Li, Jerry and Steinhardt, Jacob and Stewart, Alistair},
  booktitle={International Conference on Machine Learning},
  pages={1596--1606},
  year={2019}
}

@inproceedings{alistarh2017qsgd,
  title={{QSGD: Communication-efficient SGD via gradient quantization and encoding}},
  author={Alistarh, Dan and Grubic, Demjan and Li, Jerry and Tomioka, Ryota and Vojnovic, Milan},
  booktitle={Advances in Neural Information Processing Systems},
  pages={1709--1720},
  year={2017}
}

@inproceedings{jayaraman2019evaluating,
  title={{Evaluating Differentially Private Machine Learning in Practice}},
  author={Jayaraman, Bargav and Evans, David},
  booktitle={USENIX Security Symposium},
  year={2019}
}

@book{huber2011robust,
  title={{Robust statistics}},
  author={Huber, Peter J},
  year={2011},
  publisher={Springer}
}

@article{allen2018algorithmic,
   author={Allen, Joshua and Ding, Bolin and Kulkarni, Janardhan and Nori, Harsha and Ohrimenko, Olga and Yekhanin, Sergey},
   title={{An algorithmic framework for diff-private data analysis on trusted processors}},
   journal={arXiv:1807.00736},
   year=2018,
}

@article{konevcny2016federated,
  title={{Federated learning: Strategies for improving communication efficiency}},
  author={Kone{\v{c}}n{\`y}, Jakub and McMahan, H Brendan and Yu, Felix X and Richt{\'a}rik, Peter and Suresh, Ananda Theertha and Bacon, Dave},
  journal={NIPS Workshop on Private Multi-Party ML},
  year={2016}
}


@article{wu2017bolton,
   author={Wu Xi and Fengan Li and Arun Kumar and Kamalika Chaudhuri and Somesh Jha and Jeffrey F. Naughton},
   title={{Bolt-on differential privacy for scalable stochastic gradient descent-based analytics}},
   journal={arXiv:1606.04722},
   year=2017,
}

@article{kaming2016identity,
   author={Kaiming He and Xiangyu Zhang and Shaoqing Ren and Jian Sun},
   title={{Identity Mappings in Deep Residual Networks}},
   journal={European Conference on Computer Vision (ECCV)},
   year=2016,
}

@article{hinton2014distilling,
   author={Hinton Geoffrey and Vinyals Oriol amd Dean Jeff},
   title={{Distilling the Knowledge in a Neural Network}},
   journal={NIPS 2014 Deep Learning Workshop},
   year=2014,
}
@article{han2015deep,
  title={{Deep compression: Compressing deep neural networks with pruning, trained quantization and huffman coding}},
  author={Han, Song and Mao, Huizi and Dally, William J},
  journal={arXiv:1510.00149},
  year={2015}
}

@inproceedings{cheng2015exploration,
  title={{An exploration of parameter redundancy in deep networks with circulant projections}},
  author={Cheng, Yu and Yu, Felix X and Feris, Rogerio S and Kumar, Sanjiv and Choudhary, Alok and Chang, Shi-Fu},
  booktitle={Proceedings of the IEEE International Conference on Computer Vision},
  pages={2857--2865},
  year={2015}
}
@inproceedings{chen2015compressing,
  title={{Compressing neural networks with the hashing trick}},
  author={Chen, Wenlin and Wilson, James and Tyree, Stephen and Weinberger, Kilian and Chen, Yixin},
  booktitle={International Conference on Machine Learning},
  pages={2285--2294},
  year={2015}
}
@article{romero2014fitnets,
  title={{Fitnets: Hints for thin deep nets}},
  author={Romero, Adriana and Ballas, Nicolas and Kahou, Samira Ebrahimi and Chassang, Antoine and Gatta, Carlo and Bengio, Yoshua},
  journal={arXiv:1412.6550},
  year={2014}
}

@article{karimireddy2020byzantine,
  title={Byzantine-robust learning on heterogeneous datasets via bucketing},
  author={Karimireddy, Sai Praneeth and He, Lie and Jaggi, Martin},
  journal={arXiv preprint arXiv:2006.09365},
  year={2020}
}

@article{nguyen2022federated,
  title={Federated learning for smart healthcare: A survey},
  author={Nguyen, Dinh C and Pham, Quoc-Viet and Pathirana, Pubudu N and Ding, Ming and Seneviratne, Aruna and Lin, Zihuai and Dobre, Octavia and Hwang, Won-Joo},
  journal={ACM Computing Surveys (CSUR)},
  volume={55},
  number={3},
  pages={1--37},
  year={2022},
  publisher={ACM New York, NY}
}

@article{jin2023fedml,
  title={FedML-HE: An Efficient Homomorphic-Encryption-Based Privacy-Preserving Federated Learning System},
  author={Jin, Weizhao and Yao, Yuhang and Han, Shanshan and Joe-Wong, Carlee and Ravi, Srivatsan and Avestimehr, Salman and He, Chaoyang},
  journal={arXiv preprint arXiv:2303.10837},
  year={2023}
}

@article{tang2023fedml,
  title={FedML Parrot: A Scalable Federated Learning System via Heterogeneity-aware Scheduling on Sequential and Hierarchical Training},
  author={Tang, Zhenheng and Chu, Xiaowen and Ran, Ryan Yide and Lee, Sunwoo and Shi, Shaohuai and Zhang, Yonggang and Wang, Yuxin and Liang, Alex Qiaozhong and Avestimehr, Salman and He, Chaoyang},
  journal={arXiv preprint arXiv:2303.01778},
  year={2023}
}



@inproceedings{li2021model,
  title={Model-contrastive federated learning},
  author={Li, Qinbin and He, Bingsheng and Song, Dawn},
  booktitle={Proceedings of the IEEE/CVF conference on computer vision and pattern recognition},
  pages={10713--10722},
  year={2021}
}

@inproceedings{bucilua2006model,
  title={{Model compression}},
  author={Buciluǎ, Cristian and Caruana, Rich and Niculescu-Mizil, Alexandru},
  booktitle={Proceedings of the 12th ACM SIGKDD international conference on Knowledge discovery and data mining},
  pages={535--541},
  year={2006},
  organization={ACM}
}
@article{lecun2015deep,
  title={{Deep learning}},
  author={LeCun, Yann and Bengio, Yoshua and Hinton, Geoffrey},
  journal={nature},
  volume={521},
  number={7553},
  pages={436--444},
  year={2015},
  publisher={Nature Publishing Group}
}
@inproceedings{bengio2012deep,
  title={{Deep learning of representations for unsupervised and transfer learning}},
  author={Bengio, Yoshua},
  booktitle={Proceedings of ICML workshop on unsupervised and transfer learning},
  pages={17--36},
  year={2012}
}

@article{hamm2016learning,
   author={Hamm Jihun and Cao Yingjun and Belkin Mikhail},
   title={{Learning privately from multiparty data}},
   journal={Proceedings of The 33rd International Conference on Machine Learning},
   year=2016,
}

@article{papernot2018scalable,
  author={Papernot, Nicolas and Song, Shuang and Erlingsson, Ulfar and Mironov, Ilya and Raghunathan, Ananth and Talwar Kunal},
  title={{Scalable private learning with {PATE}}},
  journal={International Conference on Learning and Representation},
  year=2018,
}

@article{pihur2018differentially,
  author={Pihur, Vasyl and Korolova, Aleksandra and Liu, Frederick and Sankuratripati, Subhash and Yung, Moti and Huang, Dachuan and Zeng, Ruogu},
  title={{Differentially-Private "Draw and Discard" Machine Learning}},
  journal={arXiv:1807.04369},
  year=2018,
}

@article{rajkumar2012differentially,
  author={Rajkumar, Arun and Agarwal, Shivani},
  title={{Differentially Private Stochastic Gradient Descent Algorithm for Multiparty Classification}},
  journal={Proceedings of the 15th International Conference on Artificial Intelligence and Statistic},
  year=2012,
}

@article{lu2016aggregating,
  author={Tian, Lu and Jayaraman, Bargav and Gu, Quanquan and Evans, David},
  title={{Aggregating private sparse learning models using multiparty computation}},
  journal={NIPS Workshop on Private Multi-Party ML},
  year=2016,
}

@inproceedings{li2021byzantine,
  title={Byzantine-robust federated learning through spatial-temporal analysis of local model updates},
  author={Li, Zhuohang and Liu, Luyang and Zhang, Jiaxin and Liu, Jian},
  booktitle={2021 IEEE 27th International Conference on Parallel and Distributed Systems (ICPADS)},
  pages={372--379},
  year={2021},
  organization={IEEE}
}

@article{hardy2016on,
  author={Hardy, Stephen and Henecka, Wilko and Nock, Richard},
  title={{On private supervised distributed learning: weakly labeled and without entity resolution}},
  journal={NIPS Workshop on Private Multi-Party ML},
  year=2016,
}

@article{keith2016practical,
  author={Bonawitz, Keith and Ivanov, Vladimir and Kreuter, Ben and Marcedone, Antonio and McMahan, H Brendan and Patel, Sarvar and Ramage, Daniel and Segal, Aaron and Seth, Karn},
  title={{Practical secure aggregation for federated learning on user-held data}},
  journal={NIPS Workshop on Private Multi-Party ML},
  year=2016,
}

@article{takabi2016privacy,
  author={Takabi, Hassan and Hesamifard, Ehsan and Ghasemi, Mehdi},
  title={{Privacy preserving multiparty machine learning with homomorphic encryption}},
  journal={NIPS Workshop on Private Multi-Party ML},
  year=2016,
}

@article{cyphers2017anonml,
  author={Cyphers, Bennett and Veeramachaneni, Kalyan},
  title={{AnonML: Locally private machine learning over a network of peers}},
  journal={2017 IEEE International Conference on Data Science and Advanced Analytics (DSAA)},
  year=2017,
}

@article{nasr2018machine,
  author={Nasr, Milad and Shokri, Reza and Houmansadr, Amir},
  title={{Machine learning with membership privacy using adversarial tuning}},
  journal={Proceedings of the 2018 ACM SIGSAC Conference on Computer and Communications Security},
  year=2018,
}

@inproceedings{mcmahan2017communication,
  author={McMahan, H Brendan and Moore, Eider and Ramage, Daniel and Hampson, Seth and Arcas, Blaise Aguera y},
  title={{Communication-efficient learning of deep networks from decentralized data}},
  booktitle={AISTATS},
  year=2017,
}

@article{shen2016auror,
  author={Shen, Shiqui and Tople, Shruti and Saxena, Prateek},
  title={{AUROR: Defending againsts poisoning attacks in collaborative deep learning systems}},
  journal={2016 Annual Computer Security Applications Conference},
  year=2016,
}

@article{zhang2018privacy,
  author={Zhang, Tianwei and He, Zecheng and Lee, Ruby B},
  title={{Privacy preserving machine learning through data obfuscation}},
  journal={arXiv:1807.01860v2},
  year=2018,
}

@article{hesamifard2018privacy,
  author={Hesamifard, Ehsan and Takabi, Hassan and Ghasemi, Mehdi and Wright, Rebecca N.},
  title={{Privacy-preserving machine learning as a service}},
  journal={Proceedings of Privacy Enhancing Technology},
  year=2018,
}

@article{gao2008knowledge,
  author={Gao, Jing and Fan, Wei and Jiang, Jing and Han, Jiawei},
  title={{Knowledge transfer via multiple model local structure mapping}},
  journal={Proceedings of the 14th ACM SIGKDD international conference on Knowledge discovery and data mining},
  year=2008,
}

@article{biggio2011bagging,
  author={Biggio, Battista and Corona, Igino and Fumera, Giorgio and Giacinto, Giorgio and Roli, Fabio},
  title={{Bagging classifiers for fighting poisoning attacks in adversarial classifcation tasks}},
  journal={International Workshop on Multiple Classifier Systems},
  year=2011,
}

@article{fumera2005theoretical,
  author={Fumera, Giorgio and Roli, Fabiio},
  title={{Theoretical and experimental analysis of linear combiners for multiple classifier systems}},
  journal={IEEE Transactions on Pattern Analysis and Machine Intelligence},
  year=2005,
}

@article{wagner2004resilient,
  author={Wagner, David},
  title={{Resilient aggregation in sensor networks}},
  journal={Proceedings of the 2nd ACM workshop on Security of ad hoc and sensor networks},
  year=2004,
}

@article{arora2012the,
  author={Arora, Sanjeev and Hazan, Elad and Kale, Satyen},
  title={{The multiplicative weights update method: A meta-algorithm and it's applications}},
  journal={Theory of Computing},
  year=2012,
}

@article{biggio2014poisoning,
  author={Biggio, Battista and Rieck, Konrad and Ariu, Davide and Wressnegger, Christian and Corona, Igino and Giacinto, Giorgio and Roli, Fabio},
  title={{Poisoning behavioral malware clustering}},
  journal={Proceedings of the 2014 workshop on artificial intelligent and security workshop},
  year=2014,
}

@article{biggio2013evasion,
  author={Biggio, Battista and Corona, Igino and Maiorca, Davide and Srndic, Nedim and Nelson, Blaine and Laskon, Pavel and Giacinto, Giorgio and Roli, Fabio},
  title={{Evasion attacks against machine learning at test time}},
  journal={6th European Machine Learning and Data Mining Conference},
  year=2013,
}

@article{biggio2013is,
  author={Biggio, Battista and Pillai, Ignazio and Rota Bulo, Samuel and Ariu, Davide and Pelillo, marcello and Roli, Fabio},
  title={{Is data clustering in adversarial setting secure?}},
  journal={Proceedings of the 2013 ACM workshop on Artificial intelligence and security},
  year=2013,
}

@article{breiman2001random,
  author={Breiman, Leo},
  title={{Random forests}},
  journal={Machine Learning},
  year=2001,
}

@inproceedings{charikar2017learning,
  title={{Learning from untrusted data}},
  author={Charikar, Moses and Steinhardt, Jacob and Valiant, Gregory},
  booktitle={Proceedings of the 49th Annual ACM SIGACT Symposium on Theory of Computing},
  pages={47--60},
  year={2017},
  organization={ACM}
}

@article{barreno2010the,
  author={Barreno, Marco and Nelson, Blaine and Joseph, Anthony D.},
  title={{The security of machine learning}},
  journal={Machine Learning},
  year=2010,
}


@article{melis2019exploiting,
  author={Melis, Luca and Song, Congzheng and Cristofaro, Emiliano De and Shmatikov, Vitaly},
  title={{Exploiting unintended feature leakage in collaborative learning}},
  journal={40th IEEE Symposium on Security and Privacy},
  year=2019,
}

@article{murphy2012machine,
  author={Murphy, Kevin},
  title={{Machine learning: A probabilistic perspective}},
  journal={The MIT Press},
  year=2012,
}

@article{zhang2022flip,
  title={FLIP: A Provable Defense Framework for Backdoor Mitigation in Federated Learning},
  author={Zhang, Kaiyuan and Tao, Guanhong and Xu, Qiuling and Cheng, Siyuan and An, Shengwei and Liu, Yingqi and Feng, Shiwei and Shen, Guangyu and Chen, Pin-Yu and Ma, Shiqing and others},
  journal={arXiv preprint arXiv:2210.12873},
  year={2022}
}

@article{burkhalter2021rofl,
  title={Rofl: Attestable robustness for secure federated learning},
  author={Burkhalter, Lukas and Lycklama, Hidde and Viand, Alexander and K{\"u}chler, Nicolas and Hithnawi, Anwar},
  journal={arXiv preprint arXiv:2107.03311},
  year={2021}
}

@article{wu2020federated,
  title={Federated variance-reduced stochastic gradient descent with robustness to byzantine attacks},
  author={Wu, Zhaoxian and Ling, Qing and Chen, Tianyi and Giannakis, Georgios B},
  journal={IEEE Transactions on Signal Processing},
  volume={68},
  pages={4583--4596},
  year={2020},
  publisher={IEEE}
}

@article{lin2021stochastic,
  title={Stochastic alternating direction method of multipliers for byzantine-robust distributed learning},
  author={Lin, Feng and Li, Weiyu and Ling, Qing},
  journal={arXiv preprint arXiv:2106.06891},
  year={2021}
}

@article{xu1996on,
  author={Xu, Lei and Jordan, Michael},
  title={{On convergence properties of the EM algorithm for Gaussian mixtures}},
  journal={Neural computation},
  year=1996,
}

@article{xiao2015is,
  author={Xiao, H. and Biggio, B. and Brown, G. and Fumera, G. and Eckert, C. and Roli, F.},
  title={{Is feature selection secure against training data poisoning?}},
  journal={In Proceedings of 32nd International Conference on Machine Learning},
  year=2015,
}


@article{treux2018a,
  author={Treux, Stacey and Baracaldo, Nathalie and Anwar, Ali and Steinke, Thomas and Ludwig, Heiko and Zhang, Rui},
  title={{A hybrid approach to privacy-preserving federated learning}},
  journal={arXiv:1812.03224v1},
  year=2018,
}

@article{damgard2001a,
  author={Damgard, I and Jurik, M},
  title={{A generalisation, a simplification and some applications of paillier’s probabilistic public-key system}},
  journal={In Proceedings of the 4th International Workshop on Practice and Theory in Public Key Cryptography},
  year=2001,
}

@article{li2019abnormal,
  title={Abnormal client behavior detection in federated learning},
  author={Li, Suyi and Cheng, Yong and Liu, Yang and Wang, Wei and Chen, Tianjian},
  journal={arXiv preprint arXiv:1910.09933},
  year={2019}
}

@article{hayes2018contamination,
  author={Hayes, Jamie and Ohrimenko, Olya},
  title={{Contamination attacks and mitigations in multi-party machine learning}},
  journal={32nd Conference on Neural Information Processing Systems (NIPS 2018)},
  year=2018,
}

@article{louppe2017learning,
  author={Louppe, G. and Kagan, M. and Cranmer, K.},
  title={{Learning to pivot with adversarial networks}},
  journal={31st Conference on Neural Information Processing Systems (NIPS 2018)},
  year=2017,
}


@article{giacomelli2018privacy,
  author={Giacomelli, Irene and Jha, Somesh and Kleiman, Ross and Page, David and Yoon, Kyonghwan},
  title={{Privacy-preserving collaborative prediction using random forests}},
  journal={arXiv:1811.08695v1},
  year=2018,
}

@inproceedings{ranjan2022securing,
  title={Securing Federated Learning against Overwhelming Collusive Attackers},
  author={Ranjan, Priyesh and Gupta, Ashish and Coro, Federico and Das, Sajal K},
  booktitle={GLOBECOM 2022-2022 IEEE Global Communications Conference},
  pages={1448--1453},
  year={2022},
  organization={IEEE}
}

@article{gade2018privacy,
  author={Gade, Shripad and Vaidya, Nitin},
  title={{Privacy-preserving distributed learning via obfuscated stochastic gradients}},
  journal={IEEE Conference on Decision and Control},
  year=2018,
}

@article{vepakomma2018no,
  author={Vepakomma, Praneeth and Swedish, Tristan and Raskar, Ramesh and Gupta, Otkrist and Dubey, Abhimanyu},
  title={{No peek: A survey of private distributed deep learning}},
  journal={arXiv:1812.03288v1},
  year=2018,
}



@article{jochems2016distributed,
  author={Jochems, Arthur and Deist, Timo M. and Soest, Johan van and Eble, Michael and Bulens, Paul and Coucke, Philippe and   Dries, Wim and Lambin, Philippe and Dekker, Andre},
  title={{Distributed learning: Developing a predictive model based on data from multiple hospitals without data leaving the hospital – A real life proof of concept}},
  journal={Radiotherapy and Oncology},
  year=2016,
}


@article{ganju2018property,
  author={Ganju, Karan and Qi, Wang and Yang, Wei and Gunter, Carl A. and Borisov, Nikita},
  title={{Property inference attacks on fully connected neural networks using permutation invariant representations}},
  journal={Proceedings of the 2018 ACM SIGSAC Conference on Computer and Communications Security},
  year=2018,
}

@inproceedings{salimans2016improved,
  title={{Improved techniques for training gans}},
  author={Salimans, Tim and Goodfellow, Ian and Zaremba, Wojciech and Cheung, Vicki and Radford, Alec and Chen, Xi},
  booktitle={Advances in neural information processing systems},
  pages={2234--2242},
  year={2016}
}


@article{yeom2018privacy,
  author={Yeom, Samuel and Giacomelli, Irene and Fredrikson, Matt and Jha, Somesh},
  title={{Privacy risk in machine learning: Analyzing connection to overfitting}},
  journal={In 2018 IEEE 31st Computer Security Foundations Symposium (CSF)},
  year=2018,
}


@article{gupta2017distributed,
  author={Gupta, Otkrist and Raskar, Ramesh},
  title={{Distributed learning of deep neural networks over multiple agents}},
  journal={Journal of Network and Computer Applications},
  year=2017,
}


@article{ateniese2013hacking,
  author={Ateniese, Giuseppe and Felici, Giovanni and Mancini, Luigi V. and Spognardi, Angelo and Villani, Antonio and Vitali, Domenico},
  title={{Hacking smart machines with smarter ones: How to extract meaningful data from machine learning classifiers}},
  journal={arXiv:1306.4447},
  year=2013,
}


@article{salem2019ml,
  author={Salem, Ahmed and Zhang, Yang and Humbert, Mathias and Fritz, Mario and Backes, Michael},
  title={{ML-Leaks: Model and Data Independent Membership Inference Attacks and Defenses on Machine Learning Models}},
  journal={In NDSS},
  year=2019,
}


@article{pyrgelis2018knock,
  author={Pyrglis, Apostolos and Troncoso, Carmela and Cristofaro, Emiliano De},
  title={{Knock knock, who's there: Membership inference on aggregate location data}},
  journal={In NDSS},
  year=2018,
}


@article{song2018the,
  author={Song, Congzheng, and Shmatikov, Vitaly},
  title={{The Natural Auditor: How To Tell If Someone Used Your Words To Train Their Model}},
  journal={arXiv:1811.00513},
  year=2018,
}


@article{hayes2019logan,
  title={{LOGAN: Membership inference attacks against generative models}},
  author={Hayes, Jamie and Melis, Luca and Danezis, George and De Cristofaro, Emiliano},
  journal={Proceedings on Privacy Enhancing Technologies},
  volume={2019},
  number={1},
  pages={133--152},
  year={2019},
  publisher={Sciendo}
}


@article{long2018understanding,
  author={Long, Yunhui and Bindschaedler, Vincent and Wang, Lei and Bu, Diyue and Wang, Xiaofeng and Tang, Haixu and Gunter, Carl A. and Chen, Kai},
  title={{Understanding Membership Inferences on Well-Generalized Learning Models}},
  journal={arXiv:1802.04889},
  year=2018,
}


@article{geyer2017differential,
  author={Geyer, Robin C. and Klein, Tassilo and Nabi, Moin},
  title={{Differentially private federated learning: A client level perspective}},
  journal={arXiv:1712.07557},
  year=2017,
}


@article{aono2017privacy,
  author={Aono, Yoshinori and Hayashi, Takuya and Wang, Lihua and Moriai, Shiho},
  title={{Privacy-preserving deep learning: Revisited and enhanced}},
  journal={In International Conference on Applications and Techniques in Information Security},
  year=2017,
}


@article{carlini2018the,
  author={Carlini, Nicholas and Liu, Chang and Kos, Jernej and Erlingsson, Úlfar and Song, Dawn},
  title={{The Secret Sharer: Measuring Unintended Neural Network Memorization and Extracting Secrets}},
  journal={arXiv:1802.08232},
  year=2018,
}


@article{oh2018towards,
  author={Oh, Seong Joon and Augustin, Max and Fritz, Mario and Schiele, Bernt},
  title={{Towards reverse-engineering black-box neural networks}},
  journal={In International Conference on Learning Representations},
  year=2018,
}


@article{miao2018attack,
  author={Miao, Chenglin and Qi, Li and Lu, Su and Mengdi, Huai and Wenjun, Jiang and Jing, Gao},
  title={{Attack under Disguise: An Intelligent Data Poisoning Attack Mechanism in Crowdsourcing}},
  journal={In Proceedings of the 2018 World Wide Web Conference on World Wide Web},
  pp={13-22},
  year=2018,
}


@article{miao2018towards,
  author={Miao, Chenglin and Qi, Li and Xiao, Houping and Wenjun, Jiang and Mengdi, Huai and Lu, Su},
  title={{Towards Data Poisoning Attacks in Crowd Sensing Systems}},
  journal={In Proceedings of the Eighteenth ACM International Symposium on Mobile Ad Hoc Networking and Computing},
  pp={111-120},
  year=2018,
}

@article{xu2022tdfl,
  title={TDFL: Truth Discovery Based Byzantine Robust Federated Learning},
  author={Xu, Chang and Jia, Yu and Zhu, Liehuang and Zhang, Chuan and Jin, Guoxie and Sharif, Kashif},
  journal={IEEE Transactions on Parallel and Distributed Systems},
  volume={33},
  number={12},
  pages={4835--4848},
  year={2022},
  publisher={IEEE}
}

@article{li2014resolving,
  author={Li, Qi and Li, Yaliang and Gao, Jing and Zhao, Bo and Fan, Wei and Han, Jiawei},
  title={{Resolving conflicts in heterogeneous data by truth discovery and source reliability estimation}},
  journal={Proceedings of the 2014 ACM SIGMOD international conference on Management of data},
  pp={1187-1198},
  year=2014,
}

@inproceedings{guo2021siren,
  title={Siren: Byzantine-robust federated learning via proactive alarming},
  author={Guo, Hanxi and Wang, Hao and Song, Tao and Hua, Yang and Lv, Zhangcheng and Jin, Xiulang and Xue, Zhengui and Ma, Ruhui and Guan, Haibing},
  booktitle={Proceedings of the ACM Symposium on Cloud Computing},
  pages={47--60},
  year={2021}
}

@article{nasr2019comprehensive,
  author={Nasr, Milad and Shokri, Reza and Houmansadr, Amir},
  title={{Comprehensive Privacy Analysis of Deep Learning: Stand-alone and Federated Learning under Passive and Active White-box Inference Attacks}},
  journal={IEEE Symposium on S\&P},
  year=2019,
}

@article{orekondy2018understanding,
  title={{Understanding and controlling user linkability in decentralized learning}},
  author={Orekondy, Tribhuvanesh and Oh, Seong Joon and Schiele, Bernt and Fritz, Mario},
  journal={arXiv:1805.05838},
  year={2018}
}

@article{yang2019effectiveness,
  title={{Effectiveness of Distillation Attack and Countermeasure on Neural Network Watermarking}},
  author={Yang, Ziqi and Dang, Hung and Chang, Ee-Chien},
  journal={arXiv:1906.06046},
  year={2019}
}

@inproceedings{mhamdi2018the,
  author={Mhamdi, El Mahdi El and Rachid Guerraoui and Sébastien Rouault},
  title={{The Hidden Vulnerability of Distributed Learning in Byzantium}},
  booktitle={ICML},
  year={2018}
}


@article{lai2016agnostic,
  author={Lai, Kevin and Rao, Anup and Vempala, Santosh},
  title={{Agnostic estimation of mean and covariance}},
  journal={FOCS},
  year=2016,
}

@inproceedings{wang2022flare,
  title={Flare: defending federated learning against model poisoning attacks via latent space representations},
  author={Wang, Ning and Xiao, Yang and Chen, Yimin and Hu, Yang and Lou, Wenjing and Hou, Y Thomas},
  booktitle={Proceedings of the 2022 ACM on Asia Conference on Computer and Communications Security},
  pages={946--958},
  year={2022}
}

@article{park2021sageflow,
  title={Sageflow: Robust federated learning against both stragglers and adversaries},
  author={Park, Jungwuk and Han, Dong-Jun and Choi, Minseok and Moon, Jaekyun},
  journal={Advances in neural information processing systems},
  volume={34},
  pages={840--851},
  year={2021}
}

@inproceedings{diakonikolas2016robust,
  title={{Robust estimators in high dimensions without the computational intractability}},
  author={Diakonikolas, Ilias and Kamath, Gautam and Kane, Daniel M and Li, Jerry and Moitra, Ankur and Stewart, Alistair},
  booktitle={2016 IEEE 57th Annual Symposium on Foundations of Computer Science (FOCS)},
  pages={655--664},
  year={2016},
  organization={IEEE}
}


@inproceedings{alistarh2018byzantine,
  title={{Byzantine stochastic gradient descent}},
  author={Alistarh, Dan and Allen-Zhu, Zeyuan and Li, Jerry},
  booktitle={NeurIPS},
  year={2018}
}


@phdthesis{su2017defending,
  title={{Defending distributed systems against adversarial attacks: Consensus, consensus-based learning, and statistical learning}},
  author={Su, Lili},
  year={2017},
  school={University of Illinois at Urbana-Champaign}
}


@article{freud1997decision,
  author={Freund, Yoav and Schapire, Robert E. },
  title={{A decision-theoretic generalization of on-line learning and an application to boosting}},
  journal={Journal of computer and system sciences 55, no. 1},
  pp={119-139},
  year=1997,
}



@article{plotkin1991fast,
  author={Plotkin, Serge A. and Shmoys, David B. and Tardos, Eva},
  title={{Fast approximation algorithms for fractional packing and covering problems}},
  journal={Foundations of Computer Science},
  pp={495-504},
  year=1991,
}




@article{garg2007faster,
  author={Garg, Naveen and Koenemann, Jochen},
  title={{Faster and simpler algorithms for multicommodity flow and other fractional packing problems}},
  journal={SIAM Journal on Computing 37, no. 2 },
  pp={630-652},
  year=2007,
}



@phdthesis{steinhardt2018robust,
  title={{Robust Learning: Information Theory and Algorithms}},
  author={Steinhardt, Jacob},
  year={2018},
  school={Stanford University}
}

@book{bishop2006pattern,
 author = {Bishop, Christopher M.},
 title = {Pattern Recognition and Machine Learning (Information Science and Statistics)},
 year = {2006},
 isbn = {0387310738},
 publisher = {Springer-Verlag},
 address = {Berlin, Heidelberg},
}

@inproceedings{song2017machine,
  title={{Machine Learning Models that Remember Too Much}},
  author={Song, Congzheng and Ristenpart, Thomas and Shmatikov, Vitaly},
  booktitle={Proceedings of the 2017 ACM SIGSAC Conference on Computer and Communications Security},
  year={2017},
}

@inproceedings{shokri2017membership,
  title={{Membership inference attacks against machine learning models}},
  author={Shokri, Reza and Stronati, Marco and Song, Congzheng and Shmatikov, Vitaly},
  booktitle={Security and Privacy (SP), 2017 IEEE Symposium on},
  year={2017},
}

@inproceedings{tramer2016stealing,
  title={{Stealing machine learning models via prediction apis}},
  author={Tram{\`e}r, Florian and Zhang, Fan and Juels, Ari and Reiter, Michael K and Ristenpart, Thomas},
  booktitle={USENIX Security},
  year={2016}
}

@inproceedings{fredrikson2014privacy,
  title={{Privacy in Pharmacogenetics: An End-to-End Case Study of Personalized Warfarin Dosing.}},
  author={Fredrikson, Matthew and Lantz, Eric and Jha, Somesh and Lin, Simon and Page, David and Ristenpart, Thomas},
  booktitle={USENIX Security Symposium},
  year={2014}
}

@inproceedings{fredrikson2015model,
  title={{Model inversion attacks that exploit confidence information and basic countermeasures}},
  author={Fredrikson, Matt and Jha, Somesh and Ristenpart, Thomas},
  booktitle={Proceedings of the 22nd ACM SIGSAC Conference on Computer and Communications Security},
  year={2015},
  organization={ACM}
}

@inproceedings{abadi2016deep,
  title={{Deep learning with differential privacy}},
  author={Abadi, Mart{\'\i}n and Chu, Andy and Goodfellow, Ian and McMahan, H Brendan and Mironov, Ilya and Talwar, Kunal and Zhang, Li},
  booktitle={Proceedings of the 2016 ACM SIGSAC Conference on Computer and Communications Security},
  year={2016},
  organization={ACM}
}

@inproceedings{shokri2015privacy,
  title={{Privacy-preserving deep learning}},
  author={Shokri, Reza and Shmatikov, Vitaly},
  booktitle={Proceedings of the 22nd ACM SIGSAC conference on computer and communications security},
  year={2015},
  organization={ACM}
}

@inproceedings{ohrimenko2016oblivious,
  title={{Oblivious Multi-Party Machine Learning on Trusted Processors.}},
  author={Ohrimenko, Olga and Schuster, Felix and Fournet, C{\'e}dric and Mehta, Aastha and Nowozin, Sebastian and Vaswani, Kapil and Costa, Manuel},
  booktitle={USENIX Security Symposium},
  year={2016}
}

@inproceedings{mohassel2017secureml,
  title={{Secureml: A system for scalable privacy-preserving machine learning}},
  author={Mohassel, Payman and Zhang, Yupeng},
  booktitle={Security and Privacy (SP), 2017 IEEE Symposium on},
  year={2017},
  organization={IEEE}
}

@inproceedings{hitaj2017deep,
  title={{Deep models under the GAN: information leakage from collaborative deep learning}},
  author={Hitaj, Briland and Ateniese, Giuseppe and P{\'e}rez-Cruz, Fernando},
  booktitle={Proceedings of the 2017 ACM SIGSAC Conference on Computer and Communications Security},
  year={2017},
  organization={ACM}
}

@inproceedings{lee2017inferring,
  title={{Inferring fine-grained control flow inside SGX enclaves with branch shadowing}},
  author={Lee, Sangho and Shih, Ming-Wei and Gera, Prasun and Kim, Taesoo and Kim, Hyesoon and Peinado, Marcus},
  booktitle={26th USENIX Security Symposium, USENIX Security},
  year={2017}
}

@article{carlini2018secret,
  title={{The Secret Sharer: Measuring Unintended Neural Network Memorization \& Extracting Secrets}},
  author={Carlini, Nicholas and Liu, Chang and Kos, Jernej and Erlingsson, {\'U}lfar and Song, Dawn},
  journal={arXiv:1802.08232},
  year={2018}
}

@article{frankblog,
  title={{Statistical Inference Considered Harmful}},
  author={Frank McSherry},
  journal={https://github.com/frankmcsherry/blog/blob/master/posts/2016-06-14.md},
  year={2016}
}

@inproceedings{shokri2011quantifying,
  title={{Quantifying location privacy}},
  author={Shokri, Reza and Theodorakopoulos, George and Le Boudec, Jean-Yves and Hubaux, Jean-Pierre},
  booktitle={Security and privacy (sp), 2011 ieee symposium on},
  year={2011},
  organization={IEEE}
}

@inproceedings{gervais2014quantifying,
  title={{Quantifying web-search privacy}},
  author={Gervais, Arthur and Shokri, Reza and Singla, Adish and Capkun, Srdjan and Lenders, Vincent},
  booktitle={Proceedings of the 2014 ACM SIGSAC Conference on Computer and Communications Security},
  year={2014},
  organization={ACM}
}

@inproceedings{dwork2006calibrating,
  title={{Calibrating noise to sensitivity in private data analysis}},
  author={Dwork, Cynthia and McSherry, Frank and Nissim, Kobbi and Smith, Adam},
  booktitle={Theory of Cryptography Conference},
  year={2006},
  organization={Springer}
}

@inproceedings{dinur2003revealing,
  title={{Revealing information while preserving privacy}},
  author={Dinur, Irit and Nissim, Kobbi},
  booktitle={Proceedings of the twenty-second ACM SIGMOD-SIGACT-SIGART symposium on Principles of database systems},
  year={2003},
  organization={ACM}
}

@inproceedings{dwork2015robust,
  title={{Robust traceability from trace amounts}},
  author={Dwork, Cynthia and Smith, Adam and Steinke, Thomas and Ullman, Jonathan and Vadhan, Salil},
  booktitle={Foundations of Computer Science (FOCS), 2015 IEEE 56th Annual Symposium on},
  year={2015},
  organization={IEEE}
}

@inproceedings{dwork2008new,
  title={{New efficient attacks on statistical disclosure control mechanisms}},
  author={Dwork, Cynthia and Yekhanin, Sergey},
  booktitle={Annual International Cryptology Conference},
  year={2008},
  organization={Springer}
}

@article{sankararaman2009genomic,
  title={{Genomic privacy and limits of individual detection in a pool}},
  author={Sankararaman, Sriram and Obozinski, Guillaume and Jordan, Michael I and Halperin, Eran},
  journal={Nature genetics},
  year={2009},
  publisher={Nature Publishing Group}
}

@article{homer2008resolving,
  title={{Resolving individuals contributing trace amounts of DNA to highly complex mixtures using high-density SNP genotyping microarrays}},
  author={Homer, Nils and Szelinger, Szabolcs and Redman, Margot and Duggan, David and Tembe, Waibhav and Muehling, Jill and Pearson, John V and Stephan, Dietrich A and Nelson, Stanley F and Craig, David W},
  journal={PLoS genetics},
  year={2008},
  publisher={Public Library of Science}
}

@article{papernot2017semi,
  title={{Semi-supervised knowledge transfer for deep learning from private training data}},
  author={Papernot, Nicolas and Abadi, Mart{\'\i}n and Erlingsson, Ulfar and Goodfellow, Ian and Talwar, Kunal},
  journal={International Conference on Learning and Representation},
  year={2017},
}

@inproceedings{bonawitz2017practical,
  title={{Practical Secure Aggregation for Privacy-Preserving Machine Learning}},
  author={Bonawitz, Keith and Ivanov, Vladimir and Kreuter, Ben and Marcedone, Antonio and McMahan, H Brendan and Patel, Sarvar and Ramage, Daniel and Segal, Aaron and Seth, Karn},
  booktitle={Proceedings of the 2017 ACM SIGSAC Conference on Computer and Communications Security},
  year={2017},
  organization={ACM}
}

@inproceedings{fisch2017iron,
  title={{Iron: functional encryption using Intel SGX}},
  author={Fisch, Ben and Vinayagamurthy, Dhinakaran and Boneh, Dan and Gorbunov, Sergey},
  booktitle={Proceedings of the 2017 ACM SIGSAC Conference on Computer and Communications Security},
  year={2017},
  organization={ACM}
}

@article{chaudhuri2011differentially,
  title={{Differentially private empirical risk minimization}},
  author={Chaudhuri, Kamalika and Monteleoni, Claire and Sarwate, Anand D},
  journal={Journal of Machine Learning Research},
  year={2011}
}

@inproceedings{gilad2016cryptonets,
  title={{Cryptonets: Applying neural networks to encrypted data with high throughput and accuracy}},
  author={Gilad-Bachrach, Ran and Dowlin, Nathan and Laine, Kim and Lauter, Kristin and Naehrig, Michael and Wernsing, John},
  booktitle={International Conference on Machine Learning},
  year={2016}
}

@inproceedings{backes2016membership,
  title={{Membership privacy in MicroRNA-based studies}},
  author={Backes, Michael and Berrang, Pascal and Humbert, Mathias and Manoharan, Praveen},
  booktitle={Proceedings of the 2016 ACM SIGSAC Conference on Computer and Communications Security},
  year={2016},
  organization={ACM}
}

@inproceedings{bassily2014private,
  title={{Private empirical risk minimization: Efficient algorithms and tight error bounds}},
  author={Bassily, Raef and Smith, Adam and Thakurta, Abhradeep},
  booktitle={Foundations of Computer Science (FOCS), 2014 IEEE 55th Annual Symposium on},
  year={2014},
  organization={IEEE}
}

@article{bindschaedler2017plausible,
  title={{Plausible deniability for privacy-preserving data synthesis}},
  author={Bindschaedler, Vincent and Shokri, Reza and Gunter, Carl A},
  journal={Proceedings of the VLDB Endowment},
  year={2017},
  publisher={VLDB Endowment}
}

@article{koh2017understanding,
  title={{Understanding black-box predictions via influence functions}},
  author={Koh, Pang Wei and Liang, Percy},
  journal={arXiv:1703.04730},
  year={2017}
}

@inproceedings{datta2016algorithmic,
  title={{Algorithmic transparency via quantitative input influence: Theory and experiments with learning systems}},
  author={Datta, Anupam and Sen, Shayak and Zick, Yair},
  booktitle={Security and Privacy (SP), 2016 IEEE Symposium on},
  year={2016},
  organization={IEEE}
}

@inproceedings{tishby2015deep,
  title={{Deep learning and the information bottleneck principle}},
  author={Tishby, Naftali and Zaslavsky, Noga},
  booktitle={Information Theory Workshop (ITW), 2015 IEEE},
  year={2015},
  organization={IEEE}
}

@article{achille2017emergence,
  title={{On the emergence of invariance and disentangling in deep representations}},
  author={Achille, Alessandro and Soatto, Stefano},
  journal={arXiv:1706.01350},
  year={2017}
}

@article{gorbunov2022variance,
  title={Variance Reduction is an Antidote to Byzantines: Better Rates, Weaker Assumptions and Communication Compression as a Cherry on the Top},
  author={Gorbunov, Eduard and Horv{\'a}th, Samuel and Richt{\'a}rik, Peter and Gidel, Gauthier},
  journal={arXiv preprint arXiv:2206.00529},
  year={2022}
}

@inproceedings{alvim2011differential,
  title={{Differential privacy: on the trade-off between utility and information leakage}},
  author={Alvim, M{\'a}rio S and Andr{\'e}s, Miguel E and Chatzikokolakis, Konstantinos and Degano, Pierpaolo and Palamidessi, Catuscia},
  booktitle={International Workshop on Formal Aspects in Security and Trust},
  year={2011},
  organization={Springer}
}

@article{wei2018know,
  title={{I Know What You See: Power Side-Channel Attack on Convolutional Neural Network Accelerators}},
  author={Wei, Lingxiao and Liu, Yannan and Luo, Bo and Li, Yu and Xu, Qiang},
  journal={arXiv:1803.05847},
  year={2018}
}

@article{wang2018stealing,
  title={{Stealing Hyperparameters in Machine Learning}},
  author={Wang, Binghui and Gong, Neil Zhenqiang},
  journal={arXiv:1802.05351},
  year={2018}
}

@inproceedings{wang2009learning,
  title={{Learning your identity and disease from research papers: information leaks in genome wide association study}},
  author={Wang, Rui and Li, Yong Fuga and Wang, XiaoFeng and Tang, Haixu and Zhou, Xiaoyong},
  booktitle={Proceedings of the 16th ACM conference on Computer and communications security},
  year={2009},
  organization={ACM}
}

@article{dwork2017exposed,
  title={{Exposed! a survey of attacks on private data}},
  author={Dwork, Cynthia and Smith, Adam and Steinke, Thomas and Ullman, Jonathan},
  year={2017},
  publisher={Annual Reviews}
}


@inproceedings{li2013membership,
  title={{Membership privacy: a unifying framework for privacy definitions}},
  author={Li, Ninghui and Qardaji, Wahbeh and Su, Dong and Wu, Yi and Yang, Weining},
  booktitle={Proceedings of the 2013 ACM SIGSAC conference on Computer \& communications security},
  year={2013},
  organization={ACM}
}

@article{miyato2015distributional,
  title={{Distributional smoothing with virtual adversarial training}},
  author={Miyato, Takeru and Maeda, Shin-ichi and Koyama, Masanori and Nakae, Ken and Ishii, Shin},
  journal={arXiv:1507.00677},
  year={2015}
}

@article{miyato2017virtual,
  title={{Virtual adversarial training: a regularization method for supervised and semi-supervised learning}},
  author={Miyato, Takeru and Maeda, Shin-ichi and Koyama, Masanori and Ishii, Shin},
  journal={arXiv:1704.03976},
  year={2017}
}

@article{kozinski2017adversarial,
  title={{An Adversarial Regularisation for Semi-Supervised Training of Structured Output Neural Networks}},
  author={Kozi{\'n}ski, Mateusz and Simon, Lo{\"\i}c and Jurie, Fr{\'e}d{\'e}ric},
  journal={arXiv:1702.02382},
  year={2017}
}

@inproceedings{dai2017good,
  title={{Good semi-supervised learning that requires a bad gan}},
  author={Dai, Zihang and Yang, Zhilin and Yang, Fan and Cohen, William W and Salakhutdinov, Ruslan R},
  booktitle={Advances in Neural Information Processing Systems},
  year={2017}
}

@article{odena2016semi,
  title={{Semi-supervised learning with generative adversarial networks}},
  author={Odena, Augustus},
  journal={arXiv:1606.01583},
  year={2016}
}

@article{dumoulin2016adversarially,
  title={{Adversarially learned inference}},
  author={Dumoulin, Vincent and Belghazi, Ishmael and Poole, Ben and Mastropietro, Olivier and Lamb, Alex and Arjovsky, Martin and Courville, Aaron},
  journal={arXiv:1606.00704},
  year={2016}
}

@inproceedings{goodfellow2014generative,
  title={{Generative adversarial nets}},
  author={Goodfellow, Ian and Pouget-Abadie, Jean and Mirza, Mehdi and Xu, Bing and Warde-Farley, David and Ozair, Sherjil and Courville, Aaron and Bengio, Yoshua},
  booktitle={Advances in neural information processing systems},
  year={2014}
}

@inproceedings{alvim2017information,
  title={{Information leakage games}},
  author={Alvim, M{\'a}rio S and Chatzikokolakis, Konstantinos and Kawamoto, Yusuke and Palamidessi, Catuscia},
  booktitle={International Conference on Decision and Game Theory for Security},
  year={2017},
  organization={Springer}
}

@inproceedings{shokri2012protecting,
  title={{Protecting location privacy: optimal strategy against localization attacks}},
  author={Shokri, Reza and Theodorakopoulos, George and Troncoso, Carmela and Hubaux, Jean-Pierre and Le Boudec, Jean-Yves},
  booktitle={Proceedings of the 2012 ACM conference on Computer and communications security},
  year={2012},
  organization={ACM}
}

@article{manshaei2013game,
  title={{Game theory meets network security and privacy}},
  author={Manshaei, Mohammad Hossein and Zhu, Quanyan and Alpcan, Tansu and Bac{\c{s}}ar, Tamer and Hubaux, Jean-Pierre},
  journal={ACM Computing Surveys (CSUR)},
  year={2013},
}

@article{dwork2015reusable,
  title={{The reusable holdout: Preserving validity in adaptive data analysis}},
  author={Dwork, Cynthia and Feldman, Vitaly and Hardt, Moritz and Pitassi, Toniann and Reingold, Omer and Roth, Aaron},
  journal={Science},
  year={2015},
  publisher={American Association for the Advancement of Science}
}

@inproceedings{hsu2013differential,
  title={{Differential privacy for the analyst via private equilibrium computation}},
  author={Hsu, Justin and Roth, Aaron and Ullman, Jonathan},
  booktitle={Proceedings of the forty-fifth annual ACM symposium on Theory of computing},
  year={2013},
  organization={ACM}
}

@book{avriel2003nonlinear,
  title={{Nonlinear programming: analysis and methods}},
  author={Avriel, Mordecai},
  year={2003},
  publisher={Courier Corporation}
}

@inproceedings{zhang2004solving,
  title={{Solving large scale linear prediction problems using stochastic gradient descent algorithms}},
  author={Zhang, Tong},
  booktitle={Proceedings of the twenty-first international conference on Machine learning},
  year={2004},
  organization={ACM}
}


@article{hunt2018chiron,
  title={{Chiron: Privacy-preserving Machine Learning as a Service}},
  author={Hunt, Tyler and Song, Congzheng and Shokri, Reza and Shmatikov, Vitaly and Witchel, Emmett},
  journal={arXiv:1803.05961},
  year={2018}
}

@inproceedings{lindell2000privacy,
  title={{Privacy preserving data mining}},
  author={Lindell, Yehuda and Pinkas, Benny},
  booktitle={Annual International Cryptology Conference},
  year={2000},
  organization={Springer}
}

@article{dwork2014algorithmic,
  title={{The algorithmic foundations of differential privacy}},
  author={Dwork, Cynthia and Roth, Aaron and others},
  journal={Foundations and Trends{\textregistered} in Theoretical Computer Science},
  year={2014},
  publisher={Now Publishers, Inc.}
}

@article{shokri2015privacygames,
  title={{Privacy games: Optimal user-centric data obfuscation}},
  author={Shokri, Reza},
  journal={Proceedings on Privacy Enhancing Technologies},
  year={2015},
  publisher={De Gruyter Open}
}

@article{arjovsky2017wasserstein,
  title={{Wasserstein gan}},
  author={Arjovsky, Martin and Chintala, Soumith and Bottou, L{\'e}on},
  journal={arXiv:1701.07875},
  year={2017}
}

@article{daskalakis2017training,
  title={{Training GANs with Optimism}},
  author={Daskalakis, Constantinos and Ilyas, Andrew and Syrgkanis, Vasilis and Zeng, Haoyang},
  journal={arXiv:1711.00141},
  year={2017}
}


@inproceedings{huang2017densely,
  title={{Densely connected convolutional networks}},
  author={Huang, Gao and Liu, Zhuang and Weinberger, Kilian Q and van der Maaten, Laurens},
  booktitle={Proceedings of the IEEE conference on computer vision and pattern recognition},
  year={2017}
}

@article{kingma2014adam,
  title={{Adam: A method for stochastic optimization}},
  author={Kingma, Diederik P and Ba, Jimmy},
  journal={arXiv:1412.6980},
  year={2014}
}

@TECHREPORT{Krizhevsky2009learning,
    author = {Alex Krizhevsky},
    title = {Learning multiple layers of features from tiny images},
    institution = {University of Toronto},
    year = {2009}
}

@article{hardt2015train,
  title={{Train faster, generalize better: Stability of stochastic gradient descent}},
  author={Hardt, Moritz and Recht, Benjamin and Singer, Yoram},
  journal={arXiv:1509.01240},
  year={2015}
}

@article{pyrgelis2017knock,
  title={{Knock Knock, Who's There? Membership Inference on Aggregate Location Data}},
  author={Pyrgelis, Apostolos and Troncoso, Carmela and De Cristofaro, Emiliano},
  journal={arXiv:1708.06145},
  year={2017}
}

@article{monnot2017limits,
  title={{Limits and limitations of no-regret learning in games}},
  author={Monnot, Barnab{\'e} and Piliouras, Georgios},
  journal={The Knowledge Engineering Review},
  volume={32},
  year={2017},
  publisher={Cambridge University Press}
}

@article{jia2018attriguard,
  title={{AttriGuard: A Practical Defense Against Attribute Inference Attacks via Adversarial Machine Learning}},
  author={Jia, Jinyuan and Gong, Neil Zhenqiang},
  journal={arXiv:1805.04810},
  year={2018}
}

@inproceedings{juvekar18gazelle,
  title={{{GAZELLE}: A Low Latency Framework for Secure Neural Network Inference}},
  author={Juvekar, Chiraag and Vaikuntanathan, Vinod and Chandrakasan, Anantha},
  booktitle={27th {USENIX} Security Symposium},
  year={2018}
}


@article{rubinstein2009stealthy,
  title={{Stealthy poisoning attacks on PCA-based anomaly detectors}},
  author={Rubinstein, Benjamin IP and Nelson, Blaine and Huang, Ling and Joseph, Anthony D and Lau, Shing-hon and Rao, Satish and Taft, Nina and Tygar, JD},
  journal={ACM SIGMETRICS Performance Evaluation Review},
  volume={37},
  number={2},
  pages={73--74},
  year={2009},
  publisher={ACM}
}


@article{chen2017distributed,
  title={{Distributed statistical machine learning in adversarial settings: Byzantine gradient descent}},
  author={Chen, Yudong and Su, Lili and Xu, Jiaming},
  journal={Proceedings of the ACM on Measurement and Analysis of Computing Systems},
  volume={1},
  number={2},
  pages={44},
  year={2017},
  publisher={ACM}
}


@inproceedings{zhu2019deep,
  title={{Deep leakage from gradients}},
  author={Zhu, Ligeng and Liu, Zhijian and Han, Song},
  booktitle={Advances in Neural Information Processing Systems},
  pages={14747--14756},
  year={2019}
}

@article{pillutla2019robust,
  title={{Robust aggregation for federated learning}},
  author={Pillutla, Krishna and Kakade, Sham M and Harchaoui, Zaid},
  journal={arXiv:1912.13445},
  year={2019}
}

@inproceedings{liu2017robust,
  title={{Robust linear regression against training data poisoning}},
  author={Liu, Chang and Li, Bo and Vorobeychik, Yevgeniy and Oprea, Alina},
  booktitle={Proceedings of the 10th ACM Workshop on Artificial Intelligence and Security},
  pages={91--102},
  year={2017}
}

@inproceedings{feng2014robust,
  title={{Robust logistic regression and classification}},
  author={Feng, Jiashi and Xu, Huan and Mannor, Shie and Yan, Shuicheng},
  booktitle={Advances in neural information processing systems},
  pages={253--261},
  year={2014}
}

@inproceedings{cretu2008casting,
  title={{Casting out demons: Sanitizing training data for anomaly sensors}},
  author={Cretu, Gabriela F and Stavrou, Angelos and Locasto, Michael E and Stolfo, Salvatore J and Keromytis, Angelos D},
  booktitle={2008 IEEE Symposium on Security and Privacy (sp 2008)},
  pages={81--95},
  year={2008},
  organization={IEEE}
}


@article{nelson2008exploiting,
  title={{Exploiting Machine Learning to Subvert Your Spam Filter.}},
  author={Nelson, Blaine and Barreno, Marco and Chi, Fuching Jack and Joseph, Anthony D and Rubinstein, Benjamin IP and Saini, Udam and Sutton, Charles A and Tygar, J Doug and Xia, Kai},
  journal={LEET},
  year={2008}
}

@inproceedings{natarajan2013learning,
  title={{Learning with noisy labels}},
  author={Natarajan, Nagarajan and Dhillon, Inderjit S and Ravikumar, Pradeep K and Tewari, Ambuj},
  booktitle={Advances in neural information processing systems},
  pages={1196--1204},
  year={2013}
}

@article{rodriguez2023survey,
  title={Survey on federated learning threats: Concepts, taxonomy on attacks and defences, experimental study and challenges},
  author={Rodr{\'\i}guez-Barroso, Nuria and Jim{\'e}nez-L{\'o}pez, Daniel and Luz{\'o}n, M Victoria and Herrera, Francisco and Mart{\'\i}nez-C{\'a}mara, Eugenio},
  journal={Information Fusion},
  volume={90},
  pages={148--173},
  year={2023},
  publisher={Elsevier}
}

@article{jebreel2022defending,
  title={Defending against the label-flipping attack in federated learning},
  author={Jebreel, Najeeb Moharram and Domingo-Ferrer, Josep and S{\'a}nchez, David and Blanco-Justicia, Alberto},
  journal={arXiv preprint arXiv:2207.01982},
  year={2022}
}

@article{nguyen2020poisoning,
  title={{Poisoning Attacks on Federated Learning-based IoT Intrusion Detection System}},
  author={Nguyen, Thien Duc and Rieger, Phillip and Miettinen, Markus and Sadeghi, Ahmad-Reza},
  booktitle={Workshop on Decentralized IoT Systems and Security (DISS) 2020},
  year={2020},
  organization={NDSS}
}

@article{mozaffari2021frl,
  title={Frl: Federated rank learning},
  author={Mozaffari, Hamid and Shejwalkar, Virat and Houmansadr, Amir},
  journal={arXiv preprint arXiv:2110.04350},
  year={2021}
}

@inproceedings{laskov2014practical,
  title={{Practical evasion of a learning-based classifier: A case study}},
  author={Laskov, Pavel and others},
  booktitle={2014 IEEE symposium on security and privacy},
  pages={197--211},
  year={2014},
  organization={IEEE}
}

@inproceedings{sharif2016accessorize,
  title={{Accessorize to a crime: Real and stealthy attacks on state-of-the-art face recognition}},
  author={Sharif, Mahmood and Bhagavatula, Sruti and Bauer, Lujo and Reiter, Michael K},
  booktitle={Proceedings of the 2016 acm sigsac conference on computer and communications security},
  year={2016}
}

@inproceedings{li2016data,
  title={{Data poisoning attacks on factorization-based collaborative filtering}},
  author={Li, Bo and Wang, Yining and Singh, Aarti and Vorobeychik, Yevgeniy},
  booktitle={Advances in neural information processing systems},
  pages={1885--1893},
  year={2016}
}

@inproceedings{carlini2019secret,
  title={{The secret sharer: Evaluating and testing unintended memorization in neural networks}},
  author={Carlini, Nicholas and Liu, Chang and Erlingsson, {\'U}lfar and Kos, Jernej and Song, Dawn},
  booktitle={28th $\{$USENIX$\}$ Security Symposium ($\{$USENIX$\}$ Security 19)},
  pages={267--284},
  year={2019}
}

@inproceedings{carlini2017towards,
  title={{Towards evaluating the robustness of neural networks}},
  author={Carlini, Nicholas and Wagner, David},
  booktitle={2017 IEEE symposium on security and privacy (sp)},
  pages={39--57},
  year={2017},
  organization={IEEE}
}

@article{kairouz2019advances,
  title={{Advances and open problems in federated learning}},
  author={Kairouz, Peter and McMahan, H Brendan and Avent, Brendan and others},
  journal={arXiv:1912.04977},
  year={2019}
}

@article{chang2019cronus,
  title={{Cronus: Robust and Heterogeneous Collaborative Learning with Black-Box Knowledge Transfer}},
  author={Chang, Hongyan and Shejwalkar, Virat and Shokri, Reza and Houmansadr, Amir},
  journal={arXiv:1912.11279},
  year={2019}
}

@article{liu2017trojaning,
  title={{Trojaning attack on neural networks}},
  author={Liu, Yingqi and Ma, Shiqing and Aafer, Yousra and Lee, Wen-Chuan and Zhai, Juan and Wang, Weihang and Zhang, Xiangyu},
  year={2017}
}

@inproceedings{shafahi2018poison,
  title={{Poison frogs! targeted clean-label poisoning attacks on neural networks}},
  author={Shafahi, Ali and Huang, W Ronny and Najibi, Mahyar and Suciu, Octavian and Studer, Christoph and Dumitras, Tudor and Goldstein, Tom},
  booktitle={NeurIPS},
  year={2018}
}

@inproceedings{steinhardt2017certified,
  title={{Certified defenses for data poisoning attacks}},
  author={Steinhardt, Jacob and Koh, Pang Wei W and Liang, Percy S},
  booktitle={NeurIPS},
  year={2017}
}

@article{yang2017generative,
  title={{Generative poisoning attack method against neural networks}},
  author={Yang, Chaofei and Wu, Qing and Li, Hai and Chen, Yiran},
  journal={arXiv:1703.01340},
  year={2017}
}

@article{shen2018learning,
  title={{Learning with bad training data via iterative trimmed loss minimization}},
  author={Shen, Yanyao and Sanghavi, Sujay},
  journal={arXiv:1810.11874},
  year={2018}
}

@inproceedings{mahloujifar2019data,
  title={{Data Poisoning Attacks in Multi-Party Learning}},
  author={Mahloujifar, Saeed and Mahmoody, Mohammad and Mohammed, Ameer},
  booktitle={International Conference on Machine Learning},
  pages={4274--4283},
  year={2019}
}

@inproceedings{alfeld2016data,
  title={{Data poisoning attacks against autoregressive models}},
  author={Alfeld, Scott and Zhu, Xiaojin and Barford, Paul},
  booktitle={Thirtieth AAAI Conference on Artificial Intelligence},
  year={2016}
}



@article{gu2017badnets,
  title={{Badnets: Identifying vulnerabilities in the machine learning model supply chain}},
  author={Gu, Tianyu and Dolan-Gavitt, Brendan and Garg, Siddharth},
  journal={arXiv:1708.06733},
  year={2017}
}


@inproceedings{liu2017neural,
  title={{Neural trojans}},
  author={Liu, Yuntao and Xie, Yang and Srivastava, Ankur},
  booktitle={2017 IEEE International Conference on Computer Design (ICCD)},
  pages={45--48},
  year={2017},
  organization={IEEE}
}

@inproceedings{suciu2018does,
  title={{When does machine learning $\{$FAIL$\}$? generalized transferability for evasion and poisoning attacks}},
  author={Suciu, Octavian and Marginean, Radu and Kaya, Yigitcan and Daume III, Hal and Dumitras, Tudor},
  booktitle={27th $\{$USENIX$\}$ Security Symposium ($\{$USENIX$\}$ Security 18)},
  pages={1299--1316},
  year={2018}
}

@misc{pytorch,
  title = {{PyTorch Documentation}},
  howpublished = "\url{https://pytorch.org/}",
  year = {2019},
  key = {pytorch}
}



@misc{webankcredit,
  title = {{Utilization of FATE in Risk Management of Credit in Small and Micro Enterprises}},
  howpublished = "\url{https://www.fedai.org/cases/utilization-of-fate-in-risk-management-of-credit-in-small-and-micro-enterprises/}",
  year = {2019},
  key = {webankcredit}
}

@misc{purchase,
  title = {{Acquire Valued Shoppers Challenge at Kaggle}},
  howpublished = "\url{https://www.kaggle.com/c/acquire-valued-shoppers-challenge/data}",
  year = {2019},
  key = {purchase}
}

@misc{tf_privacy,
  title = {{Tensorflow Privacy}},
  howpublished = "\url{https://github.com/tensorflow/privacy/tree/master/privacy/analysis}",
  year = {2019},
  key = {tf_privacy}
}

@article{netzer2011reading,
  title={{Reading digits in natural images with unsupervised feature learning}},
  author={Netzer, Yuval and Wang, Tao and Coates, Adam and Bissacco, Alessandro and Wu, Bo and Ng, Andrew Y},
  year={2011}
}

@article{barreno2010security,
  title={{The security of machine learning}},
  author={Barreno, Marco and Nelson, Blaine and Joseph, Anthony D and Tygar, J Doug},
  journal={Machine Learning},
  volume={81},
  number={2},
  pages={121--148},
  year={2010},
  publisher={Springer}
}

@inproceedings {fang2020local,
title = {{Local Model Poisoning Attacks to Byzantine-Robust Federated Learning}},
author={Fang, Minghong and Cao, Xiaoyu and Jia, Jinyuan and Gong, Neil Zhenqiang},
booktitle = {USENIX},
year = {2020}
}

@inproceedings{alistarh2018convergence,
  title={{The convergence of sparsified gradient methods}},
  author={Alistarh, Dan and Hoefler, Torsten and Johansson, Mikael and Konstantinov, Nikola and Khirirat, Sarit and Renggli, C{\'e}dric},
  booktitle={Advances in Neural Information Processing Systems},
  pages={5973--5983},
  year={2018}
}

@inproceedings{zhao2015stochastic,
  title={{Stochastic optimization with importance sampling for regularized loss minimization}},
  author={Zhao, Peilin and Zhang, Tong},
  booktitle={international conference on machine learning},
  pages={1--9},
  year={2015}
}

@article{ghadimi2013stochastic,
  title={{Stochastic first-and zeroth-order methods for nonconvex stochastic programming}},
  author={Ghadimi, Saeed and Lan, Guanghui},
  journal={SIAM Journal on Optimization},
  volume={23},
  number={4},
  pages={2341--2368},
  year={2013},
  publisher={SIAM}
}

@inproceedings{needell2014stochastic,
  title={{Stochastic gradient descent, weighted sampling, and the randomized kaczmarz algorithm}},
  author={Needell, Deanna and Ward, Rachel and Srebro, Nati},
  booktitle={Advances in neural information processing systems},
  pages={1017--1025},
  year={2014}
}

@article{karimireddy2019error,
  title={{Error feedback fixes signsgd and other gradient compression schemes}},
  author={Karimireddy, Sai Praneeth and Rebjock, Quentin and Stich, Sebastian U and Jaggi, Martin},
  journal={arXiv:1901.09847},
  year={2019}
}

@inproceedings{cohen2016geometric,
  title={{Geometric median in nearly linear time}},
  author={Cohen, Michael B and Lee, Yin Tat and Miller, Gary and Pachocki, Jakub and Sidford, Aaron},
  booktitle={Proceedings of the forty-eighth annual ACM symposium on Theory of Computing},
  pages={9--21},
  year={2016},
  organization={ACM}
}

@article{shejwalkar2019reconciling,
  title={{Reconciling Utility and Membership Privacy via Knowledge Distillation}},
  author={Shejwalkar, Virat and Houmansadr, Amir},
  journal={arXiv:1906.06589},
  year={2019}
}

@article{anil2018large,
  title={{Large scale distributed neural network training through online distillation}},
  author={Anil, Rohan and Pereyra, Gabriel and Passos, Alexandre and Ormandi, Robert and Dahl, George E and Hinton, Geoffrey E},
  journal={arXiv:1804.03235},
  year={2018}
}

@inproceedings{yin2019defending,
  title={{Defending Against Saddle Point Attack in Byzantine-Robust Distributed Learning}},
  author={Yin, Dong and Chen, Yudong and Kannan, Ramchandran and Bartlett, Peter},
  booktitle={International Conference on Machine Learning},
  pages={7074--7084},
  year={2019}
}

@article{su2019securing,
  title={{Securing Distributed Gradient Descent in High Dimensional Statistical Learning}},
  author={Su, Lili and Xu, Jiaming},
  journal={Proceedings of the ACM on Measurement and Analysis of Computing Systems},
  volume={3},
  number={1},
  pages={12},
  year={2019},
  publisher={ACM}
}


@inproceedings{xie2019zeno,
  title={{Zeno: Distributed Stochastic Gradient Descent with Suspicion-based Fault-tolerance}},
  author={Xie, Cong and Koyejo, Sanmi and Gupta, Indranil},
  booktitle={International Conference on Machine Learning},
  pages={6893--6901},
  year={2019}
}

@inproceedings{el2021distributed,
  title={Distributed momentum for byzantine-resilient stochastic gradient descent},
  author={El Mhamdi, El Mahdi and Guerraoui, Rachid and Rouault, S{\'e}bastien Louis Alexandre},
  booktitle={9th International Conference on Learning Representations (ICLR)},
  number={CONF},
  year={2021}
}

@inproceedings{jiang2018sketchml,
  title={{SketchML: accelerating distributed machine learning with data sketches}},
  author={Jiang, Jiawei and Fu, Fangcheng and Yang, Tong and Cui, Bin},
  booktitle={Proceedings of the 2018 International Conference on Management of Data},
  pages={1269--1284},
  year={2018},
  organization={ACM}
}

@article{ivkin2019communication,
  title={{Communication-efficient distributed SGD with Sketching}},
  author={Ivkin, Nikita and Rothchild, Daniel and Ullah, Enayat and Braverman, Vladimir and Stoica, Ion and Arora, Raman},
  journal={arXiv:1903.04488},
  year={2019}
}

@article{lin2017deep,
  title={{Deep gradient compression: Reducing the communication bandwidth for distributed training}},
  author={Lin, Yujun and Han, Song and Mao, Huizi and Wang, Yu and Dally, William J},
  journal={arXiv:1712.01887},
  year={2017}
}

@inproceedings{wangni2018gradient,
  title={{Gradient sparsification for communication-efficient distributed optimization}},
  author={Wangni, Jianqiao and Wang, Jialei and Liu, Ji and Zhang, Tong},
  booktitle={Advances in Neural Information Processing Systems},
  pages={1299--1309},
  year={2018}
}

@inproceedings{seide20141,
  title={{1-bit stochastic gradient descent and its application to data-parallel distributed training of speech dnns}},
  author={Seide, Frank and Fu, Hao and Droppo, Jasha and Li, Gang and Yu, Dong},
  booktitle={Fifteenth Annual Conference of the International Speech Communication Association},
  year={2014}
}


@inproceedings{wang2018atomo,
  title={{Atomo: Communication-efficient learning via atomic sparsification}},
  author={Wang, Hongyi and Sievert, Scott and Liu, Shengchao and Charles, Zachary and Papailiopoulos, Dimitris and Wright, Stephen},
  booktitle={Advances in Neural Information Processing Systems},
  pages={9850--9861},
  year={2018}
}

@inproceedings{wen2017terngrad,
  title={{Terngrad: Ternary gradients to reduce communication in distributed deep learning}},
  author={Wen, Wei and Xu, Cong and Yan, Feng and Wu, Chunpeng and Wang, Yandan and Chen, Yiran and Li, Hai},
  booktitle={Advances in neural information processing systems},
  pages={1509--1519},
  year={2017}
}


@inproceedings{denil2013predicting,
  title={{Predicting parameters in deep learning}},
  author={Denil, Misha and Shakibi, Babak and Dinh, Laurent and De Freitas, Nando and others},
  booktitle={Advances in neural information processing systems},
  pages={2148--2156},
  year={2013}
}


@inproceedings{bhagoji2019analyzing,
  title={{Analyzing federated learning through an adversarial lens}},
  author={Bhagoji, Arjun Nitin and Chakraborty, Supriyo and Mittal, Prateek and Calo, Seraphin},
  booktitle={ICML},
  year={2019},
}

@book{huber2011robust,
  title={{Robust statistics}},
  author={Huber, Peter J},
  year={2011},
  publisher={Springer}
}

@article{allen2018algorithmic,
   author={Allen, Joshua and Ding, Bolin and Kulkarni, Janardhan and Nori, Harsha and Ohrimenko, Olga and Yekhanin, Sergey},
   title={{An algorithmic framework for differentially private data analysis on trusted processors}},
   journal={arXiv:1807.00736},
   year=2018,
}

@inproceedings{mcmahan2018learning,
   author={McMahan H Brendan and Daniel Ramage and Kunal Talwar and Li Zhang},
   title={{Learning differentially private recurrent language models}},
   booktitle={ICLR},
   year=2018,
}


@article{wu2017bolton,
   author={Wu Xi and Fengan Li and Arun Kumar and Kamalika Chaudhuri and Somesh Jha and Jeffrey F. Naughton},
   title={{Bolt-on differential privacy for scalable stochastic gradient descent-based analytics}},
   journal={arXiv:1606.04722},
   year=2017,
}

@article{kaming2016identity,
   author={Kaiming He and Xiangyu Zhang and Shaoqing Ren and Jian Sun},
   title={{Identity Mappings in Deep Residual Networks}},
   journal={European Conference on Computer Vision (ECCV)},
   year=2016,
}

@article{hinton2014distilling,
   author={Hinton Geoffrey and Vinyals Oriol amd Dean Jeff},
   title={{Distilling the Knowledge in a Neural Network}},
   journal={NIPS 2014 Deep Learning Workshop},
   year=2014,
}

@inproceedings{bagdasaryan2018how,
  title={{How to backdoor federated learning}},
  author={Bagdasaryan, Eugene and Veit, Andreas and Hua, Yiqing and Estrin, Deborah and Shmatikov, Vitaly},
  booktitle={AISTATS},
  year={2020},
}

@article{hamm2016learning,
   author={Hamm Jihun and Cao Yingjun and Belkin Mikhail},
   title={{Learning privately from multiparty data}},
   journal={Proceedings of The 33rd International Conference on Machine Learning},
   year=2016,
}

@article{papernot2018scalable,
  author={Papernot, Nicolas and Song, Shuang and Erlingsson, Ulfar and Mironov, Ilya and Raghunathan, Ananth and Talwar Kunal},
  title={{Scalable private learning with PATE}},
  journal={International Conference on Learning and Representation},
  year=2018,
}

@article{pihur2018differentially,
  author={Pihur, Vasyl and Korolova, Aleksandra and Liu, Frederick and Sankuratripati, Subhash and Yung, Moti and Huang, Dachuan and Zeng, Ruogu},
  title={{Differentially-Private "Draw and Discard" Machine Learning}},
  journal={arXiv:1807.04369},
  year=2018,
}

@article{rajkumar2012differentially,
  author={Rajkumar, Arun and Agarwal, Shivani},
  title={{Differentially Private Stochastic Gradient Descent Algorithm for Multiparty Classification}},
  journal={Proceedings of the 15th International Conference on Artificial Intelligence and Statistic},
  year=2012,
}

@article{lu2016aggregating,
  author={Tian, Lu and Jayaraman, Bargav and Gu, Quanquan and Evans, David},
  title={{Aggregating private sparse learning models using multiparty computation}},
  journal={NIPS Workshop on Private Multi-Party ML},
  year=2016,
}

@article{hardy2016on,
  author={Hardy, Stephen and Henecka, Wilko and Nock, Richard},
  title={{On private supervised distributed learning: weakly labeled and without entity resolution}},
  journal={NIPS Workshop on Private Multi-Party ML},
  year=2016,
}

@article{keith2016practical,
  author={Bonawitz, Keith and Ivanov, Vladimir and Kreuter, Ben and Marcedone, Antonio and McMahan, H Brendan and Patel, Sarvar and Ramage, Daniel and Segal, Aaron and Seth, Karn},
  title={{Practical secure aggregation for federated learning on user-held data}},
  journal={NIPS Workshop on Private Multi-Party ML},
  year=2016,
}

@article{takabi2016privacy,
  author={Takabi, Hassan and Hesamifard, Ehsan and Ghasemi, Mehdi},
  title={{Privacy preserving multiparty machine learning with homomorphic encryption}},
  journal={NIPS Workshop on Private Multi-Party ML},
  year=2016,
}

@article{cyphers2017anonml,
  author={Cyphers, Bennett and Veeramachaneni, Kalyan},
  title={{AnonML: Locally private machine learning over a network of peers}},
  journal={2017 IEEE International Conference on Data Science and Advanced Analytics (DSAA)},
  year=2017,
}

@article{nasr2018machine,
  author={Nasr, Milad and Shokri, Reza and Houmansadr, Amir},
  title={{Machine learning with membership privacy using adversarial tuning}},
  journal={Proceedings of the 2018 ACM SIGSAC Conference on Computer and Communications Security},
  year=2018,
}

@article{jagielski2018manipulating,
  author={Jagielski, Matthew and Oprea, Aline and Biggio, Battista and Liu, Chang and Nita-Rotaru, Cristina and Li, Bo},
  title={{Manipulating machine learning: Poisoning attacks and countermeasures against regression learning}},
  journal={39th IEEE Symposium on S\&P},
  year=2018,
}

@article{dean2012large,
  author={Dean, Jeffrey and Corrado, Greg and Monga, Rajat and Chen, Kai and Devin, Matthieu and Mao, Mark and Senior, Andrew and Tucker, Paul and Yang, Ke and Le, Quoc V and Ng, Andrew Y},
  title={{Large scale distributed deep networks}},
  journal={Advances in neural information processing systems},
  year=2012,
}

@article{melis2018inference,
  author={Melis, Luca and Song, Congzheng and Cristofaro, Emiliano De and Shmatikov, Vitaly},
  title={{Inference attacks against collaborative learning}},
  journal={arXiv:1805.04049},
  year=2018,
}

@article{zhang2018privacy,
  author={Zhang, Tianwei and He, Zecheng and Lee, Ruby B},
  title={{Privacy preserving machine learning through data obfuscation}},
  journal={arXiv:1807.01860v2},
  year=2018,
}


@article{hesamifard2018privacy,
  author={Hesamifard, Ehsan and Takabi, Hassan and Ghasemi, Mehdi and Wright, Rebecca N.},
  title={{Privacy-preserving machine learning as a service}},
  journal={Proceedings of Privacy Enhancing Technology},
  year=2018,
}

@article{gao2008knowledge,
  author={Gao, Jing and Fan, Wei and Jiang, Jing and Han, Jiawei},
  title={{Knowledge transfer via multiple model local structure mapping}},
  journal={Proceedings of the 14th ACM SIGKDD international conference on Knowledge discovery and data mining},
  year=2008,
}


@article{biggio2011bagging,
  author={Biggio, Battista and Corona, Igino and Fumera, Giorgio and Giacinto, Giorgio and Roli, Fabio},
  title={{Bagging classifiers for fighting poisoning attacks in adversarial classifcation tasks}},
  journal={International Workshop on Multiple Classifier Systems},
  year=2011,
}


@article{fumera2005theoretical,
  author={Fumera, Giorgio and Roli, Fabiio},
  title={{Theoretical and experimental analysis of linear combiners for multiple classifier systems}},
  journal={IEEE Transactions on Pattern Analysis and Machine Intelligence},
  year=2005,
}


@article{wagner2004resilient,
  author={Wagner, David},
  title={{Resilient aggregation in sensor networks}},
  journal={Proceedings of the 2nd ACM workshop on Security of ad hoc and sensor networks},
  year=2004,
}


@article{arora2012the,
  author={Arora, Sanjeev and Hazan, Elad and Kale, Satyen},
  title={{The multiplicative weights update method: A meta-algorithm and it's applications}},
  journal={Theory of Computing},
  year=2012,
}

@article{biggio2013is,
  author={Biggio, Battista and Pillai, Ignazio and Rota Bulo, Samuel and Ariu, Davide and Pelillo, marcello and Roli, Fabio},
  title={{Is data clustering in adversarial setting secure?}},
  journal={Proceedings of the 2013 ACM workshop on Artificial intelligence and security},
  year=2013,
}

@inproceedings{sattler2020byzantine,
  title={On the byzantine robustness of clustered federated learning},
  author={Sattler, Felix and M{\"u}ller, Klaus-Robert and Wiegand, Thomas and Samek, Wojciech},
  booktitle={ICASSP 2020-2020 IEEE International Conference on Acoustics, Speech and Signal Processing (ICASSP)},
  pages={8861--8865},
  year={2020},
  organization={IEEE}
}

@article{biggio2014poisoning_complete,
  author={Biggio, Battista and Rota Bulo, Samuel and Pillai, Ignazio and Mura, Michele and Mequanint, Eyasu Zemene and Pelillo, marcello and Roli, Fabio},
  title={{Poisoning complete-linkage hierarchical clustering}},
  journal={Int'l Workshop on Structural, Syntactic and Statistical Pattern Recognition},
  year=2014,
}

@article{breiman2001random,
  author={Breiman, Leo},
  title={{Random forests}},
  journal={Machine Learning},
  year=2001,
}


@article{koh2018stronger,
  author={Steinhardt, Jacob and Koh, Pang Wie and Liang, Percy},
  title={{Stronger data poisoning attacks break data sanitization defenses}},
  journal={arXiv:1811.00741},
  year=2018,
}


@article{murphy2012machine,
  author={Murphy, Kevin},
  title={{Machine learning: A probabilistic perspective}},
  journal={The MIT Press},
  year=2012,
}

@article{xu1996on,
  author={Xu, Lei and Jordan, Michael},
  title={{On convergence properties of the EM algorithm for Gaussian mixtures}},
  journal={Neural computation},
  year=1996,
}

@inproceedings{biggio2012poisoning,
  author={Biggio, B. and Nelson, B. and Laskov, P.},
  title={{Poisoning attacks against support vector machines}},
  booktitle={ICML},
  year=2012,
}

@inproceedings{hayes2018contamination,
  title={{Contamination attacks and mitigation in multi-party machine learning}},
  author={Hayes, Jamie and Ohrimenko, Olga},
  booktitle={Advances in Neural Information Processing Systems},
  pages={6604--6615},
  year={2018}
}

@article{zhu2019transferable,
  title={{Transferable clean-label poisoning attacks on deep neural nets}},
  author={Zhu, Chen and Huang, W Ronny and Shafahi, Ali and Li, Hengduo and Taylor, Gavin and Studer, Christoph and Goldstein, Tom},
  journal={arXiv:1905.05897},
  year={2019}
}


@article{xiao2015is,
  author={Xiao, H. and Biggio, B. and Brown, G. and Fumera, G. and Eckert, C. and Roli, F.},
  title={{Is feature selection secure against training data poisoning?}},
  journal={In Proceedings of 32nd International Conference on Machine Learning},
  year=2015,
}


@article{treux2018a,
  author={Treux, Stacey and Baracaldo, Nathalie and Anwar, Ali and Steinke, Thomas and Ludwig, Heiko and Zhang, Rui},
  title={{A hybrid approach to privacy-preserving federated learning}},
  journal={arXiv:1812.03224v1},
  year=2018,
}


@article{damgard2001a,
  author={Damgard, I and Jurik, M},
  title={{A generalisation, a simplification and some applications of paillier’s probabilistic public-key system}},
  journal={In Proceedings of the 4th International Workshop on Practice and Theory in Public Key Cryptography},
  year=2001,
}



@article{hayes2018contamination,
  author={Hayes, Jamie and Ohrimenko, Olya},
  title={{Contamination attacks and mitigations in multi-party machine learning}},
  journal={32nd Conference on Neural Information Processing Systems (NIPS 2018)},
  year=2018,
}

@article{louppe2017learning,
  author={Louppe, G. and Kagan, M. and Cranmer, K.},
  title={{Learning to pivot with adversarial networks}},
  journal={31st Conference on Neural Information Processing Systems (NIPS 2018)},
  year=2017,
}


@article{giacomelli2018privacy,
  author={Giacomelli, Irene and Jha, Somesh and Kleiman, Ross and Page, David and Yoon, Kyonghwan},
  title={{Privacy-preserving collaborative prediction using random forests}},
  journal={arXiv:1811.08695v1},
  year=2018,
}


@article{gade2018privacy,
  author={Gade, Shripad and Vaidya, Nitin},
  title={{Privacy-preserving distributed learning via obfuscated stochastic gradients}},
  journal={IEEE Conference on Decision and Control},
  year=2018,
}

@inproceedings{awan2021contra,
  title={Contra: Defending against poisoning attacks in federated learning},
  author={Awan, Sana and Luo, Bo and Li, Fengjun},
  booktitle={Computer Security--ESORICS 2021: 26th European Symposium on Research in Computer Security, Darmstadt, Germany, October 4--8, 2021, Proceedings, Part I 26},
  pages={455--475},
  year={2021},
  organization={Springer}
}

@article{vepakomma2018no,
  author={Vepakomma, Praneeth and Swedish, Tristan and Raskar, Ramesh and Gupta, Otkrist and Dubey, Abhimanyu},
  title={{No peek: A survey of private distributed deep learning}},
  journal={arXiv:1812.03288v1},
  year=2018,
}

@inproceedings{roy2022eiffel,
  title={EIFFeL: Ensuring Integrity for Federated Learning},
  author={Roy Chowdhury, Amrita and Guo, Chuan and Jha, Somesh and van der Maaten, Laurens},
  booktitle={Proceedings of the 2022 ACM SIGSAC Conference on Computer and Communications Security},
  pages={2535--2549},
  year={2022}
}

@article{jochems2016distributed,
  author={Jochems, Arthur and Deist, Timo M. and Soest, Johan van and Eble, Michael and Bulens, Paul and Coucke, Philippe and   Dries, Wim and Lambin, Philippe and Dekker, Andre},
  title={{Distributed learning: Developing a predictive model based on data from multiple hospitals without data leaving the hospital – A real life proof of concept}},
  journal={Radiotherapy and Oncology},
  year=2016,
}


@article{ganju2018property,
  author={Ganju, Karan and Qi, Wang and Yang, Wei and Gunter, Carl A. and Borisov, Nikita},
  title={{Property inference attacks on fully connected neural networks using permutation invariant representations}},
  journal={Proceedings of the 2018 ACM SIGSAC Conference on Computer and Communications Security},
  year=2018,
}


@article{yeom2018privacy,
  author={Yeom, Samuel and Giacomelli, Irene and Fredrikson, Matt and Jha, Somesh},
  title={{Privacy risk in machine learning: Analyzing connection to overfitting}},
  journal={In 2018 IEEE 31st Computer Security Foundations Symposium (CSF)},
  year=2018,
}


@article{gupta2017distributed,
  author={Gupta, Otkrist and Raskar, Ramesh},
  title={{Distributed learning of deep neural networks over multiple agents}},
  journal={Journal of Network and Computer Applications},
  year=2017,
}


@article{ateniese2013hacking,
  author={Ateniese, Giuseppe and Felici, Giovanni and Mancini, Luigi V. and Spognardi, Angelo and Villani, Antonio and Vitali, Domenico},
  title={{Hacking smart machines with smarter ones: How to extract meaningful data from machine learning classifiers}},
  journal={arXiv:1306.4447},
  year=2013,
}


@article{salem2019ml,
  author={Salem, Ahmed and Zhang, Yang and Humbert, Mathias and Fritz, Mario and Backes, Michael},
  title={{ML-Leaks: Model and Data Independent Membership Inference Attacks and Defenses on Machine Learning Models}},
  journal={In NDSS},
  year=2019,
}


@article{pyrgelis2018knock,
  author={Pyrglis, Apostolos and Troncoso, Carmela and Cristofaro, Emiliano De},
  title={{Knock knock, who's there: Membership inference on aggregate location data}},
  journal={In NDSS},
  year=2018,
}


@article{song2018the,
  author={Song, Congzheng, and Shmatikov, Vitaly},
  title={{The Natural Auditor: How To Tell If Someone Used Your Words To Train Their Model}},
  journal={arXiv:1811.00513},
  year=2018,
}


@article{hayes2019logan,
  author={Hayes, Jamie and Melis, Luca and Danezis, George and Cristofaro, Emiliano De},
  title={{LOGAN: Membership inference attacks against generative models}},
  journal={In Proceedings of Privacy Enhancing Technologies},
  year=2019,
}


@article{long2018understanding,
  author={Long, Yunhui and Bindschaedler, Vincent and Wang, Lei and Bu, Diyue and Wang, Xiaofeng and Tang, Haixu and Gunter, Carl A. and Chen, Kai},
  title={{Understanding Membership Inferences on Well-Generalized Learning Models}},
  journal={arXiv:1802.04889},
  year=2018,
}


@article{geyer2017differential,
  author={Geyer, Robin C. and Klein, Tassilo and Nabi, Moin},
  title={{Differentially private federated learning: A client level perspective}},
  journal={arXiv:1712.07557},
  year=2017,
}


@article{aono2017privacy,
  author={Aono, Yoshinori and Hayashi, Takuya and Wang, Lihua and Moriai, Shiho},
  title={{Privacy-preserving deep learning: Revisited and enhanced}},
  journal={International Conference on Applications and Techniques in Information Security},
  year=2017,
}


@article{oh2018towards,
  author={Oh, Seong Joon and Augustin, Max and Fritz, Mario and Schiele, Bernt},
  title={{Towards reverse-engineering black-box neural networks}},
  journal={International Conference on Learning Representations},
  year=2018,
}

@inproceedings{wang2019subsampled,
  title={Subsampled r{\'e}nyi differential privacy and analytical moments accountant},
  author={Wang, Yu-Xiang and Balle, Borja and Kasiviswanathan, Shiva Prasad},
  booktitle={The 22nd International Conference on Artificial Intelligence and Statistics},
  pages={1226--1235},
  year={2019},
  organization={PMLR}
}

@article{miao2018attack,
  author={Miao, Chenglin and Qi, Li and Lu, Su and Mengdi, Huai and Wenjun, Jiang and Jing, Gao},
  title={{Attack under Disguise: An Intelligent Data Poisoning Attack Mechanism in Crowdsourcing}},
  journal={Proceedings of the 2018 World Wide Web Conference on World Wide Web},
  pp={13-22},
  year=2018,
}


@article{miao2018towards,
  author={Miao, Chenglin and Qi, Li and Xiao, Houping and Wenjun, Jiang and Mengdi, Huai and Lu, Su},
  title={{Towards Data Poisoning Attacks in Crowd Sensing Systems}},
  journal={Proceedings of the Eighteenth ACM International Symposium on Mobile Ad Hoc Networking and Computing},
  pp={111-120},
  year=2018,
}


@article{nasr2019comprehensive,
  author={Nasr, Milad and Shokri, Reza and Houmansadr, Amir},
  title={{Comprehensive Privacy Analysis of Deep Learning: Stand-alone and Federated Learning under Passive and Active White-box Inference Attacks}},
  journal={Security and Privacy (SP), 2019 IEEE Symposium on},
  year=2019,
}


@inproceedings{baruch2019a,
  author={Baruch, Moran and Gilad, Baruch and Yoav Goldberg},
  title={{A Little Is Enough: Circumventing Defenses For Distributed Learning}},
  booktitle={NeurIPS},
  year=2019,
}


@article{diakonikolas2017being,
  author={Diakonikolas, Ilias and Kamath, Gautam and Kane, Daniel M. and Li, Jerry and Moitra, Ankur and Stewart, Alistair},
  title={{Being robust (in high dimensions) can be practical}},
  journal={In Proceedings of the 34th International Conference on Machine Learning-Volume 70},
  pp={999-1008},
  year=2017,
}


@article{xie2018generalized,
  author={Xie, Cong and Koyejo, Oluwasanmi and Gupta, Indranil},
  title={{Generalized byzantine-tolerant sgd}},
  journal={arXiv:1802.10116},
  year=2018,
}


@inproceedings{yin2018byzantine,
  author={Yin, Dong and Chen, Yudong and Ramchandran, Kannan and Bartlett, Peter},
  title={{Byzantine-robust distributed learning: Towards optimal statistical rates}},
  booktitle={ICML},
  year=2018,
}



@article{freud1997decision,
  author={Freund, Yoav and Schapire, Robert E. },
  title={{A decision-theoretic generalization of on-line learning and an application to boosting}},
  journal={Journal of computer and system sciences 55, no. 1},
  pp={119-139},
  year=1997,
}



@article{plotkin1991fast,
  author={Plotkin, Serge A. and Shmoys, David B. and Tardos, Eva},
  title={{Fast approximation algorithms for fractional packing and covering problems}},
  journal={Foundations of Computer Science},
  pp={495-504},
  year=1991,
}




@article{garg2007faster,
  author={Garg, Naveen and Koenemann, Jochen},
  title={{Faster and simpler algorithms for multicommodity flow and other fractional packing problems}},
  journal={SIAM Journal on Computing 37, no. 2 },
  pp={630-652},
  year=2007,
}



@phdthesis{steinhardt2018robust,
  title={{Robust Learning: Information Theory and Algorithms}},
  author={Steinhardt, Jacob},
  year={2018},
  school={Stanford University}
}

@phdthesis{li2018principled,
  title={{Principled approaches to robust machine learning and beyond}},
  author={Li, Jerry Zheng},
  year={2018},
  school={Massachusetts Institute of Technology}
}



@book{bishop2006pattern,
 author = {Bishop, Christopher M.},
 title = {Pattern Recognition and Machine Learning (Information Science and Statistics)},
 year = {2006},
 isbn = {0387310738},
 publisher = {Springer-Verlag},
 address = {Berlin, Heidelberg},
}

@inproceedings{song2017machine,
  title={{Machine Learning Models that Remember Too Much}},
  author={Song, Congzheng and Ristenpart, Thomas and Shmatikov, Vitaly},
  booktitle={Proceedings of the 2017 ACM SIGSAC Conference on Computer and Communications Security},
  year={2017},
}

@inproceedings{shokri2017membership,
  title={{Membership inference attacks against machine learning models}},
  author={Shokri, Reza and Stronati, Marco and Song, Congzheng and Shmatikov, Vitaly},
  booktitle={Security and Privacy (SP), 2017 IEEE Symposium on},
  year={2017},
}

@inproceedings{tramer2016stealing,
  title={{Stealing machine learning models via prediction apis}},
  author={Tram{\`e}r, Florian and Zhang, Fan and Juels, Ari and Reiter, Michael K and Ristenpart, Thomas},
  booktitle={USENIX Security},
  year={2016}
}

@inproceedings{fredrikson2014privacy,
  title={{Privacy in Pharmacogenetics: An End-to-End Case Study of Personalized Warfarin Dosing.}},
  author={Fredrikson, Matthew and Lantz, Eric and Jha, Somesh and Lin, Simon and Page, David and Ristenpart, Thomas},
  booktitle={USENIX Security Symposium},
  year={2014}
}

@inproceedings{fredrikson2015model,
  title={{Model inversion attacks that exploit confidence information and basic countermeasures}},
  author={Fredrikson, Matt and Jha, Somesh and Ristenpart, Thomas},
  booktitle={Proceedings of the 22nd ACM SIGSAC Conference on Computer and Communications Security},
  year={2015},
  organization={ACM}
}

@inproceedings{abadi2016deep,
  title={{Deep learning with differential privacy}},
  author={Abadi, Mart{\'\i}n and Chu, Andy and Goodfellow, Ian and McMahan, H Brendan and Mironov, Ilya and Talwar, Kunal and Zhang, Li},
  booktitle={Proceedings of the 2016 ACM SIGSAC Conference on Computer and Communications Security},
  year={2016},
  organization={ACM}
}

@inproceedings{shokri2015privacy,
  title={{Privacy-preserving deep learning}},
  author={Shokri, Reza and Shmatikov, Vitaly},
  booktitle={Proceedings of the 22nd ACM SIGSAC conference on computer and communications security},
  year={2015},
  organization={ACM}
}

@inproceedings{ohrimenko2016oblivious,
  title={{Oblivious Multi-Party Machine Learning on Trusted Processors.}},
  author={Ohrimenko, Olga and Schuster, Felix and Fournet, C{\'e}dric and Mehta, Aastha and Nowozin, Sebastian and Vaswani, Kapil and Costa, Manuel},
  booktitle={USENIX Security Symposium},
  year={2016}
}

@inproceedings{mohassel2017secureml,
  title={{Secureml: A system for scalable privacy-preserving machine learning}},
  author={Mohassel, Payman and Zhang, Yupeng},
  booktitle={Security and Privacy (SP), 2017 IEEE Symposium on},
  year={2017},
  organization={IEEE}
}

@inproceedings{lee2017inferring,
  title={{Inferring fine-grained control flow inside SGX enclaves with branch shadowing}},
  author={Lee, Sangho and Shih, Ming-Wei and Gera, Prasun and Kim, Taesoo and Kim, Hyesoon and Peinado, Marcus},
  booktitle={26th USENIX Security Symposium, USENIX Security},
  year={2017}
}

@article{frankblog,
  title={{Statistical Inference Considered Harmful}},
  author={Frank McSherry},
  journal={https://github.com/frankmcsherry/blog/blob/master/posts/2016-06-14.md},
  year={2016}
}

@inproceedings{shokri2011quantifying,
  title={{Quantifying location privacy}},
  author={Shokri, Reza and Theodorakopoulos, George and Le Boudec, Jean-Yves and Hubaux, Jean-Pierre},
  booktitle={Security and privacy (sp), 2011 ieee symposium on},
  year={2011},
  organization={IEEE}
}

@inproceedings{gervais2014quantifying,
  title={{Quantifying web-search privacy}},
  author={Gervais, Arthur and Shokri, Reza and Singla, Adish and Capkun, Srdjan and Lenders, Vincent},
  booktitle={Proceedings of the 2014 ACM SIGSAC Conference on Computer and Communications Security},
  year={2014},
  organization={ACM}
}

@inproceedings{dwork2006calibrating,
  title={{Calibrating noise to sensitivity in private data analysis}},
  author={Dwork, Cynthia and McSherry, Frank and Nissim, Kobbi and Smith, Adam},
  booktitle={Theory of Cryptography Conference},
  year={2006},
  organization={Springer}
}

@inproceedings{dinur2003revealing,
  title={{Revealing information while preserving privacy}},
  author={Dinur, Irit and Nissim, Kobbi},
  booktitle={Proceedings of the twenty-second ACM SIGMOD-SIGACT-SIGART symposium on Principles of database systems},
  year={2003},
  organization={ACM}
}

@inproceedings{dwork2015robust,
  title={{Robust traceability from trace amounts}},
  author={Dwork, Cynthia and Smith, Adam and Steinke, Thomas and Ullman, Jonathan and Vadhan, Salil},
  booktitle={Foundations of Computer Science (FOCS), 2015 IEEE 56th Annual Symposium on},
  year={2015},
  organization={IEEE}
}

@inproceedings{dwork2008new,
  title={{New efficient attacks on statistical disclosure control mechanisms}},
  author={Dwork, Cynthia and Yekhanin, Sergey},
  booktitle={Annual International Cryptology Conference},
  year={2008},
  organization={Springer}
}

@article{sankararaman2009genomic,
  title={{Genomic privacy and limits of individual detection in a pool}},
  author={Sankararaman, Sriram and Obozinski, Guillaume and Jordan, Michael I and Halperin, Eran},
  journal={Nature genetics},
  year={2009},
  publisher={Nature Publishing Group}
}

@article{homer2008resolving,
  title={{Resolving individuals contributing trace amounts of DNA to highly complex mixtures using high-density SNP genotyping microarrays}},
  author={Homer, Nils and Szelinger, Szabolcs and Redman, Margot and Duggan, David and Tembe, Waibhav and Muehling, Jill and Pearson, John V and Stephan, Dietrich A and Nelson, Stanley F and Craig, David W},
  journal={PLoS genetics},
  year={2008},
  publisher={Public Library of Science}
}

@article{papernot2017semi,
  title={{Semi-supervised knowledge transfer for deep learning from private training data}},
  author={Papernot, Nicolas and Abadi, Mart{\'\i}n and Erlingsson, Ulfar and Goodfellow, Ian and Talwar, Kunal},
  journal={International Conference on Learning and Representation},
  year={2017},
}

@inproceedings{bonawitz2017practical,
  title={{Practical Secure Aggregation for Privacy-Preserving Machine Learning}},
  author={Bonawitz, Keith and Ivanov, Vladimir and Kreuter, Ben and Marcedone, Antonio and McMahan, H Brendan and Patel, Sarvar and Ramage, Daniel and Segal, Aaron and Seth, Karn},
  booktitle={Proceedings of the 2017 ACM SIGSAC Conference on Computer and Communications Security},
  year={2017},
  organization={ACM}
}

@inproceedings{fisch2017iron,
  title={{Iron: functional encryption using Intel SGX}},
  author={Fisch, Ben and Vinayagamurthy, Dhinakaran and Boneh, Dan and Gorbunov, Sergey},
  booktitle={Proceedings of the 2017 ACM SIGSAC Conference on Computer and Communications Security},
  year={2017},
  organization={ACM}
}

@article{chaudhuri2011differentially,
  title={{Differentially private empirical risk minimization}},
  author={Chaudhuri, Kamalika and Monteleoni, Claire and Sarwate, Anand D},
  journal={Journal of Machine Learning Research},
  year={2011}
}

@inproceedings{gilad2016cryptonets,
  title={{Cryptonets: Applying neural networks to encrypted data with high throughput and accuracy}},
  author={Gilad-Bachrach, Ran and Dowlin, Nathan and Laine, Kim and Lauter, Kristin and Naehrig, Michael and Wernsing, John},
  booktitle={International Conference on Machine Learning},
  year={2016}
}

@inproceedings{backes2016membership,
  title={{Membership privacy in MicroRNA-based studies}},
  author={Backes, Michael and Berrang, Pascal and Humbert, Mathias and Manoharan, Praveen},
  booktitle={Proceedings of the 2016 ACM SIGSAC Conference on Computer and Communications Security},
  year={2016},
  organization={ACM}
}

@inproceedings{bassily2014private,
  title={{Private empirical risk minimization: Efficient algorithms and tight error bounds}},
  author={Bassily, Raef and Smith, Adam and Thakurta, Abhradeep},
  booktitle={Foundations of Computer Science (FOCS), 2014 IEEE 55th Annual Symposium on},
  year={2014},
  organization={IEEE}
}

@article{bindschaedler2017plausible,
  title={{Plausible deniability for privacy-preserving data synthesis}},
  author={Bindschaedler, Vincent and Shokri, Reza and Gunter, Carl A},
  journal={Proceedings of the VLDB Endowment},
  year={2017},
  publisher={VLDB Endowment}
}

@article{koh2017understanding,
  title={{Understanding black-box predictions via influence functions}},
  author={Koh, Pang Wei and Liang, Percy},
  journal={arXiv:1703.04730},
  year={2017}
}

@inproceedings{datta2016algorithmic,
  title={{Algorithmic transparency via quantitative input influence: Theory and experiments with learning systems}},
  author={Datta, Anupam and Sen, Shayak and Zick, Yair},
  booktitle={Security and Privacy (SP), 2016 IEEE Symposium on},
  year={2016},
  organization={IEEE}
}

@inproceedings{tishby2015deep,
  title={{Deep learning and the information bottleneck principle}},
  author={Tishby, Naftali and Zaslavsky, Noga},
  booktitle={Information Theory Workshop (ITW), 2015 IEEE},
  year={2015},
  organization={IEEE}
}

@article{achille2017emergence,
  title={{On the emergence of invariance and disentangling in deep representations}},
  author={Achille, Alessandro and Soatto, Stefano},
  journal={arXiv:1706.01350},
  year={2017}
}

@inproceedings{alvim2011differential,
  title={{Differential privacy: on the trade-off between utility and information leakage}},
  author={Alvim, M{\'a}rio S and Andr{\'e}s, Miguel E and Chatzikokolakis, Konstantinos and Degano, Pierpaolo and Palamidessi, Catuscia},
  booktitle={International Workshop on Formal Aspects in Security and Trust},
  year={2011},
  organization={Springer}
}

@article{wei2018know,
  title={{I Know What You See: Power Side-Channel Attack on Convolutional Neural Network Accelerators}},
  author={Wei, Lingxiao and Liu, Yannan and Luo, Bo and Li, Yu and Xu, Qiang},
  journal={arXiv:1803.05847},
  year={2018}
}

@article{wang2018stealing,
  title={{Stealing Hyperparameters in Machine Learning}},
  author={Wang, Binghui and Gong, Neil Zhenqiang},
  journal={arXiv:1802.05351},
  year={2018}
}

@inproceedings{wang2009learning,
  title={{Learning your identity and disease from research papers: information leaks in genome wide association study}},
  author={Wang, Rui and Li, Yong Fuga and Wang, XiaoFeng and Tang, Haixu and Zhou, Xiaoyong},
  booktitle={Proceedings of the 16th ACM conference on Computer and communications security},
  year={2009},
  organization={ACM}
}

@article{dwork2017exposed,
  title={{Exposed! a survey of attacks on private data}},
  author={Dwork, Cynthia and Smith, Adam and Steinke, Thomas and Ullman, Jonathan},
  year={2017},
  publisher={Annual Reviews}
}

@article{long2018understanding,
  title={{Understanding Membership Inferences on Well-Generalized Learning Models}},
  author={Long, Yunhui and Bindschaedler, Vincent and Wang, Lei and Bu, Diyue and Wang, Xiaofeng and Tang, Haixu and Gunter, Carl A and Chen, Kai},
  journal={arXiv:1802.04889},
  year={2018}
}


@inproceedings{li2013membership,
  title={{Membership privacy: a unifying framework for privacy definitions}},
  author={Li, Ninghui and Qardaji, Wahbeh and Su, Dong and Wu, Yi and Yang, Weining},
  booktitle={Proceedings of the 2013 ACM SIGSAC conference on Computer \& communications security},
  year={2013},
  organization={ACM}
}

@article{miyato2015distributional,
  title={{Distributional smoothing with virtual adversarial training}},
  author={Miyato, Takeru and Maeda, Shin-ichi and Koyama, Masanori and Nakae, Ken and Ishii, Shin},
  journal={arXiv:1507.00677},
  year={2015}
}

@article{miyato2017virtual,
  title={{Virtual adversarial training: a regularization method for supervised and semi-supervised learning}},
  author={Miyato, Takeru and Maeda, Shin-ichi and Koyama, Masanori and Ishii, Shin},
  journal={arXiv:1704.03976},
  year={2017}
}

@article{kozinski2017adversarial,
  title={{An Adversarial Regularisation for Semi-Supervised Training of Structured Output Neural Networks}},
  author={Kozi{\'n}ski, Mateusz and Simon, Lo{\"\i}c and Jurie, Fr{\'e}d{\'e}ric},
  journal={arXiv:1702.02382},
  year={2017}
}

@inproceedings{dai2017good,
  title={{Good semi-supervised learning that requires a bad gan}},
  author={Dai, Zihang and Yang, Zhilin and Yang, Fan and Cohen, William W and Salakhutdinov, Ruslan R},
  booktitle={Advances in Neural Information Processing Systems},
  year={2017}
}

@article{odena2016semi,
  title={{Semi-supervised learning with generative adversarial networks}},
  author={Odena, Augustus},
  journal={arXiv:1606.01583},
  year={2016}
}

@article{dumoulin2016adversarially,
  title={{Adversarially learned inference}},
  author={Dumoulin, Vincent and Belghazi, Ishmael and Poole, Ben and Mastropietro, Olivier and Lamb, Alex and Arjovsky, Martin and Courville, Aaron},
  journal={arXiv:1606.00704},
  year={2016}
}

@inproceedings{goodfellow2014generative,
  title={{Generative adversarial nets}},
  author={Goodfellow, Ian and Pouget-Abadie, Jean and Mirza, Mehdi and Xu, Bing and Warde-Farley, David and Ozair, Sherjil and Courville, Aaron and Bengio, Yoshua},
  booktitle={Advances in neural information processing systems},
  year={2014}
}

@inproceedings{alvim2017information,
  title={{Information leakage games}},
  author={Alvim, M{\'a}rio S and Chatzikokolakis, Konstantinos and Kawamoto, Yusuke and Palamidessi, Catuscia},
  booktitle={International Conference on Decision and Game Theory for Security},
  year={2017},
  organization={Springer}
}

@inproceedings{shokri2012protecting,
  title={{Protecting location privacy: optimal strategy against localization attacks}},
  author={Shokri, Reza and Theodorakopoulos, George and Troncoso, Carmela and Hubaux, Jean-Pierre and Le Boudec, Jean-Yves},
  booktitle={Proceedings of the 2012 ACM conference on Computer and communications security},
  year={2012},
  organization={ACM}
}

@article{manshaei2013game,
  title={{Game theory meets network security and privacy}},
  author={Manshaei, Mohammad Hossein and Zhu, Quanyan and Alpcan, Tansu and Bac{\c{s}}ar, Tamer and Hubaux, Jean-Pierre},
  journal={ACM Computing Surveys (CSUR)},
  year={2013},
}

@article{dwork2015reusable,
  title={{The reusable holdout: Preserving validity in adaptive data analysis}},
  author={Dwork, Cynthia and Feldman, Vitaly and Hardt, Moritz and Pitassi, Toniann and Reingold, Omer and Roth, Aaron},
  journal={Science},
  year={2015},
  publisher={American Association for the Advancement of Science}
}

@inproceedings{hsu2013differential,
  title={{Differential privacy for the analyst via private equilibrium computation}},
  author={Hsu, Justin and Roth, Aaron and Ullman, Jonathan},
  booktitle={Proceedings of the forty-fifth annual ACM symposium on Theory of computing},
  year={2013},
  organization={ACM}
}

@book{avriel2003nonlinear,
  title={{Nonlinear programming: analysis and methods}},
  author={Avriel, Mordecai},
  year={2003},
  publisher={Courier Corporation}
}

@inproceedings{zhang2004solving,
  title={{Solving large scale linear prediction problems using stochastic gradient descent algorithms}},
  author={Zhang, Tong},
  booktitle={Proceedings of the twenty-first international conference on Machine learning},
  year={2004},
  organization={ACM}
}


@article{hunt2018chiron,
  title={{Chiron: Privacy-preserving Machine Learning as a Service}},
  author={Hunt, Tyler and Song, Congzheng and Shokri, Reza and Shmatikov, Vitaly and Witchel, Emmett},
  journal={arXiv:1803.05961},
  year={2018}
}

@inproceedings{lindell2000privacy,
  title={{Privacy preserving data mining}},
  author={Lindell, Yehuda and Pinkas, Benny},
  booktitle={Annual International Cryptology Conference},
  year={2000},
  organization={Springer}
}

@article{dwork2014algorithmic,
  title={{The algorithmic foundations of differential privacy}},
  author={Dwork, Cynthia and Roth, Aaron and others},
  journal={Foundations and Trends{\textregistered} in Theoretical Computer Science},
  year={2014},
  publisher={Now Publishers, Inc.}
}

@article{shokri2015privacygames,
  title={{Privacy games: Optimal user-centric data obfuscation}},
  author={Shokri, Reza},
  journal={Proceedings on Privacy Enhancing Technologies},
  year={2015},
  publisher={De Gruyter Open}
}

@inproceedings{blanchard2017machine,
  title={{Machine learning with adversaries: Byzantine tolerant gradient descent}},
  author={Blanchard, Peva and Guerraoui, Rachid and Stainer, Julien and others},
  booktitle={NeurIPS},
  year={2017}
}

@article{arjovsky2017wasserstein,
  title={{Wasserstein gan}},
  author={Arjovsky, Martin and Chintala, Soumith and Bottou, L{\'e}on},
  journal={arXiv:1701.07875},
  year={2017}
}

@article{daskalakis2017training,
  title={{Training GANs with Optimism}},
  author={Daskalakis, Constantinos and Ilyas, Andrew and Syrgkanis, Vasilis and Zeng, Haoyang},
  journal={arXiv:1711.00141},
  year={2017}
}

@inproceedings{krizhevsky2012imagenet,
  title={{Imagenet classification with deep convolutional neural networks}},
  author={Krizhevsky, Alex and Sutskever, Ilya and Hinton, Geoffrey E},
  booktitle={Advances in neural information processing systems},
  year={2012}
}

@inproceedings{huang2017densely,
  title={{Densely connected convolutional networks}},
  author={Huang, Gao and Liu, Zhuang and Weinberger, Kilian Q and van der Maaten, Laurens},
  booktitle={Proceedings of the IEEE conference on computer vision and pattern recognition},
  year={2017}
}

@article{kingma2014adam,
  title={{Adam: A method for stochastic optimization}},
  author={Kingma, Diederik P and Ba, Jimmy},
  journal={arXiv:1412.6980},
  year={2014}
}


@article{hardt2015train,
  title={{Train faster, generalize better: Stability of stochastic gradient descent}},
  author={Hardt, Moritz and Recht, Benjamin and Singer, Yoram},
  journal={arXiv:1509.01240},
  year={2015}
}

@article{pyrgelis2017knock,
  title={{Knock Knock, Who's There? Membership Inference on Aggregate Location Data}},
  author={Pyrgelis, Apostolos and Troncoso, Carmela and De Cristofaro, Emiliano},
  journal={arXiv:1708.06145},
  year={2017}
}

@article{monnot2017limits,
  title={{Limits and limitations of no-regret learning in games}},
  author={Monnot, Barnab{\'e} and Piliouras, Georgios},
  journal={The Knowledge Engineering Review},
  volume={32},
  year={2017},
  publisher={Cambridge University Press}
}

@article{jia2018attriguard,
  title={{AttriGuard: A Practical Defense Against Attribute Inference Attacks via Adversarial Machine Learning}},
  author={Jia, Jinyuan and Gong, Neil Zhenqiang},
  journal={arXiv:1805.04810},
  year={2018}
}

@inproceedings{juvekar18gazelle,
  title={{{GAZELLE}: A Low Latency Framework for Secure Neural Network Inference}},
  author={Juvekar, Chiraag and Vaikuntanathan, Vinod and Chandrakasan, Anantha},
  booktitle={27th {USENIX} Security Symposium},
  year={2018}
}


@article{rubinstein2009stealthy,
  title={{Stealthy poisoning attacks on PCA-based anomaly detectors}},
  author={Rubinstein, Benjamin IP and Nelson, Blaine and Huang, Ling and Joseph, Anthony D and Lau, Shing-hon and Rao, Satish and Taft, Nina and Tygar, JD},
  journal={ACM SIGMETRICS Performance Evaluation Review},
  volume={37},
  number={2},
  pages={73--74},
  year={2009},
  publisher={ACM}
}


@article{chen2017distributed,
  title={{Distributed statistical machine learning in adversarial settings: Byzantine gradient descent}},
  author={Chen, Yudong and Su, Lili and Xu, Jiaming},
  journal={Proceedings of the ACM on Measurement and Analysis of Computing Systems},
  volume={1},
  number={2},
  pages={44},
  year={2017},
  publisher={ACM}
}

@inproceedings{mei2015using,
  title={{Using machine teaching to identify optimal training-set attacks on machine learners}},
  author={Mei, Shike and Zhu, Xiaojin},
  booktitle={Twenty-Ninth AAAI Conference on Artificial Intelligence},
  year={2015}
}

@article{nasr2020blind,
  title={{Blind Adversarial Network Perturbations}},
  author={Nasr, Milad and Bahramali, Alireza and Houmansadr, Amir},
  journal={arXiv:2002.06495},
  year={2020}
}

@inproceedings{moosavi2016deepfool,
  title={{Deepfool: a simple and accurate method to fool deep neural networks}},
  author={Moosavi-Dezfooli, Seyed-Mohsen and Fawzi, Alhussein and Frossard, Pascal},
  booktitle={Proceedings of the IEEE conference on computer vision and pattern recognition},
  pages={2574--2582},
  year={2016}
}

@article{tibshirani2001estimating,
  title={Estimating the number of clusters in a data set via the gap statistic},
  author={Tibshirani, Robert and Walther, Guenther and Hastie, Trevor},
  journal={Journal of the Royal Statistical Society: Series B (Statistical Methodology)},
  volume={63},
  number={2},
  pages={411--423},
  year={2001},
  publisher={Wiley Online Library}
}

@article{lecun1998gradient,
  title={Gradient-based learning applied to document recognition},
  author={LeCun, Yann and Bottou, L{\'e}on and Bengio, Yoshua and Haffner, Patrick},
  journal={Proceedings of the IEEE},
  volume={86},
  number={11},
  pages={2278--2324},
  year={1998},
  publisher={Ieee}
}

@article{nocedal1980updating,
  title={Updating quasi-Newton matrices with limited storage},
  author={Nocedal, Jorge},
  journal={Mathematics of computation},
  volume={35},
  number={151},
  pages={773--782},
  year={1980}
}

@article{li2020learning,
  title={Learning to detect malicious clients for robust federated learning},
  author={Li, Suyi and Cheng, Yong and Wang, Wei and Liu, Yang and Chen, Tianjian},
  journal={arXiv preprint arXiv:2002.00211},
  year={2020}
}

@article{li2020federated,
  title={Federated optimization in heterogeneous networks},
  author={Li, Tian and Sahu, Anit Kumar and Zaheer, Manzil and Sanjabi, Maziar and Talwalkar, Ameet and Smith, Virginia},
  journal={Proceedings of Machine learning and systems},
  volume={2},
  pages={429--450},
  year={2020}
}

@article{hanzely2020federated,
  title={Federated learning of a mixture of global and local models},
  author={Hanzely, Filip and Richt{\'a}rik, Peter},
  journal={arXiv preprint arXiv:2002.05516},
  year={2020}
}

@article{brown2020language,
  title={Language models are few-shot learners},
  author={Brown, Tom and Mann, Benjamin and Ryder, Nick and Subbiah, Melanie and Kaplan, Jared D and Dhariwal, Prafulla and Neelakantan, Arvind and Shyam, Pranav and Sastry, Girish and Askell, Amanda and others},
  journal={Advances in neural information processing systems},
  volume={33},
  pages={1877--1901},
  year={2020}
}

@article{touvron2023llama,
  title={Llama: Open and efficient foundation language models},
  author={Touvron, Hugo and Lavril, Thibaut and Izacard, Gautier and Martinet, Xavier and Lachaux, Marie-Anne and Lacroix, Timoth{\'e}e and Rozi{\`e}re, Baptiste and Goyal, Naman and Hambro, Eric and Azhar, Faisal and others},
  journal={arXiv preprint arXiv:2302.13971},
  year={2023}
}

@article{hanzely2020lower,
  title={Lower bounds and optimal algorithms for personalized federated learning},
  author={Hanzely, Filip and Hanzely, Slavom{\'\i}r and Horv{\'a}th, Samuel and Richt{\'a}rik, Peter},
  journal={Advances in Neural Information Processing Systems},
  volume={33},
  pages={2304--2315},
  year={2020}
}

@article{chaoyanghe2020fedml,
  Author = {He, Chaoyang and Li, Songze and So, Jinhyun and Zhang, Mi and Wang, Hongyi and Wang, Xiaoyang and Vepakomma, Praneeth and Singh, Abhishek and Qiu, Hang and Shen, Li and Zhao, Peilin and Kang, Yan and Liu, Yang and Raskar, Ramesh and Yang, Qiang and Annavaram, Murali and Avestimehr, Salman},
  Journal = {Advances in Neural Information Processing Systems, Best Paper Award at Federate Learning Workshop},
  Title = {FedML: A Research Library and Benchmark for Federated Machine Learning},
  Year = {2020}
}

@inproceedings{Paszke_PyTorch_An_Imperative_2019,
author = {Paszke, Adam and Gross, Sam and Massa, Francisco and Lerer, Adam and Bradbury, James and Chanan, Gregory and Killeen, Trevor and Lin, Zeming and Gimelshein, Natalia and Antiga, Luca and Desmaison, Alban and Kopf, Andreas and Yang, Edward and DeVito, Zachary and Raison, Martin and Tejani, Alykhan and Chilamkurthy, Sasank and Steiner, Benoit and Fang, Lu and Bai, Junjie and Chintala, Soumith},
booktitle = {Advances in Neural Information Processing Systems 32},
editor = {Wallach, H. and Larochelle, H. and Beygelzimer, A. and d'Alché-Buc, F. and Fox, E. and Garnett, R.},
pages = {8024--8035},
publisher = {Curran Associates, Inc.},
title = {{PyTorch: An Imperative Style, High-Performance Deep Learning Library}},
url = {http://papers.neurips.cc/paper/9015-pytorch-an-imperative-style-high-performance-deep-learning-library.pdf},
year = {2019}
}

@inproceedings{xie2020dba,
  title={Dba: Distributed backdoor attacks against federated learning},
  author={Xie, Chulin and Huang, Keli and Chen, Pin-Yu and Li, Bo},
  booktitle={International conference on learning representations},
  year={2020}
}

@inproceedings{ozdayi2021defending,
  title={Defending against backdoors in federated learning with robust learning rate},
  author={Ozdayi, Mustafa Safa and Kantarcioglu, Murat and Gel, Yulia R},
  booktitle={Proceedings of the AAAI Conference on Artificial Intelligence},
  volume={35},
  number={10},
  pages={9268--9276},
  year={2021}
}

@inproceedings{andreina2021baffle,
  title={Baffle: Backdoor detection via feedback-based federated learning},
  author={Andreina, Sebastien and Marson, Giorgia Azzurra and M{\"o}llering, Helen and Karame, Ghassan},
  booktitle={2021 IEEE 41st International Conference on Distributed Computing Systems (ICDCS)},
  pages={852--863},
  year={2021},
  organization={IEEE}
}

@inproceedings{zawad2021curse,
  title={Curse or redemption? how data heterogeneity affects the robustness of federated learning},
  author={Zawad, Syed and Ali, Ahsan and Chen, Pin-Yu and Anwar, Ali and Zhou, Yi and Baracaldo, Nathalie and Tian, Yuan and Yan, Feng},
  booktitle={Proceedings of the AAAI conference on artificial intelligence},
  volume={35},
  number={12},
  pages={10807--10814},
  year={2021}
}

@misc{stackoverflow2019,
 title={TensorFlow Federated Stack Overflow dataset},
  author={The TensorFlow Federated Authors.},
  year={2019},
}

@inproceedings{zhao2022multimodal,
  title={Multimodal federated learning on iot data},
  author={Zhao, Yuchen and Barnaghi, Payam and Haddadi, Hamed},
  booktitle={2022 IEEE/ACM Seventh International Conference on Internet-of-Things Design and Implementation (IoTDI)},
  pages={43--54},
  year={2022},
  organization={IEEE}
}

@misc{zhang2023fldetector,
  title = {{FLDetector}: Federated Learning Poisoning Detector},
  author = {Zaixi Zhang},
  year = {2023},
  howpublished = {\url{https://github.com/zaixizhang/FLDetector}},
  note = {Accessed: Insert Date Here}
}

@inproceedings{hashimoto2018fairness,
  title={Fairness without demographics in repeated loss minimization},
  author={Hashimoto, Tatsunori and Srivastava, Megha and Namkoong, Hongseok and Liang, Percy},
  booktitle={International Conference on Machine Learning},
  pages={1929--1938},
  year={2018},
  organization={PMLR}
}

@article{kwolek2014human,
  title={Human fall detection on embedded platform using depth maps and wireless accelerometer},
  author={Kwolek, Bogdan and Kepski, Michal},
  journal={Computer methods and programs in biomedicine},
  volume={117},
  number={3},
  pages={489--501},
  year={2014},
  publisher={Elsevier}
}

@article{feki2021federated,
  title={Federated learning for COVID-19 screening from Chest X-ray images},
  author={Feki, Ines and Ammar, Sourour and Kessentini, Yousri and Muhammad, Khan},
  journal={Applied Soft Computing},
  volume={106},
  pages={107330},
  year={2021},
  publisher={Elsevier}
}

@article{ku2022privacy,
  title={Privacy-preserving federated learning in medical diagnosis with homomorphic re-encryption},
  author={Ku, Hanchao and Susilo, Willy and Zhang, Yudi and Liu, Wenfen and Zhang, Mingwu},
  journal={Computer Standards \& Interfaces},
  volume={80},
  pages={103583},
  year={2022},
  publisher={Elsevier}
}

@article{qayyum2022collaborative,
  title={Collaborative federated learning for healthcare: Multi-modal covid-19 diagnosis at the edge},
  author={Qayyum, Adnan and Ahmad, Kashif and Ahsan, Muhammad Ahtazaz and Al-Fuqaha, Ala and Qadir, Junaid},
  journal={IEEE Open Journal of the Computer Society},
  volume={3},
  pages={172--184},
  year={2022},
  publisher={IEEE}
}

@inproceedings{ek2020evaluation,
  title={Evaluation of federated learning aggregation algorithms: application to human activity recognition},
  author={Ek, Sannara and Portet, Fran{\c{c}}ois and Lalanda, Philippe and Vega, German},
  booktitle={Adjunct proceedings of the 2020 ACM international joint conference on pervasive and ubiquitous computing and proceedings of the 2020 ACM international symposium on wearable computers},
  pages={638--643},
  year={2020}
}

@inproceedings{ouyang2021clusterfl,
  title={Clusterfl: a similarity-aware federated learning system for human activity recognition},
  author={Ouyang, Xiaomin and Xie, Zhiyuan and Zhou, Jiayu and Huang, Jianwei and Xing, Guoliang},
  booktitle={Proceedings of the 19th Annual International Conference on Mobile Systems, Applications, and Services},
  pages={54--66},
  year={2021}
}

@inproceedings{sozinov2018human,
  title={Human activity recognition using federated learning},
  author={Sozinov, Konstantin and Vlassov, Vladimir and Girdzijauskas, Sarunas},
  booktitle={2018 IEEE Intl Conf on Parallel \& Distributed Processing with Applications, Ubiquitous Computing \& Communications, Big Data \& Cloud Computing, Social Computing \& Networking, Sustainable Computing \& Communications (ISPA/IUCC/BDCloud/SocialCom/SustainCom)},
  pages={1103--1111},
  year={2018},
  organization={IEEE}
}

@inproceedings{sun2022fedsea,
  title={FedSEA: A Semi-Asynchronous Federated Learning Framework for Extremely Heterogeneous Devices},
  author={Sun, Jingwei and Li, Ang and Duan, Lin and Alam, Samiul and Deng, Xuliang and Guo, Xin and Wang, Haiming and Gorlatova, Maria and Zhang, Mi and Li, Hai and others},
  booktitle={Proceedings of the 20th ACM Conference on Embedded Networked Sensor Systems},
  pages={106--119},
  year={2022}
}

@inproceedings{khan2023pitfalls,
  title={On the Pitfalls of Security Evaluation of Robust Federated Learning},
  author={Khan, Momin Ahmad and Shejwalkar, Virat and Houmansadr, Amir and Anwar, Fatima M},
  booktitle={2023 IEEE Security and Privacy Workshops (SPW)},
  pages={57--68},
  year={2023},
  organization={IEEE}
}

@article{carlini2019evaluating,
  title={On evaluating adversarial robustness},
  author={Carlini, Nicholas and Athalye, Anish and Papernot, Nicolas and Brendel, Wieland and Rauber, Jonas and Tsipras, Dimitris and Goodfellow, Ian and Madry, Aleksander and Kurakin, Alexey},
  journal={arXiv preprint arXiv:1902.06705},
  year={2019}
}

@inproceedings{arp2022and,
  title={Dos and don'ts of machine learning in computer security},
  author={Arp, Daniel and Quiring, Erwin and Pendlebury, Feargus and Warnecke, Alexander and Pierazzi, Fabio and Wressnegger, Christian and Cavallaro, Lorenzo and Rieck, Konrad},
  booktitle={31st USENIX Security Symposium (USENIX Security 22)},
  pages={3971--3988},
  year={2022}
}

@inproceedings{he2016deep,
  title={Deep residual learning for image recognition},
  author={He, Kaiming and Zhang, Xiangyu and Ren, Shaoqing and Sun, Jian},
  booktitle={Proceedings of the IEEE conference on computer vision and pattern recognition},
  pages={770--778},
  year={2016}
}

@inproceedings{radford2021learning,
  title={Learning transferable visual models from natural language supervision},
  author={Radford, Alec and Kim, Jong Wook and Hallacy, Chris and Ramesh, Aditya and Goh, Gabriel and Agarwal, Sandhini and Sastry, Girish and Askell, Amanda and Mishkin, Pamela and Clark, Jack and others},
  booktitle={International conference on machine learning},
  pages={8748--8763},
  year={2021},
  organization={PMLR}
}

@article{zhou2022learning,
  title={Learning to prompt for vision-language models},
  author={Zhou, Kaiyang and Yang, Jingkang and Loy, Chen Change and Liu, Ziwei},
  journal={International Journal of Computer Vision},
  volume={130},
  number={9},
  pages={2337--2348},
  year={2022},
  publisher={Springer}
}

@article{song2022flair,
  title={FLAIR: Federated Learning Annotated Image Repository},
  author={Song, Congzheng and Granqvist, Filip and Talwar, Kunal},
  journal={Advances in Neural Information Processing Systems},
  volume={35},
  pages={37792--37805},
  year={2022}
}

@article{vrigkas2015review,
  title={A review of human activity recognition methods},
  author={Vrigkas, Michalis and Nikou, Christophoros and Kakadiaris, Ioannis A},
  journal={Frontiers in Robotics and AI},
  volume={2},
  pages={28},
  year={2015},
  publisher={Frontiers Media SA}
}

@article{xie2022robust,
  title={Robust federated learning against both data heterogeneity and poisoning attack via aggregation optimization},
  author={Xie, Yueqi and Zhang, Weizhong and Pi, Renjie and Wu, Fangzhao and Chen, Qifeng and Xie, Xing and Kim, Sunghun},
  journal={arXiv preprint},
  year={2022}
}

@article{fedjax2021,
  title={{F}ed{JAX}: Federated learning simulation with {JAX}},
  author={Jae Hun Ro and Ananda Theertha Suresh and Ke Wu},
  journal={arXiv preprint arXiv:2108.02117},
  year={2021}
}