@article{ajorianiio,
  author       = {Ali Ajorian, Erick Lavoie, Christian Tschudin},
  title        = {Obfuscation as Instruction Decorrelation},
  year         = {2024},
  howpublished = {arXiv preprint},
  note         = {arXiv:2411.05570},
  url          = {https://arxiv.org/abs/2411.05570},
}

