@article{ajorianiio,
  author       = {Ali Ajorian, Erick Lavoie, Christian Tschudin},
  title        = {Obfuscation as Instruction Decorrelation},
  year         = {2024},
  howpublished = {arXiv preprint},
  note         = {arXiv:2411.05570},
  url          = {https://arxiv.org/abs/2411.05570},
}

@article{woodcock2023state,
  title={State of the art report: verified computation},
  author={Woodcock, Jim and Andersen, Mikkel Schmidt and Aranha, Diego F and Hallerstede, Stefan and Hansen, Simon Thrane and Jakobsen, Nikolaj Kuhne and Kulik, Tomas and Larsen, Peter Gorm and Macedo, Hugo Daniel and Martin, Carlos Ignacio Isasa and others},
  journal={arXiv preprint arXiv:2308.15191},
  year={2023}
}

@inproceedings{canetti1997towards,
  title={Towards realizing random oracles: Hash functions that hide all partial information},
  author={Canetti, Ran},
  booktitle={Advances in Cryptologyâ€”CRYPTO'97: 17th Annual International Cryptology Conference Santa Barbara, California, USA August 17--21, 1997 Proceedings 17},
  pages={455--469},
  year={1997},
  organization={Springer}
}

@inproceedings{barak2001possibility,
  title={On the (im) possibility of obfuscating programs},
  author={Barak, Boaz and Goldreich, Oded and Impagliazzo, Rusell and Rudich, Steven and Sahai, Amit and Vadhan, Salil and Yang, Ke},
  booktitle={Annual international cryptology conference},
  pages={1--18},
  year={2001},
  organization={Springer}
}

@article{xu2020layered,
  title={Layered obfuscation: a taxonomy of software obfuscation techniques for layered security},
  author={Xu, Hui and Zhou, Yangfan and Ming, Jiang and Lyu, Michael},
  journal={Cybersecurity},
  volume={3},
  number={1},
  pages={1--18},
  year={2020},
  publisher={SpringerOpen}
}

@INPROCEEDINGS{Garg2013PointFunction,
  author={Garg, Sanjam and Gentry, Craig and Halevi, Shai and Raykova, Mariana and Sahai, Amit and Waters, Brent},
  booktitle={2013 IEEE 54th Annual Symposium on Foundations of Computer Science}, 
  title={Candidate Indistinguishability Obfuscation and Functional Encryption for all Circuits}, 
  year={2013},
  volume={},
  number={},
  pages={40-49},
  keywords={Encryption;Software;Public key;Generators;Complexity theory;obfuscation;functional encryption;multilinear maps}
 }
 
 @inproceedings{goldwasser2007best,
  title={On best-possible obfuscation},
  author={Goldwasser, Shafi and Rothblum, Guy N},
  booktitle={Theory of Cryptography: 4th Theory of Cryptography Conference, TCC 2007, Amsterdam, The Netherlands, February 21-24, 2007. Proceedings 4},
  pages={194--213},
  year={2007},
  organization={Springer}
}

@inproceedings{kuzurin2007concept,
  title={On the concept of software obfuscation in computer security},
  author={Kuzurin, Nikolay and Shokurov, Alexander and Varnovsky, Nikolay and Zakharov, Vladimir},
  booktitle={Information Security: 10th International Conference, ISC 2007, Valpara{\'\i}so, Chile, October 9-12, 2007. Proceedings 10},
  pages={281--298},
  year={2007},
  organization={Springer}
}

@inproceedings{goldwasser2005impossibility,
  title={On the impossibility of obfuscation with auxiliary input},
  author={Goldwasser, Shafi and Kalai, Yael Tauman},
  booktitle={46th Annual IEEE Symposium on Foundations of Computer Science (FOCS'05)},
  pages={553--562},
  year={2005},
  organization={IEEE}
}

@inproceedings{lynn2004positive,
  title={Positive results and techniques for obfuscation},
  author={Lynn, Benjamin and Prabhakaran, Manoj and Sahai, Amit},
  booktitle={International conference on the theory and applications of cryptographic techniques},
  pages={20--39},
  year={2004},
  organization={Springer}
}

@inproceedings{wee2005obfuscating,
  title={On obfuscating point functions},
  author={Wee, Hoeteck},
  booktitle={Proceedings of the thirty-seventh annual ACM symposium on Theory of computing},
  pages={523--532},
  year={2005}
}

@techreport{collberg1997taxonomy,
  title={A taxonomy of obfuscating transformations},
  author={Collberg, Christian and Thomborson, Clark and Low, Douglas},
  year={1997},
  institution={Department of Computer Science, The University of Auckland, New Zealand}
}

@article{gonzalez2023software,
  title={Software Obfuscation: Theory and Practice},
  author={Gonz{\'a}lez Sanz, Marcos},
  year={2023},
  publisher={ETSI\_Sistemas\_Infor}
}

@inproceedings{sahai2014use,
  title={How to use indistinguishability obfuscation: deniable encryption, and more},
  author={Sahai, Amit and Waters, Brent},
  booktitle={Proceedings of the forty-sixth annual ACM symposium on Theory of computing},
  pages={475--484},
  year={2014}
}

@article{collberg2002watermarking,
  title={Watermarking, tamper-proofing, and obfuscation-tools for software protection},
  author={Collberg, Christian S. and Thomborson, Clark},
  journal={IEEE Transactions on software engineering},
  volume={28},
  number={8},
  pages={735--746},
  year={2002},
  publisher={IEEE}
}

@phdthesis{zobernig2020mathematical,
  title={Mathematical aspects of program obfuscation},
  author={Zobernig, Lukas},
  year={2020},
  school={ResearchSpace@ Auckland}
}

@inproceedings{Rivest:1998,
  title={Chaffing and Winnowing: Confidentiality without Encryption},
  author={Ronald L. Rivest},
  year={1998},
  url={https://people.csail.mit.edu/rivest/pubs/Riv98a.prepub.txt}
}

@article{rivest1998chaffing,
  title={Chaffing and winnowing: Confidentiality without encryption},
  author={Rivest, Ronald L and others},
  journal={CryptoBytes (RSA laboratories)},
  volume={4},
  number={1},
  pages={12--17},
  year={1998},
  publisher={Citeseer}
}