
@InProceedings{sagawa2020b,
  title = 	 {An Investigation of Why Overparameterization Exacerbates Spurious Correlations},
  author =       {Sagawa, Shiori and Raghunathan, Aditi and Koh, Pang Wei and Liang, Percy},
  booktitle = 	 {Proceedings of the 37th International Conference on Machine Learning},
  pages = 	 {8346--8356},
  year = 	 {2020},
  volume = 	 {119},
  series = 	 {Proceedings of Machine Learning Research},
}

@article{raskutti2014early,
  title={Early stopping and non-parametric regression: an optimal data-dependent stopping rule},
  author={Raskutti, Garvesh and Wainwright, Martin J and Yu, Bin},
  journal={The Journal of Machine Learning Research},
  volume={15},
  number={1},
  pages={335--366},
  year={2014},
  publisher={JMLR. org}
}

@article{misiakiewicz2024six,
  title={Six lectures on linearized neural networks},
  author={Misiakiewicz, Theodor and Montanari, Andrea},
  journal={Journal of Statistical Mechanics: Theory and Experiment},
  volume={2024},
  number={10},
  pages={104006},
  year={2024},
  publisher={IOP Publishing}
}

@article{song2024generalization,
  title={Generalization error of min-norm interpolators in transfer learning},
  author={Song, Yanke and Bhattacharya, Sohom and Sur, Pragya},
  journal={arXiv preprint arXiv:2406.13944},
  year={2024}
}

@inproceedings{thrampoulidis2015regularized,
  title={Regularized linear regression: A precise analysis of the estimation error},
  author={Thrampoulidis, Christos and Oymak, Samet and Hassibi, Babak},
  booktitle={Conference on Learning Theory},
  pages={1683--1709},
  year={2015},
  organization={PMLR}
}

@inproceedings{chang2021provable,
  title={Provable benefits of overparameterization in model compression: From double descent to pruning neural networks},
  author={Chang, Xiangyu and Li, Yingcong and Oymak, Samet and Thrampoulidis, Christos},
  booktitle={Proceedings of the AAAI Conference on Artificial Intelligence},
  volume={35},
  pages={6974--6983},
  year={2021}
}

@article{montanari2019generalization,
  title={The generalization error of max-margin linear classifiers: Benign overfitting and high dimensional asymptotics in the overparametrized regime},
  author={Montanari, Andrea and Ruan, Feng and Sohn, Youngtak and Yan, Jun},
  journal={arXiv preprint arXiv:1911.01544},
  year={2019}
}

@article{goldt2020modeling,
  title={Modeling the influence of data structure on learning in neural networks: The hidden manifold model},
  author={Goldt, Sebastian and M{\'e}zard, Marc and Krzakala, Florent and Zdeborov{\'a}, Lenka},
  journal={Physical Review X},
  volume={10},
  number={4},
  pages={041044},
  year={2020},
  publisher={APS}
}

@inproceedings{montanari2022universality,
  title={Universality of empirical risk minimization},
  author={Montanari, Andrea and Saeed, Basil N},
  booktitle={Conference on Learning Theory},
  pages={4310--4312},
  year={2022},
  organization={PMLR}
}

@inproceedings{goldt2022gaussian,
  title={The gaussian equivalence of generative models for learning with shallow neural networks},
  author={Goldt, Sebastian and Loureiro, Bruno and Reeves, Galen and Krzakala, Florent and M{\'e}zard, Marc and Zdeborov{\'a}, Lenka},
  booktitle={Mathematical and Scientific Machine Learning},
  pages={426--471},
  year={2022},
  organization={PMLR}
}


@inproceedings{sagawa2020a,
title={Distributionally Robust Neural Networks for Group Shifts: On the Importance of Regularization for Worst-Case Generalization},
author={Shiori Sagawa and Pang Wei Koh and Tatsunori B. Hashimoto and Percy Liang},
booktitle={International Conference on Learning Representations},
year={2020},
}

@inproceedings{morwani2023simplicity,
title={Simplicity Bias in 1-Hidden Layer Neural Networks},
author={Depen Morwani and jatin batra and Prateek Jain and Praneeth Netrapalli},
booktitle={Thirty-seventh Conference on Neural Information Processing Systems},
year={2023},
}

@inproceedings{pezeshki2021gradient,
title={Gradient Starvation: A Learning Proclivity in Neural Networks},
author={Mohammad Pezeshki and S{\'e}kou-Oumar Kaba and Yoshua Bengio and Aaron Courville and Doina Precup and Guillaume Lajoie},
booktitle={Advances in Neural Information Processing Systems},
year={2021},
}


@InProceedings{tiwari2023overcoming,
  title = 	 {Overcoming Simplicity Bias in Deep Networks using a Feature Sieve},
  author =       {Tiwari, Rishabh and Shenoy, Pradeep},
  booktitle = 	 {Proceedings of the 40th International Conference on Machine Learning},
  year = 	 {2023},
}


@inproceedings{kirichenko2023last,
title={Last Layer Re-Training is Sufficient for Robustness to Spurious Correlations},
author={Polina Kirichenko and Pavel Izmailov and Andrew Gordon Wilson},
booktitle={The Eleventh International Conference on Learning Representations },
year={2023},
}

@inproceedings{shah2020pitfalls,
 author = {Shah, Harshay and Tamuly, Kaustav and Raghunathan, Aditi and Jain, Prateek and Netrapalli, Praneeth},
 booktitle = {Advances in Neural Information Processing Systems},
 title = {The Pitfalls of Simplicity Bias in Neural Networks},
 year = {2020}
}


@article{geirhos2020,
  author       = {Geirhos, Robert and Jacobsen, Jörn-Henrik and Michaelis, Claudio and Zemel, Richard and Brendel, Wieland and Bethge, Matthias and Wichmann, Felix A.},
  title        = {Shortcut learning in deep neural networks},
  journal      = {Nature Machine Intelligence},
  year         = {2020},
  volume       = {2},
  number       = {11},
  pages        = {665--673},
  issn         = {2522-5839}
}



@inproceedings{qiu2024complexity,
      title={Complexity Matters: Dynamics of Feature Learning in the Presence of Spurious Correlations}, 
      author={GuanWen Qiu and Da Kuang and Surbhi Goel},
      year={2024},
 booktitle={International Conference on Machine Learning (ICML)}
}



@InProceedings{rahaman2019spectral,
  title = {On the Spectral Bias of Neural Networks},
  author = {Rahaman, Nasim and Baratin, Aristide and Arpit, Devansh and Draxler, Felix and Lin, Min and Hamprecht, Fred and Bengio, Yoshua and Courville, Aaron},
  booktitle = {Proceedings of the 36th International Conference on Machine Learning},
  year = {2019},
}


@inproceedings{kumar2023causal,
title={Causal Effect Regularization: Automated Detection and Removal of Spurious Correlations},
author={Abhinav Kumar and Amit Deshpande and Amit Sharma},
booktitle={Thirty-seventh Conference on Neural Information Processing Systems},
year={2023},
}


@article{han2023distribution,
      title={The distribution of Ridgeless least squares interpolators}, 
      author={Qiyang Han and Xiaocong Xu},
      year={2023},
      journal={arXiv preprint arXiv:2307.02044}
}


@article{hastie2019surprises,
  title={Surprises in High-Dimensional Ridgeless Least Squares Interpolation},
  author={Trevor J. Hastie and Andrea Montanari and Saharon Rosset and Ryan J. Tibshirani},
  journal={Annals of statistics},
  year={2019},
  volume={50 2},
  pages={949-986},
}


@article{cheng2024dimension,
author = {Chen Cheng and Andrea Montanari},
title = {{Dimension free ridge regression}},
volume = {52},
journal = {The Annals of Statistics},
number = {6},
pages = {2879 -- 2912},
year = {2024},
doi = {10.1214/24-AOS2449},
}


@inproceedings{mallinar2024minimumnorm,
title={Minimum-Norm Interpolation Under Covariate Shift},
author={Neil Rohit Mallinar and Austin Zane and Spencer Frei and Bin Yu},
booktitle={Forty-first International Conference on Machine Learning},
year={2024},
}


@article{ildiz2024highdimensional,
title={High-dimensional Analysis of Knowledge Distillation: Weak-to-Strong Generalization and Scaling Laws}, 
author={M. Emrullah Ildiz and Halil Alperen Gozeten and Ege Onur Taga and Marco Mondelli and Samet Oymak},
year={2024},
journal={arXiv preprint arXiv:2410.18837}
}


@article{mmm2022,
title = {Generalization error of random feature and kernel methods: Hypercontractivity and kernel matrix concentration},
journal = {Applied and Computational Harmonic Analysis},
volume = {59},
pages = {3-84},
year = {2022},
note = {Special Issue on Harmonic Analysis and Machine Learning},
issn = {1063-5203},
author = {Song Mei and Theodor Misiakiewicz and Andrea Montanari},
}


@inproceedings{wang2023overparameterized,
  author       = {Zhichao Wang and
                  Yizhe Zhu},
  title        = {Overparameterized Random Feature Regression with Nearly Orthogonal
                  Data},
  booktitle    = {International Conference on Artificial Intelligence and Statistics},
  series       = {Proceedings of Machine Learning Research},
  volume       = {206},
  pages        = {8463--8493},
  publisher    = {PMLR},
  year         = {2023},
}



@inbook{vershrandmat,
place={Cambridge},
title={Introduction to the non-asymptotic analysis of random matrices},
booktitle={Compressed Sensing: Theory and Applications},
publisher={Cambridge University Press},
author={Vershynin, Roman},
year={2012},
pages={210–268}
}


@inproceedings{bombari2022memorization,
title={Memorization and Optimization in Deep Neural Networks with Minimum Over-parameterization},
author={Bombari, Simone and Amani, Mohammad Hossein and Mondelli, Marco},
booktitle={Advances in Neural Information Processing Systems (NeurIPS)},
year={2022}
}



@article{bombari2024privacy,
      title={Privacy for Free in the Over-Parameterized Regime}, 
      author={Simone Bombari and Marco Mondelli},
      year={2024},
      journal={arXiv preprint arXiv:2410.14787}
}


@book{vershynin2018high,
  title     = {High-dimensional probability: An introduction with applications in data science},
  author    = {Roman Vershynin},
  year      = {2018},
  publisher = {Cambridge university press}
}



@article{bartlett2021deep,
  title={Deep learning: a statistical viewpoint},
  author={Bartlett, Peter L and Montanari, Andrea and Rakhlin, Alexander},
  journal={Acta numerica},
  volume={30},
  pages={87--201},
  year={2021},
  publisher={Cambridge University Press}
}


@inproceedings{li19repair,
author = {Li, Yi and Vasconcelos, Nuno},
booktitle = {IEEE/CVF Conference on Computer Vision and Pattern Recognition (CVPR)},
title = {REPAIR: Removing Representation Bias by Dataset Resampling},
year = {2019},
}


@article{hu23universality,
  author={Hu, Hong and Lu, Yue M.},
  journal={IEEE Transactions on Information Theory}, 
  title={Universality Laws for High-Dimensional Learning With Random Features}, 
  year={2023},
  volume={69},
  number={3},
  pages={1932-1964},
}


@article{mei2022generalization,
  title={The generalization error of random features regression: Precise asymptotics and the double descent curve},
  author={Mei, Song and Montanari, Andrea},
  journal={Communications on Pure and Applied Mathematics},
  volume={75},
  number={4},
  pages={667--766},
  year={2022},
}



@inproceedings{bombari2023stability,
      title={How Spurious Features Are Memorized: Precise Analysis for Random and NTK Features}, 
      author={Simone Bombari and Marco Mondelli},
      year={2024},
      booktitle={International Conference on Machine Learning (ICML)}
}


@inproceedings{tightbounds,
  title={Tight bounds on the smallest eigenvalue of the neural tangent kernel for deep {ReLU} networks},
  author={Nguyen, Quynh and Mondelli, Marco and Montufar, Guido},
  booktitle={International Conference on Machine Learning (ICML)},
  year={2021}
}



@inproceedings{bubeck2021a,
title={A Universal Law of Robustness via Isoperimetry},
author={Sebastien Bubeck and Mark Sellke},
booktitle={Advances in Neural Information Processing Systems (NeurIPS)},
year={2021}
}


@book{booleananalysis, place={Cambridge}, title={Analysis of Boolean Functions}, publisher={Cambridge University Press}, author={O'Donnell, Ryan}, year={2014}}

@inproceedings{xiao2021noise,
title={Noise or Signal: The Role of Image Backgrounds in Object Recognition},
author={Kai Yuanqing Xiao and Logan Engstrom and Andrew Ilyas and Aleksander Madry},
booktitle={International Conference on Learning Representations (ICLR)},
year={2021},
}


@InProceedings{zhou21combating,
  title = 	 {Examining and Combating Spurious Features under Distribution Shift},
  author =       {Zhou, Chunting and Ma, Xuezhe and Michel, Paul and Neubig, Graham},
  booktitle = 	 {International Conference on Machine Learning (ICML)},
  year = 	 {2021}
}

@inproceedings{
geirhos2018imagenettrained,
title={ImageNet-trained {CNN}s are biased towards texture; increasing shape bias improves accuracy and robustness.},
author={Robert Geirhos and Patricia Rubisch and Claudio Michaelis and Matthias Bethge and Felix A. Wichmann and Wieland Brendel},
booktitle={International Conference on Learning Representations (ICLR)},
year={2019},
}



@inproceedings{zliobaite15,
title = "On the relation between accuracy and fairness in binary classification",
author = "Indre Zliobaite",
year = "2015",
booktitle = "2nd ICML Workshop on Fairness, Accountability, and Transparency in Machine Learning (FATML)",
}


@article{plumb2022finding,
title={Finding and Fixing Spurious Patterns with Explanations},
author={Gregory Plumb and Marco Tulio Ribeiro and Ameet Talwalkar},
journal={Transactions on Machine Learning Research},
year={2022}
}


@INPROCEEDINGS{chang21augmentation,
author = {C. Chang and G. Adam and A. Goldenberg},
booktitle = {IEEE/CVF Conference on Computer Vision and Pattern Recognition (CVPR)},
title = {Towards Robust Classification Model by Counterfactual and Invariant Data Generation},
year = {2021},
}


@inproceedings{Hermann2020whatshapes,
 author = {Hermann, Katherine and Lampinen, Andrew},
 booktitle = {Advances in Neural Information Processing Systems (NeurIPS)},
 title = {What shapes feature representations? {E}xploring datasets, architectures, and training},
 year = {2020}
}


@inproceedings{
singla2022salient,
title={Salient ImageNet: How to discover spurious features in Deep Learning?},
author={Sahil Singla and Soheil Feizi},
booktitle={International Conference on Learning Representations},
year={2022},
}


@inproceedings{kalimeris2019sgd,
 author = {Kalimeris, Dimitris and Kaplun, Gal and Nakkiran, Preetum and Edelman, Benjamin and Yang, Tristan and Barak, Boaz and Zhang, Haofeng},
 booktitle = {Advances in Neural Information Processing Systems},
 title = {SGD on Neural Networks Learns Functions of Increasing Complexity},
 year = {2019}
}


@inproceedings{rahimi2007random,
  title={Random features for large-scale kernel machines},
  author={Rahimi, Ali and Recht, Benjamin},
  booktitle={Advances in Neural Information Processing Systems},
  year={2007}
}



@article{Belkin19,
author = {Mikhail Belkin  and Daniel Hsu  and Siyuan Ma  and Soumik Mandal },
title = {Reconciling modern machine-learning practice and the classical bias–variance trade-off},
journal = {Proceedings of the National Academy of Sciences},
volume = {116},
number = {32},
pages = {15849-15854},
year = {2019},
}



@inproceedings{moayeri2022hard,
 author = {Moayeri, Mazda and Singla, Sahil and Feizi, Soheil},
 booktitle = {Advances in Neural Information Processing Systems},
 title = {Hard ImageNet: Segmentations for Objects with Strong Spurious Cues},
 year = {2022}
}




@InProceedings{liu2021just,
  title = 	 {Just Train Twice: Improving Group Robustness without Training Group Information},
  author =       {Liu, Evan Z and Haghgoo, Behzad and Chen, Annie S and Raghunathan, Aditi and Koh, Pang Wei and Sagawa, Shiori and Liang, Percy and Finn, Chelsea},
  booktitle = 	 {Proceedings of the 38th International Conference on Machine Learning},
  year = 	 {2021},
}



@inproceedings{
zhang2021coping,
title={Coping with Label Shift via Distributionally Robust Optimisation},
author={Jingzhao Zhang and Aditya Krishna Menon and Andreas Veit and Srinadh Bhojanapalli and Sanjiv Kumar and Suvrit Sra},
booktitle={International Conference on Learning Representations},
year={2021},
}


@inproceedings{
ahmed2021systematic,
title={Systematic generalisation with group invariant predictions},
author={Faruk Ahmed and Yoshua Bengio and Harm van Seijen and Aaron Courville},
booktitle={International Conference on Learning Representations},
year={2021},
}


@inproceedings{
izmailov2022on,
title={On Feature Learning in the Presence of Spurious Correlations},
author={Pavel Izmailov and Polina Kirichenko and Nate Gruver and Andrew Gordon Wilson},
booktitle={Advances in Neural Information Processing Systems},
editor={Alice H. Oh and Alekh Agarwal and Danielle Belgrave and Kyunghyun Cho},
year={2022},
}


@inproceedings{
veitch2021counterfactual,
title={Counterfactual Invariance to Spurious Correlations in Text Classification},
author={Victor Veitch and Alexander D'Amour and Steve Yadlowsky and Jacob Eisenstein},
booktitle={Advances in Neural Information Processing Systems},
year={2021},
}

@article{arjovsky2020invariant,
      title={Invariant Risk Minimization}, 
      author={Martin Arjovsky and Léon Bottou and Ishaan Gulrajani and David Lopez-Paz},
      year={2020},
      journal={arXiv preprint arXiv:1907.02893}
}



@inproceedings{seonguk22bias, title={Information-Theoretic Bias Reduction via Causal View of Spurious Correlation}, booktitle={AAAI Conference on Artificial Intelligence}, author={Seo, Seonguk and Lee, Joon-Young and Han, Bohyung}, year={2022}}



@article{bartlett2020benign,
author = {Peter L. Bartlett  and Philip M. Long  and Gábor Lugosi  and Alexander Tsigler },
title = {Benign overfitting in linear regression},
journal = {Proceedings of the National Academy of Sciences},
volume = {117},
number = {48},
pages = {30063-30070},
year = {2020},
}



@article{louart2018random,
  title={A random matrix approach to neural networks},
  author={Cosme Louart and Zhenyu Liao and Romain Couillet},
  journal={The Annals of Applied Probability},
  volume={28},
  number={2},
  pages={1190--1248},
  year={2018},
  publisher={Institute of Mathematical Statistics}
}



@inproceedings{pennington17nonlinear,
 author = {Pennington, Jeffrey and Worah, Pratik},
 booktitle = {Advances in Neural Information Processing Systems (NeurIPS)},
 title = {Nonlinear random matrix theory for deep learning},
 year = {2017}
}




@inproceedings{moniri2023theory,
      title={A Theory of Non-Linear Feature Learning with One Gradient Step in Two-Layer Neural Networks}, 
      author={Behrad Moniri and Donghwan Lee and Hamed Hassani and Edgar Dobriban},
      year={2024},
      booktitle={International Conference on Machine Learning (ICML)}
}


@inproceedings{
ba2022highdimensional,
title={High-dimensional Asymptotics of Feature Learning: How One Gradient Step Improves the Representation},
author={Jimmy Ba and Murat A Erdogdu and Taiji Suzuki and Zhichao Wang and Denny Wu and Greg Yang},
booktitle={Advances in Neural Information Processing Systems (NeurIPS)},
year={2022},
}

@inproceedings{damian2022neural,
  title={Neural networks can learn representations with gradient descent},
  author={Damian, Alexandru and Lee, Jason and Soltanolkotabi, Mahdi},
  booktitle={Conference on Learning Theory (COLT)},
  year={2022}
}

@article{dohmatob2022non,
  title={On the (Non-) Robustness of Two-Layer Neural Networks in Different Learning Regimes},
  author={Dohmatob, Elvis and Bietti, Alberto},
  journal={arXiv preprint arXiv:2203.11864},
  year={2022}
}


@article{hassani2024curse,
author = {Hamed Hassani and Adel Javanmard},
title = {{The curse of overparametrization in adversarial training: Precise analysis of robust generalization for random features regression}},
volume = {52},
journal = {The Annals of Statistics},
number = {2},
publisher = {Institute of Mathematical Statistics},
pages = {441 -- 465},
year = {2024}
}



@InProceedings{lee2023demystifying,
  title = 	 {Demystifying Disagreement-on-the-Line in High Dimensions},
  author =       {Lee, Donghwan and Moniri, Behrad and Huang, Xinmeng and Dobriban, Edgar and Hassani, Hamed},
  booktitle = 	 {Proceedings of the 40th International Conference on Machine Learning},
  year = 	 {2023},
}


@inproceedings{
tripuraneni2021overparameterization,
title={Overparameterization Improves Robustness to Covariate Shift in High Dimensions},
author={Nilesh Tripuraneni and Ben Adlam and Jeffrey Pennington},
booktitle={Advances in Neural Information Processing Systems},
year={2021},
}


@InProceedings{bombari2023universal,
  title = 	 {Beyond the Universal Law of Robustness: Sharper Laws for Random Features and Neural Tangent Kernels},
  author =       {Bombari, Simone and Kiyani, Shayan and Mondelli, Marco},
  booktitle = 	 {Proceedings of the 40th International Conference on Machine Learning},
  year = 	 {2023}
}


@article{yang2023precise,
      title={Precise High-Dimensional Asymptotics for Quantifying Heterogeneous Transfers}, 
      author={Fan Yang and Hongyang R. Zhang and Sen Wu and Christopher Ré and Weijie J. Su},
      year={2023},
      journal={arXiv preprint arXiv:2010.11750}
}


@inproceedings{
hermann2024on,
title={On the Foundations of Shortcut Learning},
author={Katherine Hermann and Hossein Mobahi and Thomas FEL and Michael Curtis Mozer},
booktitle={The Twelfth International Conference on Learning Representations},
year={2024},
}


@inproceedings{JacotEtc2018,
  title     = {Neural tangent kernel: Convergence and generalization in neural networks},
  author    = {Arthur Jacot and Franck Gabriel and Clément Hongler},
  booktitle = {Advances in Neural Information Processing Systems (NeurIPS)},
  year      = {2018}
}


@article{ye2024spurious,
      title={Spurious Correlations in Machine Learning: A Survey}, 
      author={Wenqian Ye and Guangtao Zheng and Xu Cao and Yunsheng Ma and Aidong Zhang},
      year={2024},
      journal={arXiv preprint arXiv:2402.12715}
}


@article{elkaroui2010spectrum,
author = {Noureddine El Karoui},
title = {{The spectrum of kernel random matrices}},
volume = {38},
journal = {The Annals of Statistics},
number = {1},
publisher = {Institute of Mathematical Statistics},
pages = {1 -- 50},
year = {2010},
}
