@article{Belkin19,
author = {Mikhail Belkin  and Daniel Hsu  and Siyuan Ma  and Soumik Mandal },
title = {Reconciling modern machine-learning practice and the classical bias–variance trade-off},
journal = {Proceedings of the National Academy of Sciences},
volume = {116},
number = {32},
pages = {15849-15854},
year = {2019},
}

@inproceedings{Hermann2020whatshapes,
 author = {Hermann, Katherine and Lampinen, Andrew},
 booktitle = {Advances in Neural Information Processing Systems (NeurIPS)},
 title = {What shapes feature representations? {E}xploring datasets, architectures, and training},
 year = {2020}
}

@article{arjovsky2020invariant,
      title={Invariant Risk Minimization}, 
      author={Martin Arjovsky and Léon Bottou and Ishaan Gulrajani and David Lopez-Paz},
      year={2020},
      journal={arXiv preprint arXiv:1907.02893}
}

@article{bartlett2020benign,
author = {Peter L. Bartlett  and Philip M. Long  and Gábor Lugosi  and Alexander Tsigler },
title = {Benign overfitting in linear regression},
journal = {Proceedings of the National Academy of Sciences},
volume = {117},
number = {48},
pages = {30063-30070},
year = {2020},
}

@InProceedings{bombari2023universal,
  title = 	 {Beyond the Universal Law of Robustness: Sharper Laws for Random Features and Neural Tangent Kernels},
  author =       {Bombari, Simone and Kiyani, Shayan and Mondelli, Marco},
  booktitle = 	 {Proceedings of the 40th International Conference on Machine Learning},
  year = 	 {2023}
}

@inproceedings{chang2021provable,
  title={Provable benefits of overparameterization in model compression: From double descent to pruning neural networks},
  author={Chang, Xiangyu and Li, Yingcong and Oymak, Samet and Thrampoulidis, Christos},
  booktitle={Proceedings of the AAAI Conference on Artificial Intelligence},
  volume={35},
  pages={6974--6983},
  year={2021}
}

@INPROCEEDINGS{chang21augmentation,
author = {C. Chang and G. Adam and A. Goldenberg},
booktitle = {IEEE/CVF Conference on Computer Vision and Pattern Recognition (CVPR)},
title = {Towards Robust Classification Model by Counterfactual and Invariant Data Generation},
year = {2021},
}

@article{cheng2024dimension,
author = {Chen Cheng and Andrea Montanari},
title = {{Dimension free ridge regression}},
volume = {52},
journal = {The Annals of Statistics},
number = {6},
pages = {2879 -- 2912},
year = {2024},
doi = {10.1214/24-AOS2449},
}

@inproceedings{damian2022neural,
  title={Neural networks can learn representations with gradient descent},
  author={Damian, Alexandru and Lee, Jason and Soltanolkotabi, Mahdi},
  booktitle={Conference on Learning Theory (COLT)},
  year={2022}
}

@article{dohmatob2022non,
  title={On the (Non-) Robustness of Two-Layer Neural Networks in Different Learning Regimes},
  author={Dohmatob, Elvis and Bietti, Alberto},
  journal={arXiv preprint arXiv:2203.11864},
  year={2022}
}

@article{geirhos2020,
  author       = {Geirhos, Robert and Jacobsen, Jörn-Henrik and Michaelis, Claudio and Zemel, Richard and Brendel, Wieland and Bethge, Matthias and Wichmann, Felix A.},
  title        = {Shortcut learning in deep neural networks},
  journal      = {Nature Machine Intelligence},
  year         = {2020},
  volume       = {2},
  number       = {11},
  pages        = {665--673},
  issn         = {2522-5839}
}

@article{goldt2020modeling,
  title={Modeling the influence of data structure on learning in neural networks: The hidden manifold model},
  author={Goldt, Sebastian and M{\'e}zard, Marc and Krzakala, Florent and Zdeborov{\'a}, Lenka},
  journal={Physical Review X},
  volume={10},
  number={4},
  pages={041044},
  year={2020},
  publisher={APS}
}

@inproceedings{goldt2022gaussian,
  title={The gaussian equivalence of generative models for learning with shallow neural networks},
  author={Goldt, Sebastian and Loureiro, Bruno and Reeves, Galen and Krzakala, Florent and M{\'e}zard, Marc and Zdeborov{\'a}, Lenka},
  booktitle={Mathematical and Scientific Machine Learning},
  pages={426--471},
  year={2022},
  organization={PMLR}
}

@article{han2023distribution,
      title={The distribution of Ridgeless least squares interpolators}, 
      author={Qiyang Han and Xiaocong Xu},
      year={2023},
      journal={arXiv preprint arXiv:2307.02044}
}

@article{hassani2024curse,
author = {Hamed Hassani and Adel Javanmard},
title = {{The curse of overparametrization in adversarial training: Precise analysis of robust generalization for random features regression}},
volume = {52},
journal = {The Annals of Statistics},
number = {2},
publisher = {Institute of Mathematical Statistics},
pages = {441 -- 465},
year = {2024}
}

@article{hastie2019surprises,
  title={Surprises in High-Dimensional Ridgeless Least Squares Interpolation},
  author={Trevor J. Hastie and Andrea Montanari and Saharon Rosset and Ryan J. Tibshirani},
  journal={Annals of statistics},
  year={2019},
  volume={50 2},
  pages={949-986},
}

@article{hu23universality,
  author={Hu, Hong and Lu, Yue M.},
  journal={IEEE Transactions on Information Theory}, 
  title={Universality Laws for High-Dimensional Learning With Random Features}, 
  year={2023},
  volume={69},
  number={3},
  pages={1932-1964},
}

@inproceedings{kalimeris2019sgd,
 author = {Kalimeris, Dimitris and Kaplun, Gal and Nakkiran, Preetum and Edelman, Benjamin and Yang, Tristan and Barak, Boaz and Zhang, Haofeng},
 booktitle = {Advances in Neural Information Processing Systems},
 title = {SGD on Neural Networks Learns Functions of Increasing Complexity},
 year = {2019}
}

@inproceedings{kirichenko2023last,
title={Last Layer Re-Training is Sufficient for Robustness to Spurious Correlations},
author={Polina Kirichenko and Pavel Izmailov and Andrew Gordon Wilson},
booktitle={The Eleventh International Conference on Learning Representations },
year={2023},
}

@InProceedings{lee2023demystifying,
  title = 	 {Demystifying Disagreement-on-the-Line in High Dimensions},
  author =       {Lee, Donghwan and Moniri, Behrad and Huang, Xinmeng and Dobriban, Edgar and Hassani, Hamed},
  booktitle = 	 {Proceedings of the 40th International Conference on Machine Learning},
  year = 	 {2023},
}

@InProceedings{liu2021just,
  title = 	 {Just Train Twice: Improving Group Robustness without Training Group Information},
  author =       {Liu, Evan Z and Haghgoo, Behzad and Chen, Annie S and Raghunathan, Aditi and Koh, Pang Wei and Sagawa, Shiori and Liang, Percy and Finn, Chelsea},
  booktitle = 	 {Proceedings of the 38th International Conference on Machine Learning},
  year = 	 {2021},
}

@inproceedings{mallinar2024minimumnorm,
title={Minimum-Norm Interpolation Under Covariate Shift},
author={Neil Rohit Mallinar and Austin Zane and Spencer Frei and Bin Yu},
booktitle={Forty-first International Conference on Machine Learning},
year={2024},
}

@article{mei2022generalization,
  title={The generalization error of random features regression: Precise asymptotics and the double descent curve},
  author={Mei, Song and Montanari, Andrea},
  journal={Communications on Pure and Applied Mathematics},
  volume={75},
  number={4},
  pages={667--766},
  year={2022},
}

@article{misiakiewicz2024six,
  title={Six lectures on linearized neural networks},
  author={Misiakiewicz, Theodor and Montanari, Andrea},
  journal={Journal of Statistical Mechanics: Theory and Experiment},
  volume={2024},
  number={10},
  pages={104006},
  year={2024},
  publisher={IOP Publishing}
}

@inproceedings{moayeri2022hard,
 author = {Moayeri, Mazda and Singla, Sahil and Feizi, Soheil},
 booktitle = {Advances in Neural Information Processing Systems},
 title = {Hard ImageNet: Segmentations for Objects with Strong Spurious Cues},
 year = {2022}
}

@inproceedings{moniri2023theory,
      title={A Theory of Non-Linear Feature Learning with One Gradient Step in Two-Layer Neural Networks}, 
      author={Behrad Moniri and Donghwan Lee and Hamed Hassani and Edgar Dobriban},
      year={2024},
      booktitle={International Conference on Machine Learning (ICML)}
}

@article{montanari2019generalization,
  title={The generalization error of max-margin linear classifiers: Benign overfitting and high dimensional asymptotics in the overparametrized regime},
  author={Montanari, Andrea and Ruan, Feng and Sohn, Youngtak and Yan, Jun},
  journal={arXiv preprint arXiv:1911.01544},
  year={2019}
}

@inproceedings{montanari2022universality,
  title={Universality of empirical risk minimization},
  author={Montanari, Andrea and Saeed, Basil N},
  booktitle={Conference on Learning Theory},
  pages={4310--4312},
  year={2022},
  organization={PMLR}
}

@inproceedings{morwani2023simplicity,
title={Simplicity Bias in 1-Hidden Layer Neural Networks},
author={Depen Morwani and jatin batra and Prateek Jain and Praneeth Netrapalli},
booktitle={Thirty-seventh Conference on Neural Information Processing Systems},
year={2023},
}

@inproceedings{pezeshki2021gradient,
title={Gradient Starvation: A Learning Proclivity in Neural Networks},
author={Mohammad Pezeshki and S{\'e}kou-Oumar Kaba and Yoshua Bengio and Aaron Courville and Doina Precup and Guillaume Lajoie},
booktitle={Advances in Neural Information Processing Systems},
year={2021},
}

@article{plumb2022finding,
title={Finding and Fixing Spurious Patterns with Explanations},
author={Gregory Plumb and Marco Tulio Ribeiro and Ameet Talwalkar},
journal={Transactions on Machine Learning Research},
year={2022}
}

@inproceedings{qiu2024complexity,
      title={Complexity Matters: Dynamics of Feature Learning in the Presence of Spurious Correlations}, 
      author={GuanWen Qiu and Da Kuang and Surbhi Goel},
      year={2024},
 booktitle={International Conference on Machine Learning (ICML)}
}

@InProceedings{rahaman2019spectral,
  title = {On the Spectral Bias of Neural Networks},
  author = {Rahaman, Nasim and Baratin, Aristide and Arpit, Devansh and Draxler, Felix and Lin, Min and Hamprecht, Fred and Bengio, Yoshua and Courville, Aaron},
  booktitle = {Proceedings of the 36th International Conference on Machine Learning},
  year = {2019},
}

@inproceedings{rahimi2007random,
  title={Random features for large-scale kernel machines},
  author={Rahimi, Ali and Recht, Benjamin},
  booktitle={Advances in Neural Information Processing Systems},
  year={2007}
}

@inproceedings{sagawa2020a,
title={Distributionally Robust Neural Networks for Group Shifts: On the Importance of Regularization for Worst-Case Generalization},
author={Shiori Sagawa and Pang Wei Koh and Tatsunori B. Hashimoto and Percy Liang},
booktitle={International Conference on Learning Representations},
year={2020},
}

@InProceedings{sagawa2020b,
  title = 	 {An Investigation of Why Overparameterization Exacerbates Spurious Correlations},
  author =       {Sagawa, Shiori and Raghunathan, Aditi and Koh, Pang Wei and Liang, Percy},
  booktitle = 	 {Proceedings of the 37th International Conference on Machine Learning},
  pages = 	 {8346--8356},
  year = 	 {2020},
  volume = 	 {119},
  series = 	 {Proceedings of Machine Learning Research},
}

@inproceedings{seonguk22bias, title={Information-Theoretic Bias Reduction via Causal View of Spurious Correlation}, booktitle={AAAI Conference on Artificial Intelligence}, author={Seo, Seonguk and Lee, Joon-Young and Han, Bohyung}, year={2022}}

@inproceedings{shah2020pitfalls,
 author = {Shah, Harshay and Tamuly, Kaustav and Raghunathan, Aditi and Jain, Prateek and Netrapalli, Praneeth},
 booktitle = {Advances in Neural Information Processing Systems},
 title = {The Pitfalls of Simplicity Bias in Neural Networks},
 year = {2020}
}

@article{song2024generalization,
  title={Generalization error of min-norm interpolators in transfer learning},
  author={Song, Yanke and Bhattacharya, Sohom and Sur, Pragya},
  journal={arXiv preprint arXiv:2406.13944},
  year={2024}
}

@inproceedings{thrampoulidis2015regularized,
  title={Regularized linear regression: A precise analysis of the estimation error},
  author={Thrampoulidis, Christos and Oymak, Samet and Hassibi, Babak},
  booktitle={Conference on Learning Theory},
  pages={1683--1709},
  year={2015},
  organization={PMLR}
}

@InProceedings{tiwari2023overcoming,
  title = 	 {Overcoming Simplicity Bias in Deep Networks using a Feature Sieve},
  author =       {Tiwari, Rishabh and Shenoy, Pradeep},
  booktitle = 	 {Proceedings of the 40th International Conference on Machine Learning},
  year = 	 {2023},
}

@inproceedings{xiao2021noise,
title={Noise or Signal: The Role of Image Backgrounds in Object Recognition},
author={Kai Yuanqing Xiao and Logan Engstrom and Andrew Ilyas and Aleksander Madry},
booktitle={International Conference on Learning Representations (ICLR)},
year={2021},
}

@article{yang2023precise,
      title={Precise High-Dimensional Asymptotics for Quantifying Heterogeneous Transfers}, 
      author={Fan Yang and Hongyang R. Zhang and Sen Wu and Christopher Ré and Weijie J. Su},
      year={2023},
      journal={arXiv preprint arXiv:2010.11750}
}

@InProceedings{zhou21combating,
  title = 	 {Examining and Combating Spurious Features under Distribution Shift},
  author =       {Zhou, Chunting and Ma, Xuezhe and Michel, Paul and Neubig, Graham},
  booktitle = 	 {International Conference on Machine Learning (ICML)},
  year = 	 {2021}
}

@inproceedings{zliobaite15,
title = "On the relation between accuracy and fairness in binary classification",
author = "Indre Zliobaite",
year = "2015",
booktitle = "2nd ICML Workshop on Fairness, Accountability, and Transparency in Machine Learning (FATML)",
}

