@String(PAMI = {IEEE Trans. Pattern Anal. Mach. Intell.})
@String(IJCV = {Int. J. Comput. Vis.})
@String(CVPR= {IEEE Conf. Comput. Vis. Pattern Recog.})
@String(ICCV= {Int. Conf. Comput. Vis.})
@String(ECCV= {Eur. Conf. Comput. Vis.})
@String(NIPS= {Adv. Neural Inform. Process. Syst.})
@String(ICPR = {Int. Conf. Pattern Recog.})
@String(BMVC= {Brit. Mach. Vis. Conf.})
@String(TOG= {ACM Trans. Graph.})
@String(TIP  = {IEEE Trans. Image Process.})
@String(TVCG  = {IEEE Trans. Vis. Comput. Graph.})
@String(TMM  = {IEEE Trans. Multimedia})
@String(ACMMM= {ACM Int. Conf. Multimedia})
@String(ICME = {Int. Conf. Multimedia and Expo})
@String(ICASSP=	{ICASSP})
@String(ICIP = {IEEE Int. Conf. Image Process.})
@String(ACCV  = {ACCV})
@String(ICLR = {Int. Conf. Learn. Represent.})
@String(IJCAI = {IJCAI})
@String(PR   = {Pattern Recognition})
@String(AAAI = {AAAI})
@String(CVPRW= {IEEE Conf. Comput. Vis. Pattern Recog. Worksh.})
@String(CSVT = {IEEE Trans. Circuit Syst. Video Technol.})

@String(SPL	= {IEEE Sign. Process. Letters})
@String(VR   = {Vis. Res.})
@String(JOV	 = {J. Vis.})
@String(TVC  = {The Vis. Comput.})
@String(JCST  = {J. Comput. Sci. Tech.})
@String(CGF  = {Comput. Graph. Forum})
@String(CVM = {Computational Visual Media})


@String(PAMI  = {IEEE TPAMI})
@String(IJCV  = {IJCV})
@String(CVPR  = {CVPR})
@String(ICCV  = {ICCV})
@String(ECCV  = {ECCV})
@String(NIPS  = {NeurIPS})
@String(ICPR  = {ICPR})
@String(BMVC  =	{BMVC})
@String(TOG   = {ACM TOG})
@String(TIP   = {IEEE TIP})
@String(TVCG  = {IEEE TVCG})
@String(TCSVT = {IEEE TCSVT})
@String(TMM   =	{IEEE TMM})
@String(ACMMM = {ACM MM})
@String(ICME  =	{ICME})
@String(ICASSP=	{ICASSP})
@String(ICIP  = {ICIP})
@String(ACCV  = {ACCV})
@String(ICLR  = {ICLR})
@String(IJCAI = {IJCAI})
@String(PR = {PR})
@String(AAAI = {AAAI})
@String(CVPRW= {CVPRW})
@String(CSVT = {IEEE TCSVT})


%new additions
@InProceedings{Qi_2024_CVPR,
    author    = {Qi, Haozhe and Zhao, Chen and Salzmann, Mathieu and Mathis, Alexander},
    title     = {HOISDF: Constraining 3D Hand-Object Pose Estimation with Global Signed Distance Fields},
    booktitle = {CVPR},
    year      = {2024}
}

@inproceedings{pavlakos2024reconstructing,
  title={Reconstructing hands in 3d with transformers},
  author={Pavlakos, Georgios and Shan, Dandan and Radosavovic, Ilija and Kanazawa, Angjoo and Fouhey, David and Malik, Jitendra},
  booktitle={CVPR},
  year={2024}
}


@inproceedings{brahmbhatt2020contactpose,
  title={ContactPose: A dataset of grasps with object contact and hand pose},
  author={Brahmbhatt, Samarth and Tang, Chengcheng and Twigg, Christopher D and Kemp, Charles C and Hays, James},
  booktitle={ECCV},
  year={2020}
}

@inproceedings{li2022interacting,
  title={Interacting attention graph for single image two-hand reconstruction},
  author={Li, Mengcheng and An, Liang and Zhang, Hongwen and Wu, Lianpeng and Chen, Feng and Yu, Tao and Liu, Yebin},
  booktitle={CVPR},
  year={2022}
} 

@inproceedings{zhang2021interacting,
  title={Interacting two-hand 3d pose and shape reconstruction from single color image},
  author={Zhang, Baowen and Wang, Yangang and Deng, Xiaoming and Zhang, Yinda and Tan, Ping and Ma, Cuixia and Wang, Hongan},
  booktitle={CVPR},
  year={2021}
}

@InProceedings{Zhang_2024_WACV,
    author    = {Zhang, Pengfei and Kong, Deying},
    title     = {Handformer2T: A Lightweight Regression-Based Model for Interacting Hands Pose Estimation From a Single RGB Image},
    booktitle = {WACV},
    year      = {2024}
}


@InProceedings{Lee_2023_CVPR,
    author    = {Lee, Jihyun and Sung, Minhyuk and Choi, Honggyu and Kim, Tae-Kyun},
    title     = {Im2Hands: Learning Attentive Implicit Representation of Interacting Two-Hand Shapes},
    booktitle = {CVPR},
    year      = {2023},
}


@article{han2022survey,
  title={A survey on vision transformer},
  author={Han, Kai and Wang, Yunhe and Chen, Hanting and Chen, Xinghao and Guo, Jianyuan and Liu, Zhenhua and Tang, Yehui and Xiao, An and Xu, Chunjing and Xu, Yixing and others},
  journal ={PAMI},
  year={2022}
}


@inproceedings{huang2020hand,
  title={Hand-transformer: Non-autoregressive structured modeling for 3d hand pose estimation},
  author={Huang, Lin and Tan, Jianchao and Liu, Ji and Yuan, Junsong},
  booktitle={ECCV},
  year={2020}
}

@inproceedings{wang2023interacting,
  title={Interacting Hand-Object Pose Estimation via Dense Mutual Attention},
  author={Wang, Rong and Mao, Wei and Li, Hongdong},
  booktitle={WACV},
  year={2023}
}

@article{yin2021graph,
  title={Graph neural network for 6D object pose estimation},
  author={Yin, Pengshuai and Ye, Jiayong and Lin, Guoshen and Wu, Qingyao},
  journal={Knowledge-Based Systems},
  year={2021},
  publisher={Elsevier}
}

@inproceedings{peng2019pvnet,
  title={Pvnet: Pixel-wise voting network for 6dof pose estimation},
  author={Peng, Sida and Liu, Yuan and Huang, Qixing and Zhou, Xiaowei and Bao, Hujun},
  booktitle={CVPR},
  year={2019}
}

@inproceedings{wang2021gdr,
  title={Gdr-net: Geometry-guided direct regression network for monocular 6d object pose estimation},
  author={Wang, Gu and Manhardt, Fabian and Tombari, Federico and Ji, Xiangyang},
  booktitle={CVPR},
  year={2021}
}

@inproceedings{li2018deepim,
  title={Deepim: Deep iterative matching for 6d pose estimation},
  author={Li, Yi and Wang, Gu and Ji, Xiangyang and Xiang, Yu and Fox, Dieter},
  booktitle={ECCV},
  year={2018}
}

@inproceedings{taheri2020grab,
  title={GRAB: A dataset of whole-body human grasping of objects},
  author={Taheri, Omid and Ghorbani, Nima and Black, Michael J and Tzionas, Dimitrios},
  booktitle={ECCV},
  year={2020}
}

@inproceedings{yang2022artiboost,
  title={ArtiBoost: Boosting articulated 3d hand-object pose estimation via online exploration and synthesis},
  author={Yang, Lixin and Li, Kailin and Zhan, Xinyu and Lv, Jun and Xu, Wenqiang and Li, Jiefeng and Lu, Cewu},
  booktitle={CVPR},
  year={2022}
}

@inproceedings{corona2020ganhand,
  title={Ganhand: Predicting human grasp affordances in multi-object scenes},
  author={Corona, Enric and Pumarola, Albert and Alenya, Guillem and Moreno-Noguer, Francesc and Rogez, Gregory},
  booktitle={CVPR},
  year={2020}
} 

@inproceedings{rehg1994visual,
  title={Visual tracking of high dof articulated structures: an application to human hand tracking},
  author={Rehg, James M and Kanade, Takeo},
  booktitle={ECCV},
  year={1994}
}

@inproceedings{spurr2020weakly,
  title={Weakly supervised 3d hand pose estimation via biomechanical constraints},
  author={Spurr, Adrian and Iqbal, Umar and Molchanov, Pavlo and Hilliges, Otmar and Kautz, Jan},
  booktitle={ECCV},
  year={2020}
}

@InProceedings{Huang_2023_nvf,
    title     = {Neural Voting Field for Camera-Space 3D Hand Pose Estimation},
    author    = {Huang, Lin and Lin, Chung-Ching and Lin, Kevin and Liang, Lin and Wang, Lijuan and Yuan, Junsong and Liu, Zicheng},
    booktitle = {CVPR},
    year      = {2023}
}

@InProceedings{Xiong_2019_a2j,
title = {A2J: Anchor-to-Joint Regression Network for 3D Articulated Pose Estimation From a Single Depth Image},
author = {Xiong, Fu and Zhang, Boshen and Xiao, Yang and Cao, Zhiguo and Yu, Taidong and Zhou, Joey Tianyi and Yuan, Junsong},
booktitle = {ICCV},
year = {2019}
}

@InProceedings{Jiang_2023_a2j-tran,
    title     = {A2J-Transformer: Anchor-to-Joint Transformer Network for 3D Interacting Hand Pose Estimation From a Single RGB Image},
    author    = {Jiang, Changlong and Xiao, Yang and Wu, Cunlin and Zhang, Mingyang and Zheng, Jinghong and Cao, Zhiguo and Zhou, Joey Tianyi},
    booktitle = {CVPR},
    year      = {2023},
}

@InProceedings{Qu_2023_nvshpe,
    title     = {Novel-View Synthesis and Pose Estimation for Hand-Object Interaction from Sparse Views},
    author    = {Qu, Wentian and Cui, Zhaopeng and Zhang, Yinda and Meng, Chenyu and Ma, Cuixia and Deng, Xiaoming and Wang, Hongan},
    booktitle = {ICCV},
    year      = {2023}
}

@InProceedings{Cheng_2023_handr2n2,
    title     = {HandR2N2: Iterative 3D Hand Pose Estimation Using a Residual Recurrent Neural Network},
    author    = {Cheng, Wencan and Ko, Jong Hwan},
    booktitle = {ICCV},
    year      = {2023},
}


@InProceedings{Zheng_2023_hamuco,
    title     = {HaMuCo: Hand Pose Estimation via Multiview Collaborative Self-Supervised Learning},
    author    = {Zheng, Xiaozheng and Wen, Chao and Xue, Zhou and Ren, Pengfei and Wang, Jingyu},
    booktitle = {ICCV},
    year      = {2023}
}


@inproceedings{vaswani2017attention,
 title = {Attention is All you Need},
 author = {Vaswani, Ashish and Shazeer, Noam and Parmar, Niki and Uszkoreit, Jakob and Jones, Llion and Gomez, Aidan N and Kaiser, \L ukasz and Polosukhin, Illia},
 booktitle = {NIPS},
 year = {2017}
}

%transformer-hands
@InProceedings{Fu_2023_ICCV,
    title     = {Deformer: Dynamic Fusion Transformer for Robust Hand Pose Estimation},
    author    = {Fu, Qichen and Liu, Xingyu and Xu, Ran and Niebles, Juan Carlos and Kitani, Kris M.},
    booktitle = {ICCV},
    year      = {2023},
}


@inproceedings{cho2023transformer,
  title={Transformer-Based Unified Recognition of Two Hands Manipulating Objects},
  author={Cho, Hoseong and Kim, Chanwoo and Kim, Jihyeon and Lee, Seongyeong and Ismayilzada, Elkhan and Baek, Seungryul},
  booktitle={CVPR},
  year={2023}
}

%%%% Object 6D pose 

%yolo6D
@inproceedings{kang2020yolo,
  title={YOLO-6D+: single shot 6D pose estimation using privileged silhouette information},
  author={Kang, Jia and Liu, Wenjun and Tu, Wenzhe and Yang, Lu},
  booktitle={ICIP},
  year={2020}
}

%EfficientPose
@article{bukschat2020efficientpose,
  title={EfficientPose: An efficient, accurate and scalable end-to-end 6D multi object pose estimation approach},
  author={Bukschat, Yannick and Vetter, Marcus},
  booktitle={arXiv:2011.04307},
  year={2020}
}


%YoloPose
@inproceedings{maji2022yolo,
  title={YOLO-Pose: Enhancing YOLO for Multi Person Pose Estimation Using Object Keypoint Similarity Loss},
  author={Maji, Debapriya and Nagori, Soyeb and Mathew, Manu and Poddar, Deepak},
  booktitle={CVPR},
  year={2022}
}


%%%%%hand and object pose estimation

%%% Hand pose estimation


% depth based, 2018
@inproceedings{baek2018augmented,
  title={Augmented skeleton space transfer for depth-based hand pose estimation},
  author={Baek, Seungryul and Kim, Kwang In and Kim, Tae-Kyun},
  booktitle={CVPR},
  year={2018}
}


%rgb based, 2017
@InProceedings{zimmerman_iccv2017,
  author    = {Christian Zimmermann and Thomas Brox},
  title     = {Learning to estimate 3D hand pose from single RGB images},
  booktitle = {ICCV},
  year      = {2017},
}

% RGB based, 2019
@inproceedings{baek2019pushing,
  title={Pushing the envelope for rgb-based dense 3d hand pose estimation via neural rendering},
  author={Baek, Seungryul and Kim, Kwang In and Kim, Tae-Kyun},
  booktitle={CVPR},
  year={2019}
}


% RGB based (two hand interaction based)
@inproceedings{kim2021end,
  title={End-to-end detection and pose estimation of two interacting hands},
  author={Kim, Dong Uk and Kim, Kwang In and Baek, Seungryul},
  booktitle={ICCV},
  year={2021}
}


% RGB based ( 2D pose, mesh)
@inproceedings{chen2022mobrecon,
  title={MobRecon: Mobile-Friendly Hand Mesh Reconstruction from Monocular Image},
  author={Chen, Xingyu and Liu, Yufeng and Dong, Yajiao and Zhang, Xiong and Ma, Chongyang and Xiong, Yanmin and Zhang, Yuan and Guo, Xiaoyan},
  booktitle={CVPR},
  year={2022}
}


% RGB video, hand interactions
@inproceedings{wang2020rgb2hands,
  title={Rgb2hands: real-time tracking of 3d hand interactions from monocular rgb video},
  author={Wang, Jiayi and Mueller, Franziska and Bernard, Florian and Sorli, Suzanne and Sotnychenko, Oleksandr and Qian, Neng and Otaduy, Miguel A and Casas, Dan and Theobalt, Christian},
  booktitle={SIGGRAPH},
  year={2020}
}

% RGB video
@inproceedings{chen2021temporal,
  title={Temporal-aware self-supervised learning for 3d hand pose and mesh estimation in videos},
  author={Chen, Liangjian and Lin, Shih-Yao and Xie, Yusheng and Lin, Yen-Yu and Xie, Xiaohui},
  booktitle={WACV},
  year={2021}
}


% Hand-object interaction based

@inproceedings{baek2020weakly,
  title={Weakly-Supervised Domain Adaptation via GAN and Mesh Model for Estimating 3D Hand Poses Interacting Objects},
  author={Baek, Seungryul and Kim, Kwang In and Kim, Tae-Kyun},
  booktitle={CVPR},
  year={2020}
}

% STGCN 
@inproceedings{yan2018spatial,
  title={Spatial temporal graph convolutional networks for skeleton-based action recognition},
  author={Yan, Sijie and Xiong, Yuanjun and Lin, Dahua},
  booktitle={Thirty-second AAAI conference on artificial intelligence},
  year={2018}
}

% 2s-AGCN
@inproceedings{shi2019two,
  title={Two-stream adaptive graph convolutional networks for skeleton-based action recognition},
  author={Shi, Lei and Zhang, Yifan and Cheng, Jian and Lu, Hanqing},
  booktitle={CVPR},
  year={2019}
}

% action recognition LSTM
@article{hochreiter1997long,
  title={Long short-term memory},
  author={Hochreiter, Sepp and Schmidhuber, J{\"u}rgen},
  journal={Neural computation},
  year={1997},
  publisher={MIT Press}
}


%%%%%%%%%% Object 6D pose

%posecnn, directly regression
@article{xiang2017posecnn,
  title={Posecnn: A convolutional neural network for 6d object pose estimation in cluttered scenes},
  author={Xiang, Yu and Schmidt, Tanner and Narayanan, Venkatraman and Fox, Dieter},
  journal={arXiv:1711.00199},
  year={2017}
}

%yolo6D
@inproceedings{tekin2018real,
  title={Real-time seamless single shot 6d object pose prediction},
  author={Tekin, Bugra and Sinha, Sudipta N and Fua, Pascal},
  booktitle={CVPR},
  year={2018}
}


%yolo9000
@inproceedings{redmon2017yolo9000,
  title={YOLO9000: better, faster, stronger},
  author={Redmon, Joseph and Farhadi, Ali},
  booktitle={CVPR},
  year={2017}
}

%ssd6D
@inproceedings{kehl2017ssd,
  title={Ssd-6d: Making rgb-based 3d detection and 6d pose estimation great again},
  author={Kehl, Wadim and Manhardt, Fabian and Tombari, Federico and Ilic, Slobodan and Navab, Nassir},
  booktitle={ICCV},
  year={2017}
}

%Repose
@inproceedings{iwase2021repose,
  title={RePOSE: Real-time iterative rendering and refinement for 6d object pose estimation},
  author={Iwase, Shun and Liu, Xingyu and Khirodkar, Rawal and Yokota, Rio and Kitani, Kris M},
  booktitle={ICCV},
  year={2021}
}

%RNNPose
@inproceedings{xu2022rnnpose,
  title={RNNPose: Recurrent 6-DoF Object Pose Refinement with Robust Correspondence Field Estimation and Pose Optimization},
  author={Xu, Yan and Lin, Kwan-Yee and Zhang, Guofeng and Wang, Xiaogang and Li, Hongsheng},
  booktitle={CVPR},
  year={2022}
}


% directly regression
@inproceedings{li2019cdpn,
  title={Cdpn: Coordinates-based disentangled pose network for real-time rgb-based 6-dof object pose estimation},
  author={Li, Zhigang and Wang, Gu and Ji, Xiangyang},
  booktitle={CVPR},
  year={2019}
}


@inproceedings{chen2020learning,
  title={Learning canonical shape space for category-level 6d object pose and size estimation},
  author={Chen, Dengsheng and Li, Jun and Wang, Zheng and Xu, Kai},
  booktitle={CVPR},
  year={2020}
}

%%%%%%%%%% Hand-object pose estimation
%hoi4d
@inproceedings{liu2022hoi4d,
  title={HOI4D: A 4D Egocentric Dataset for Category-Level Human-Object Interaction},
  author={Liu, Yunze and Liu, Yun and Jiang, Che and Lyu, Kangbo and Wan, Weikang and Shen, Hao and Liang, Boqiang and Fu, Zhoujie and Wang, He and Yi, Li},
  booktitle={CVPR},
  year={2022}
}

%H2o
@inproceedings{kwon2021h2o,
  title={H2o: Two hands manipulating objects for first person interaction recognition},
  author={Kwon, Taein and Tekin, Bugra and St{\"u}hmer, Jan and Bogo, Federica and Pollefeys, Marc},
  booktitle={CVPR},
  year={2021}
}


%DexYCB
@inproceedings{chao2021dexycb,
  title={DexYCB: A benchmark for capturing hand grasping of objects},
  author={Chao, Yu-Wei and Yang, Wei and Xiang, Yu and Molchanov, Pavlo and Handa, Ankur and Tremblay, Jonathan and Narang, Yashraj S and Van Wyk, Karl and Iqbal, Umar and Birchfield, Stan and others},
  booktitle={CVPR},
  year={2021}
}



%HO-3D
@inproceedings{hampali2020honnotate,
  title={Honnotate: A method for 3d annotation of hand and object poses},
  author={Hampali, Shreyas and Rad, Mahdi and Oberweger, Markus and Lepetit, Vincent},
  booktitle={CVPR},
  year={2020}
}


%OccNet
@inproceedings{park2022handoccnet,
  title={HandOccNet: Occlusion-Robust 3D Hand Mesh Estimation Network},
  author={Park, JoonKyu and Oh, Yeonguk and Moon, Gyeongsik and Choi, Hongsuk and Lee, Kyoung Mu},
  booktitle={CVPR},
  year={2022}
}



% Obman
@inproceedings{hasson2019learning,
  title={Learning joint reconstruction of hands and manipulated objects},
  author={Hasson, Yana and Varol, Gul and Tzionas, Dimitrios and Kalevatykh, Igor and Black, Michael J and Laptev, Ivan and Schmid, Cordelia},
  booktitle={CVPR},
  year={2019}
}

%HOPENet
@inproceedings{doosti2020hope,
  title={Hope-net: A graph-based model for hand-object pose estimation},
  author={Doosti, Bardia and Naha, Shujon and Mirbagheri, Majid and Crandall, David J},
  booktitle={CVPR},
  year={2020}
}

@article{lv2023detrs,
  title={DETRs beat YOLOs on real-time object detection},
      author={Wenyu Lv and Shangliang Xu and Yian Zhao and Guanzhong Wang and Jinman Wei and Cheng Cui and Yuning Du and Qingqing Dang and Yi Liu},
  journal={ArXiv:20304.08069},
  year={2023}
}

%Semi-sup HOPE, Contact Map
@inproceedings{liu2021semi,
  title={Semi-supervised 3d hand-object poses estimation with interactions in time},
  author={Liu, Shaowei and Jiang, Hanwen and Xu, Jiarui and Liu, Sifei and Wang, Xiaolong},
  booktitle={CVPR},
  year={2021}
}



%%%%%% Action recognition


% RGB-D video, 2018
@inproceedings{garcia2018first,
  title={First-person hand action benchmark with rgb-d videos and 3d hand pose annotations},
  author={Garcia-Hernando, Guillermo and Yuan, Shanxin and Baek, Seungryul and Kim, Tae-Kyun},
  booktitle={CVPR},
  year={2018}
}

%H+O

@inproceedings{tekin2019h+,
  title={H+ o: Unified egocentric recognition of 3d hand-object poses and interactions},
  author={Tekin, Bugra and Bogo, Federica and Pollefeys, Marc},
  booktitle={CVPR},
  year={2019}
}



%% MANO

@inproceedings{MANO:SIGGRAPHASIA:2017,
  title = {Embodied Hands: Modeling and Capturing Hands and Bodies Together},
  author = {Romero, Javier and Tzionas, Dimitrios and Black, Michael J.},
  doi = {http://doi.acm.org/10.1145/2072572.2072597},
  booktitle = {SIGGRAPH Asia},
  year = {2017},
}


% IK process 
@inproceedings{li2021hybrik,
  title={Hybrik: A hybrid analytical-neural inverse kinematics solution for 3d human pose and shape estimation},
  author={Li, Jiefeng and Xu, Chao and Chen, Zhicun and Bian, Siyuan and Yang, Lixin and Lu, Cewu},
  booktitle={CVPR},
  year={2021}
}

@inproceedings{aboukhadra2022thor,
  title={THOR-Net: End-to-end Graformer-based Realistic Two Hands and Object Reconstruction with Self-supervision},
  author={Aboukhadra, Ahmed Tawfik and Malik, Jameel and Elhayek, Ahmed and Robertini, Nadia and Stricker, Didier},
  booktitle={WACV},
  year={2023}
}

@InProceedings{wen2022hierarchical,
    title     = {Hierarchical Temporal Transformer for 3D Hand Pose Estimation and Action Recognition From Egocentric RGB Videos},
    author    = {Wen, Yilin and Pan, Hao and Yang, Lei and Pan, Jia and Komura, Taku and Wang, Wenping},
    booktitle = {CVPR},
    year      = {2023},
}

@inproceedings{hasson2020leveraging,
  title={Leveraging photometric consistency over time for sparsely supervised hand-object reconstruction},
  author={Hasson, Yana and Tekin, Bugra and Bogo, Federica and Laptev, Ivan and Pollefeys, Marc and Schmid, Cordelia},
  booktitle={CVPR},
  year={2020}
}

%c2d
@inproceedings{wang2018non,
  title={{Non-local neural networks}},
  author={Wang, Xiaolong and Girshick, Ross and Gupta, Abhinav and He, Kaiming},
  booktitle={CVPR},
  year={2018}
}

%I3D
@inproceedings{carreira2017quo,
  title={{Quo vadis, action recognition? a new model and the kinetics dataset}},
  author={Carreira, Joao and Zisserman, Andrew},
  booktitle={CVPR},
  year={2017}
}

%slowfast
@inproceedings{feichtenhofer2019slowfast,
  title={{Slowfast networks for video recognition}},
  author={Feichtenhofer, Christoph and Fan, Haoqi and Malik, Jitendra and He, Kaiming},
  booktitle={ICCV},
  year={2019}
}

%MoviNet
@inproceedings{Kondratyuk_2021_CVPR,
    title     = {MoViNets: Mobile Video Networks for Efficient Video Recognition},
    author    = {Kondratyuk, Dan and Yuan, Liangzhe and Li, Yandong and Zhang, Li and Tan, Mingxing and Brown, Matthew and Gong, Boqing},
    booktitle = {CVPR},
    year      = {2021},
}


%3Dconv
@inproceedings{tran2015learning,
  title={Learning spatiotemporal features with 3d convolutional networks},
  author={Tran, Du and Bourdev, Lubomir and Fergus, Rob and Torresani, Lorenzo and Paluri, Manohar},
  booktitle={ICCV},
  year={2015}
}

%ViViT
@inproceedings{arnab2021vivit,
  title={Vivit: A video vision transformer},
  author={Arnab, Anurag and Dehghani, Mostafa and Heigold, Georg and Sun, Chen and Lu{\v{c}}i{\'c}, Mario and Schmid, Cordelia},
  booktitle={ICCV},
  year={2021}
}

% PA
@article{gower1975generalized,
  title={Generalized procrustes analysis},
  author={Gower, John C},
  journal={Psychometrika},
  year={1975},
  publisher={Springer}
}

@inproceedings{bambach2015lending,
  title={Lending a hand: Detecting hands and recognizing activities in complex egocentric interactions},
  author={Bambach, Sven and Lee, Stefan and Crandall, David J and Yu, Chen},
  booktitle={ICCV},
  year={2015}
}

@inproceedings{fathi2011understanding,
  title={Understanding egocentric activities},
  author={Fathi, Alireza and Farhadi, Ali and Rehg, James M},
  booktitle={ICCV},
  year={2011},
}

@inproceedings{fathi2011learning,
  title={Learning to recognize objects in egocentric activities},
  author={Fathi, Alireza and Ren, Xiaofeng and Rehg, James M},
  booktitle={CVPR},
  year={2011},
}

@inproceedings{ma2016going,
  title={Going deeper into first-person activity recognition},
  author={Ma, Minghuang and Fan, Haoqi and Kitani, Kris M},
  booktitle={CVPR},
  year={2016}
}

@inproceedings{pirsiavash2012detecting,
  title={Detecting activities of daily living in first-person camera views},
  author={Pirsiavash, Hamed and Ramanan, Deva},
  booktitle={CVPR},
  year={2012},
}

@inproceedings{singh2016first,
  title={First person action recognition using deep learned descriptors},
  author={Singh, Suriya and Arora, Chetan and Jawahar, CV},
  booktitle={CVPR},
  year={2016}
}

%%%%%% Transformers in Vision

% vit
@inproceedings{dosovitskiy2020image,
  title={An image is worth 16x16 words: Transformers for image recognition at scale},
  author={Dosovitskiy, Alexey and Beyer, Lucas and Kolesnikov, Alexander and Weissenborn, Dirk and Zhai, Xiaohua and Unterthiner, Thomas and Dehghani, Mostafa and Minderer, Matthias and Heigold, Georg and Gelly, Sylvain and others},
  booktitle={ICLR},
  year={2021}
}


% Mesh graphormer
@inproceedings{lin2021mesh,
  title={Mesh graphormer},
  author={Lin, Kevin and Wang, Lijuan and Liu, Zicheng},
  booktitle={ICCV},
  year={2021}
}

% Mesh Transformer
@inproceedings{lin2021end,
  title={End-to-end human pose and mesh reconstruction with transformers},
  author={Lin, Kevin and Wang, Lijuan and Liu, Zicheng},
  booktitle={CVPR},
  year={2021}
}

% Keypoint transformer
@inproceedings{hampali2022keypoint,
  title={Keypoint Transformer: Solving Joint Identification in Challenging Hands and Object Interactions for Accurate 3D Pose Estimation},
  author={Hampali, Shreyas and Sarkar, Sayan Deb and Rad, Mahdi and Lepetit, Vincent},
  booktitle={CVPR},
  year={2022}
}


% DETR
@inproceedings{carion2020end,
  title={End-to-end object detection with transformers},
  author={Carion, Nicolas and Massa, Francisco and Synnaeve, Gabriel and Usunier, Nicolas and Kirillov, Alexander and Zagoruyko, Sergey},
  booktitle={ECCV},
  year={2020}
}

%Deformable DETR
@inproceedings{zhu2020deformable,
  title={Deformable detr: Deformable transformers for end-to-end object detection},
  author={Zhu, Xizhou and Su, Weijie and Lu, Lewei and Li, Bin and Wang, Xiaogang and Dai, Jifeng},
  booktitle={ICLR},
  year={2021}
}

%Anchor DETR
@inproceedings{wang2022anchor,
  title={Anchor detr: Query design for transformer-based detector},
  author={Wang, Yingming and Zhang, Xiangyu and Yang, Tong and Sun, Jian},
  booktitle={AAAI},
  year={2022}
}

%Efficient DETR, 
@inproceedings{yao2021efficient,
  title={Efficient detr: improving end-to-end object detector with dense prior},
  author={Yao, Zhuyu and Ai, Jiangbo and Li, Boxun and Zhang, Chi},
  booktitle={ICLR},
  year={2022}
}

%Dn-DETR / CVPR2022
@inproceedings{li2022dn,
  title={Dn-detr: Accelerate detr training by introducing query denoising},
  author={Li, Feng and Zhang, Hao and Liu, Shilong and Guo, Jian and Ni, Lionel M and Zhang, Lei},
  booktitle={CVPR},
  year={2022}
}

%DAB-DETR
@inproceedings{liu2022dab,
  title={DAB-DETR: Dynamic anchor boxes are better queries for DETR},
  author={Liu, Shilong and Li, Feng and Zhang, Hao and Yang, Xiao and Qi, Xianbiao and Su, Hang and Zhu, Jun and Zhang, Lei},
  booktitle={ICLR},
  year={2022}
}

% Decoder-Only DETR 
@article{lin2022d,
  title={D\^{} 2ETR: Decoder-Only DETR with Computationally Efficient Cross-Scale Attention},
  author={Lin, Junyu and Mao, Xiaofeng and Chen, Yuefeng and Xu, Lei and He, Yuan and Xue, Hui},
  journal={arXiv preprint arXiv:2203.00860},
  year={2022}
}



% Qpic
@inproceedings{tamura2021qpic,
  title={Qpic: Query-based pairwise human-object interaction detection with image-wide contextual information},
  author={Tamura, Masato and Ohashi, Hiroki and Yoshinaga, Tomoaki},
  booktitle={CVPR},
  year={2021}
}

% HOTR
@inproceedings{kim2021hotr,
  title={Hotr: End-to-end human-object interaction detection with transformers},
  author={Kim, Bumsoo and Lee, Junhyun and Kang, Jaewoo and Kim, Eun-Sol and Kim, Hyunwoo J},
  booktitle={CVPR},
  year={2021}
}

% MSTR
@inproceedings{kim2022mstr,
  title={MSTR: Multi-Scale Transformer for End-to-End Human-Object Interaction Detection},
  author={Kim, Bumsoo and Mun, Jonghwan and On, Kyoung-Woon and Shin, Minchul and Lee, Junhyun and Kim, Eun-Sol},
  booktitle={CVPR},
  year={2022}
}


% PETR
@inproceedings{liu2022petr,
  title={Petr: Position embedding transformation for multi-view 3d object detection},
  author={Liu, Yingfei and Wang, Tiancai and Zhang, Xiangyu and Sun, Jian},
  booktitle={ECCV},
  year={2022}
}

% interhand
@inproceedings{moon2020interhand2,
  title={Interhand2. 6m: A dataset and baseline for 3d interacting hand pose estimation from a single rgb image},
  author={Moon, Gyeongsik and Yu, Shoou-I and Wen, He and Shiratori, Takaaki and Lee, Kyoung Mu},
  booktitle={ECCV},
  year={2020}
}


% Snipper
@article{zou2022snipper,
  title={Snipper: A Spatiotemporal Transformer for Simultaneous Multi-Person 3D Pose Estimation Tracking and Forecasting on a Video Snippet},
  author={Zou, Shihao and Xu, Yuanlu and Li, Chao and Ma, Lingni and Cheng, Li and Vo, Minh},
  journal={CSVT},  
  year={2023}}

% Feature Extractor (Resnet)
@inproceedings{he2016deep,
  title={Deep residual learning for image recognition},
  author={He, Kaiming and Zhang, Xiangyu and Ren, Shaoqing and Sun, Jian},
  booktitle={CVPR},
  year={2016}
}

%%% contact map
@inproceedings{jiang2021hand,
  title={Hand-object contact consistency reasoning for human grasps generation},
  author={Jiang, Hanwen and Liu, Shaowei and Wang, Jiashun and Wang, Xiaolong},
  booktitle={CVPR},
  year={2021}
}

% sglee
@inproceedings{lee2023image,
  title={Image-free Domain Generalization via CLIP for 3D Hand Pose Estimation},
  author={Lee, Seongyeong and Park, Hansoo and Kim, Dong Uk and Kim, Jihyeon and Boboev, Muhammadjon and Baek, Seungryul},
  booktitle={WACV},
  year={2023}
}
%%

@inproceedings{armagan2020measuring,
  title={{Measuring generalisation to unseen viewpoints, articulations, shapes and objects for 3D hand pose estimation under hand-object interaction}},
  author={Anil Armagan and Guillermo Garcia-Hernando and Seungryul Baek and Shreyas Hampali and Mahdi Rad and Zhaohui Zhang and Shipeng Xie and Neo Chen and Boshen Zhang and Fu Xiong and Yang Xiao and Zhiguo Cao and Junsong Yuan and Pengfei Ren and Weiting Huang and haifeng sun and Marek Hrúz and Jakub Kanis and Zdeněk Krňoul and Qingfu Wan and Shile Li and Dongheui Lee and Linlin Yang and Angela Yao and Yun-Hui Liu and Adrian Spurr and Pavlo Molchanov and Umar Iqbal and Philippe Weinzaepfel and Romain Brégier and Grégory Rogez and Vincent Lepetit and Tae-Kyun Kim},
  booktitle={ECCV},
  year={2020}
}

%cha
@inproceedings{cha2022multi,
  title={Multi-Person 3D Pose and Shape Estimation via Inverse Kinematics and Refinement},
  author={Cha, Junuk and Saqlain, Muhammad and Kim, GeonU and Shin, Mingyu and Baek, Seungryul},
  booktitle={ECCV},
  year={2022},
}

@article{cha2021towards,
  title={Towards single 2D image-level self-supervision for 3D human pose and shape estimation},
  author={Cha, Junuk and Saqlain, Muhammad and Lee, Changhwa and Lee, Seongyeong and Lee, Seungeun and Kim, Donguk and Park, Won-Hee and Baek, Seungryul},
  journal={Applied Sciences},
  year={2021},
}

@article{cha2022learning,
  title={Learning 3D skeletal representation from transformer for action recognition},
  author={Cha, Junuk and Saqlain, Muhammad and Kim, Donguk and Lee, Seungeun and Lee, Seongyeong and Baek, Seungryul},
  journal={IEEE Access},
  year={2022},
}

@article{saqlain20223dmesh,
  title={3DMesh-GAR: 3D human body mesh-based method for group activity recognition},
  author={Saqlain, Muhammad and Kim, Donguk and Cha, Junuk and Lee, Changhwa and Lee, Seongyeong and Baek, Seungryul},
  journal={Sensors},
  year={2022},
}


@inproceedings{he2023fastinst,
  title={FastInst: A Simple Query-Based Model for Real-Time Instance Segmentation},
  author={He, Junjie and Li, Pengyu and Geng, Yifeng and Xie, Xuansong},
  booktitle={CVPR},
  year={2023},
}

@inproceedings{zhao2022graformer,
  title={Graformer: Graph-oriented transformer for 3d pose estimation},
  author={Zhao, Weixi and Wang, Weiqiang and Tian, Yunjie},
  booktitle={CVPR},
  year={2022}
}

@inproceedings{cheng2022sparse,
  title={Sparse instance activation for real-time instance segmentation},
  author={Cheng, Tianheng and Wang, Xinggang and Chen, Shaoyu and Zhang, Wenqiang and Zhang, Qian and Huang, Chang and Zhang, Zhaoxiang and Liu, Wenyu},
  booktitle={CVPR},
  year={2022}
}
@inproceedings{lin2017feature,
  title={Feature pyramid networks for object detection},
  author={Lin, Tsung-Yi and Doll{\'a}r, Piotr and Girshick, Ross and He, Kaiming and Hariharan, Bharath and Belongie, Serge},
  booktitle={CVPR},
  year={2017}
}

@inproceedings{zhao2017pyramid,
  title={Pyramid scene parsing network},
  author={Zhao, Hengshuang and Shi, Jianping and Qi, Xiaojuan and Wang, Xiaogang and Jia, Jiaya},
  booktitle={CVPR},
  year={2017}
}

% detectron2
@misc{wu2019detectron2,
  author =       {Yuxin Wu and Alexander Kirillov and Francisco Massa and
                  Wan-Yen Lo and Ross Girshick},
  title =        {Detectron2},
  howpublished = {\url{https://github.com/facebookresearch/detectron2}},
  year =         {2019}
}

% adamw
@inproceedings{loshchilov2018fixing,
  title={Decoupled weight decay regularization},
  author={Loshchilov, Ilya and Hutter, Frank},
  booktitle={ICLR},
  year={2019}
}

% hugarian algorithm
@article{kuhn1955hungarian,
  title={The Hungarian method for the assignment problem},
  author={Kuhn, Harold W},
  journal={Naval research logistics quarterly},
  year={1955}
}

@InProceedings{Cheng_2022_CVPR,
    title     = {Masked-Attention Mask Transformer for Universal Image Segmentation},
    author    = {Cheng, Bowen and Misra, Ishan and Schwing, Alexander G. and Kirillov, Alexander and Girdhar, Rohit},
    booktitle = {CVPR},
    year      = {2022},
}


@inproceedings{karunratanakul2020grasping,
  title={Grasping field: Learning implicit representations for human grasps},
  author={Karunratanakul, Korrawe and Yang, Jinlong and Zhang, Yan and Black, Michael J and Muandet, Krikamol and Tang, Siyu},
  booktitle={3DV},
  year={2020},
}

@inproceedings{yang2021cpf,
  title={CPF: Learning a contact potential field to model the hand-object interaction},
  author={Yang, Lixin and Zhan, Xinyu and Li, Kailin and Xu, Wenqiang and Li, Jiefeng and Lu, Cewu},
  booktitle={CVPR},
  year={2021}
}

@inproceedings{fan2025benchmarks,
  title={Benchmarks and challenges in pose estimation for egocentric hand interactions with objects},
  author={Fan, Zicong and Ohkawa, Takehiko and Yang, Linlin and Lin, Nie and Zhou, Zhishan and Zhou, Shihao and Liang, Jiajun and Gao, Zhong and Zhang, Xuanyang and Zhang, Xue and others},
  booktitle={ECCV},
  year={2025},
}

@inproceedings{cha2024text2hoi,
  title={Text2HOI: Text-guided 3D Motion Generation for Hand-Object Interaction},
  author={Cha, Junuk and Kim, Jihyeon and Yoon, Jae Shin and Baek, Seungryul},
  booktitle={CVPR},
  year={2024}
}

@inproceedings{fan2024hold,
  title={HOLD: Category-agnostic 3d reconstruction of interacting hands and objects from video},
  author={Fan, Zicong and Parelli, Maria and Kadoglou, Maria Eleni and Chen, Xu and Kocabas, Muhammed and Black, Michael J and Hilliges, Otmar},
  booktitle={CVPR},
  year={2024}
}