@InProceedings{Cheng_2022_CVPR,
    title     = {Masked-Attention Mask Transformer for Universal Image Segmentation},
    author    = {Cheng, Bowen and Misra, Ishan and Schwing, Alexander G. and Kirillov, Alexander and Girdhar, Rohit},
    booktitle = {CVPR},
    year      = {2022},
}

@InProceedings{Fu_2023_ICCV,
    title     = {Deformer: Dynamic Fusion Transformer for Robust Hand Pose Estimation},
    author    = {Fu, Qichen and Liu, Xingyu and Xu, Ran and Niebles, Juan Carlos and Kitani, Kris M.},
    booktitle = {ICCV},
    year      = {2023},
}

@InProceedings{Jiang_2023_a2j-tran,
    title     = {A2J-Transformer: Anchor-to-Joint Transformer Network for 3D Interacting Hand Pose Estimation From a Single RGB Image},
    author    = {Jiang, Changlong and Xiao, Yang and Wu, Cunlin and Zhang, Mingyang and Zheng, Jinghong and Cao, Zhiguo and Zhou, Joey Tianyi},
    booktitle = {CVPR},
    year      = {2023},
}

@InProceedings{Xiong_2019_a2j,
title = {A2J: Anchor-to-Joint Regression Network for 3D Articulated Pose Estimation From a Single Depth Image},
author = {Xiong, Fu and Zhang, Boshen and Xiao, Yang and Cao, Zhiguo and Yu, Taidong and Zhou, Joey Tianyi and Yuan, Junsong},
booktitle = {ICCV},
year = {2019}
}

@InProceedings{Zhang_2024_WACV,
    author    = {Zhang, Pengfei and Kong, Deying},
    title     = {Handformer2T: A Lightweight Regression-Based Model for Interacting Hands Pose Estimation From a Single RGB Image},
    booktitle = {WACV},
    year      = {2024}
}

@inproceedings{carion2020end,
  title={End-to-end object detection with transformers},
  author={Carion, Nicolas and Massa, Francisco and Synnaeve, Gabriel and Usunier, Nicolas and Kirillov, Alexander and Zagoruyko, Sergey},
  booktitle={ECCV},
  year={2020}
}

@inproceedings{cha2024text2hoi,
  title={Text2HOI: Text-guided 3D Motion Generation for Hand-Object Interaction},
  author={Cha, Junuk and Kim, Jihyeon and Yoon, Jae Shin and Baek, Seungryul},
  booktitle={CVPR},
  year={2024}
}

@inproceedings{cheng2022sparse,
  title={Sparse instance activation for real-time instance segmentation},
  author={Cheng, Tianheng and Wang, Xinggang and Chen, Shaoyu and Zhang, Wenqiang and Zhang, Qian and Huang, Chang and Zhang, Zhaoxiang and Liu, Wenyu},
  booktitle={CVPR},
  year={2022}
}

@inproceedings{cho2023transformer,
  title={Transformer-Based Unified Recognition of Two Hands Manipulating Objects},
  author={Cho, Hoseong and Kim, Chanwoo and Kim, Jihyeon and Lee, Seongyeong and Ismayilzada, Elkhan and Baek, Seungryul},
  booktitle={CVPR},
  year={2023}
}

@inproceedings{dosovitskiy2020image,
  title={An image is worth 16x16 words: Transformers for image recognition at scale},
  author={Dosovitskiy, Alexey and Beyer, Lucas and Kolesnikov, Alexander and Weissenborn, Dirk and Zhai, Xiaohua and Unterthiner, Thomas and Dehghani, Mostafa and Minderer, Matthias and Heigold, Georg and Gelly, Sylvain and others},
  booktitle={ICLR},
  year={2021}
}

@inproceedings{hampali2022keypoint,
  title={Keypoint Transformer: Solving Joint Identification in Challenging Hands and Object Interactions for Accurate 3D Pose Estimation},
  author={Hampali, Shreyas and Sarkar, Sayan Deb and Rad, Mahdi and Lepetit, Vincent},
  booktitle={CVPR},
  year={2022}
}

@article{han2022survey,
  title={A survey on vision transformer},
  author={Han, Kai and Wang, Yunhe and Chen, Hanting and Chen, Xinghao and Guo, Jianyuan and Liu, Zhenhua and Tang, Yehui and Xiao, An and Xu, Chunjing and Xu, Yixing and others},
  journal ={PAMI},
  year={2022}
}

@inproceedings{he2016deep,
  title={Deep residual learning for image recognition},
  author={He, Kaiming and Zhang, Xiangyu and Ren, Shaoqing and Sun, Jian},
  booktitle={CVPR},
  year={2016}
}

@inproceedings{huang2020hand,
  title={Hand-transformer: Non-autoregressive structured modeling for 3d hand pose estimation},
  author={Huang, Lin and Tan, Jianchao and Liu, Ji and Yuan, Junsong},
  booktitle={ECCV},
  year={2020}
}

@inproceedings{karunratanakul2020grasping,
  title={Grasping field: Learning implicit representations for human grasps},
  author={Karunratanakul, Korrawe and Yang, Jinlong and Zhang, Yan and Black, Michael J and Muandet, Krikamol and Tang, Siyu},
  booktitle={3DV},
  year={2020},
}

@inproceedings{li2022dn,
  title={Dn-detr: Accelerate detr training by introducing query denoising},
  author={Li, Feng and Zhang, Hao and Liu, Shilong and Guo, Jian and Ni, Lionel M and Zhang, Lei},
  booktitle={CVPR},
  year={2022}
}

@inproceedings{liu2021semi,
  title={Semi-supervised 3d hand-object poses estimation with interactions in time},
  author={Liu, Shaowei and Jiang, Hanwen and Xu, Jiarui and Liu, Sifei and Wang, Xiaolong},
  booktitle={CVPR},
  year={2021}
}

@inproceedings{liu2022dab,
  title={DAB-DETR: Dynamic anchor boxes are better queries for DETR},
  author={Liu, Shilong and Li, Feng and Zhang, Hao and Yang, Xiao and Qi, Xianbiao and Su, Hang and Zhu, Jun and Zhang, Lei},
  booktitle={ICLR},
  year={2022}
}

@inproceedings{pavlakos2024reconstructing,
  title={Reconstructing hands in 3d with transformers},
  author={Pavlakos, Georgios and Shan, Dandan and Radosavovic, Ilija and Kanazawa, Angjoo and Fouhey, David and Malik, Jitendra},
  booktitle={CVPR},
  year={2024}
}

@inproceedings{vaswani2017attention,
 title = {Attention is All you Need},
 author = {Vaswani, Ashish and Shazeer, Noam and Parmar, Niki and Uszkoreit, Jakob and Jones, Llion and Gomez, Aidan N and Kaiser, \L ukasz and Polosukhin, Illia},
 booktitle = {NIPS},
 year = {2017}
}

@inproceedings{wang2022anchor,
  title={Anchor detr: Query design for transformer-based detector},
  author={Wang, Yingming and Zhang, Xiangyu and Yang, Tong and Sun, Jian},
  booktitle={AAAI},
  year={2022}
}

@inproceedings{yang2021cpf,
  title={CPF: Learning a contact potential field to model the hand-object interaction},
  author={Yang, Lixin and Zhan, Xinyu and Li, Kailin and Xu, Wenqiang and Li, Jiefeng and Lu, Cewu},
  booktitle={CVPR},
  year={2021}
}

@inproceedings{yao2021efficient,
  title={Efficient detr: improving end-to-end object detector with dense prior},
  author={Yao, Zhuyu and Ai, Jiangbo and Li, Boxun and Zhang, Chi},
  booktitle={ICLR},
  year={2022}
}

