@String(PAMI = {IEEE Trans. Pattern Anal. Mach. Intell.})
@String(IJCV = {Int. J. Comput. Vis.})
@String(CVPR= {IEEE Conf. Comput. Vis. Pattern Recog.})
@String(ICCV= {Int. Conf. Comput. Vis.})
@String(ECCV= {Eur. Conf. Comput. Vis.})
@String(NIPS= {Adv. Neural Inform. Process. Syst.})
@String(ICPR = {Int. Conf. Pattern Recog.})
@String(BMVC= {Brit. Mach. Vis. Conf.})
@String(TOG= {ACM Trans. Graph.})
@String(TIP  = {IEEE Trans. Image Process.})
@String(TVCG  = {IEEE Trans. Vis. Comput. Graph.})
@String(TMM  = {IEEE Trans. Multimedia})
@String(ACMMM= {ACM Int. Conf. Multimedia})
@String(ICME = {Int. Conf. Multimedia and Expo})
@String(ICASSP=	{ICASSP})
@String(ICIP = {IEEE Int. Conf. Image Process.})
@String(ACCV  = {ACCV})
@String(ICLR = {Int. Conf. Learn. Represent.})
@String(IJCAI = {IJCAI})
@String(PR   = {Pattern Recognition})
@String(AAAI = {AAAI})
@String(CVPRW= {IEEE Conf. Comput. Vis. Pattern Recog. Worksh.})
@String(CSVT = {IEEE Trans. Circuit Syst. Video Technol.})

@String(SPL	= {IEEE Sign. Process. Letters})
@String(VR   = {Vis. Res.})
@String(JOV	 = {J. Vis.})
@String(TVC  = {The Vis. Comput.})
@String(JCST  = {J. Comput. Sci. Tech.})
@String(CGF  = {Comput. Graph. Forum})
@String(CVM = {Computational Visual Media})


@String(PAMI  = {IEEE TPAMI})
@String(IJCV  = {IJCV})
@String(CVPR  = {CVPR})
@String(ICCV  = {ICCV})
@String(ECCV  = {ECCV})
@String(NIPS  = {NeurIPS})
@String(ICPR  = {ICPR})
@String(BMVC  =	{BMVC})
@String(TOG   = {ACM TOG})
@String(TIP   = {IEEE TIP})
@String(TVCG  = {IEEE TVCG})
@String(TCSVT = {IEEE TCSVT})
@String(TMM   =	{IEEE TMM})
@String(ACMMM = {ACM MM})
@String(ICME  =	{ICME})
@String(ICASSP=	{ICASSP})
@String(ICIP  = {ICIP})
@String(ACCV  = {ACCV})
@String(ICLR  = {ICLR})
@String(IJCAI = {IJCAI})
@String(PR = {PR})
@String(AAAI = {AAAI})
@String(CVPRW= {CVPRW})
@String(CSVT = {IEEE TCSVT})


@misc{Authors14,
 author = {FirstName LastName},
 title = {The frobnicatable foo filter},
 note = {Face and Gesture submission ID 324. Supplied as supplemental material {\tt fg324.pdf}},
 year = 2014
}

@misc{Authors14b,
 author = {FirstName LastName},
 title = {Frobnication tutorial},
 note = {Supplied as supplemental material {\tt tr.pdf}},
 year = 2014
}

@article{Alpher02,
author = {FirstName Alpher},
title = {Frobnication},
journal = PAMI,
volume = 12,
number = 1,
pages = {234--778},
year = 2002
}

@article{Alpher03,
author = {FirstName Alpher and  FirstName Fotheringham-Smythe},
title = {Frobnication revisited},
journal = {Journal of Foo},
volume = 13,
number = 1,
pages = {234--778},
year = 2003
}

@article{Alpher04,
author = {FirstName Alpher and FirstName Fotheringham-Smythe and FirstName Gamow},
title = {Can a machine frobnicate?},
journal = {Journal of Foo},
volume = 14,
number = 1,
pages = {234--778},
year = 2004
}

@inproceedings{Alpher05,
author = {FirstName Alpher and FirstName Gamow},
title = {Can a computer frobnicate?},
booktitle = CVPR,
pages = {234--778},
year = 2005
}

@inproceedings{ilse2018attention,
  title={Attention-based deep multiple instance learning},
  author={Ilse, Maximilian and Tomczak, Jakub and Welling, Max},
  booktitle={Proceedings of the International Conference on Machine Learning},
  pages={2127--2136},
  year={2018},
}

@inproceedings{li2021dual,
  title={Dual-stream multiple instance learning network for whole slide image classification with self-supervised contrastive learning},
  author={Li, Bin and Li, Yin and Eliceiri, Kevin W},
  booktitle={Proceedings of the IEEE/CVF Conference on Computer Vision and Pattern Recognition},
  pages={14318--14328},
  year={2021}
}

@inproceedings{H2MIL,
  author    = {Wentai Hou and
               Lequan Yu and
               Chengxuan Lin and
               Helong Huang and
               Rongshan Yu and
               Jing Qin and
               Liansheng Wang},
  title     = {H$^2$-{MIL}: Exploring Hierarchical Representation with Heterogeneous Multiple Instance Learning for Whole Slide Image Analysis},
  booktitle = {Proceedings of the AAAI Conference on Artificial Intelligence},
  pages     = {933--941},
  year      = {2022},
}

@article{shao2021transmil,
  title={Trans{MIL}: Transformer based correlated multiple instance learning for whole slide image classification},
  author={Shao, Zhuchen and Bian, Hao and Chen, Yang and Wang, Yifeng and Zhang, Jian and Ji, Xiangyang and others},
  journal={Advances in Neural Information Processing Systems},
  volume={34},
  pages={2136--2147},
  year={2021}
}

@article{lu2021data,
  title={Data-efficient and weakly supervised computational pathology on whole-slide images},
  author={Lu, Ming Y and Williamson, Drew FK and Chen, Tiffany Y and Chen, Richard J and Barbieri, Matteo and Mahmood, Faisal},
  journal={Nature Biomedical Engineering},
  volume={5},
  number={6},
  pages={555--570},
  year={2021},
}

@article{zheng2021deep,
  author={Zheng, Yi and Gindra, Rushin H. and Green, Emily J. and Burks, Eric J. and Betke, Margrit and Beane, Jennifer E. and Kolachalama, Vijaya B.},
  journal={IEEE Transactions on Medical Imaging}, 
  title={A Graph-{T}ransformer for Whole Slide Image Classification}, 
  year={2022},
  volume={41},
  number={11},
  pages={3003-3015},
}

@inproceedings{zhang2022dtfd,
  title={D{TFD-MIL}: Double-Tier Feature Distillation Multiple Instance Learning for Histopathology Whole Slide Image Classification},
  author={Zhang, Hongrun and Meng, Yanda and Zhao, Yitian and Qiao, Yihong and Yang, Xiaoyun and Coupland, Sarah E and Zheng, Yalin},
  booktitle={Proceedings of the IEEE/CVF Conference on Computer Vision and Pattern Recognition},
  pages={18802--18812},
  year={2022}
}

@inproceedings{lin2023interventional,
  title={Interventional bag multi-instance learning on whole-slide pathological images},
  author={Lin, Tiancheng and Yu, Zhimiao and Hu, Hongyu and Xu, Yi and Chen, Chang-Wen},
  booktitle={Proceedings of the IEEE/CVF Conference on Computer Vision and Pattern Recognition},
  pages={19830--19839},
  year={2023}
}

@inproceedings{tang2023multiple,
  title={Multiple Instance Learning Framework with Masked Hard Instance Mining for Whole Slide Image Classification},
  author={Tang, Wenhao and Huang, Sheng and Zhang, Xiaoxian and Zhou, Fengtao and Zhang, Yi and Liu, Bo},
  booktitle={Proceedings of the IEEE/CVF International Conference on Computer Vision},
  pages={4078--4087},
  year={2023}
}

@inproceedings{li2023task,
  title={Task-specific fine-tuning via variational information bottleneck for weakly-supervised pathology whole slide image classification},
  author={Li, Honglin and Zhu, Chenglu and Zhang, Yunlong and Sun, Yuxuan and Shui, Zhongyi and Kuang, Wenwei and Zheng, Sunyi and Yang, Lin},
  booktitle={Proceedings of the IEEE/CVF Conference on Computer Vision and Pattern Recognition},
  pages={7454--7463},
  year={2023}
}

@inproceedings{lu2023visual,
  title={Visual Language Pretrained Multiple Instance Zero-Shot Transfer for Histopathology Images},
  author={Lu, Ming Y and Chen, Bowen and Zhang, Andrew and Williamson, Drew FK and Chen, Richard J and Ding, Tong and Le, Long Phi and Chuang, Yung-Sung and Mahmood, Faisal},
  booktitle={Proceedings of the IEEE/CVF Conference on Computer Vision and Pattern Recognition},
  pages={19764--19775},
  year={2023}
}

@inproceedings{he2016deep,
  title={Deep residual learning for image recognition},
  author={He, Kaiming and Zhang, Xiangyu and Ren, Shaoqing and Sun, Jian},
  booktitle={Proceedings of the IEEE Conference on Computer Vision and Pattern Recognition},
  pages={770--778},
  year={2016}
}

@inproceedings{deng2009imagenet,
  title={Image{N}et: A large-scale hierarchical image database},
  author={Deng, Jia and Dong, Wei and Socher, Richard and Li, Li-Jia and Li, Kai and Fei-Fei, Li},
  booktitle={Proceedings of the IEEE Conference on Computer Vision and Pattern Recognition},
  pages={248--255},
  year={2009},
  organization={IEEE}
}

@inproceedings{chan2023histopathology,
  title={Histopathology Whole Slide Image Analysis With Heterogeneous Graph Representation Learning},
  author={Chan, Tsai Hor and Cendra, Fernando Julio and Ma, Lan and Yin, Guosheng and Yu, Lequan},
  booktitle={Proceedings of the IEEE/CVF Conference on Computer Vision and Pattern Recognition},
  pages={15661--15670},
  year={2023}
}

@article{shi2023structure,
  title={A Structure-aware Hierarchical Graph-based Multiple Instance Learning Framework for p{T} Staging in Histopathological Image},
  author={Shi, Jiangbo and Tang, Lufei and Li, Yang and Zhang, Xianli and Gao, Zeyu and Zheng, Yefeng and Wang, Chunbao and Gong, Tieliang and Li, Chen},
  journal={IEEE Transactions on Medical Imaging},
  year={2023},
  volume={42},
  number={10},
  pages={3000-3011},
}

@ARTICLE{10244116,
  author={Shi, Jiangbo and Tang, Lufei and Gao, Zeyu and Li, Yang and Wang, Chunbao and Gong, Tieliang and Li, Chen and Fu, Huazhu},
  journal={IEEE Transactions on Medical Imaging}, 
  title={M{G}-{T}rans: Multi-Scale Graph Transformer With Information Bottleneck for Whole Slide Image Classification}, 
  year={2023},
  volume={42},
  number={12},
  pages={3871-3883},
}


@inproceedings{basak2023pseudo,
  title={Pseudo-Label Guided Contrastive Learning for Semi-Supervised Medical Image Segmentation},
  author={Basak, Hritam and Yin, Zhaozheng},
  booktitle={Proceedings of the IEEE/CVF Conference on Computer Vision and Pattern Recognition},
  pages={19786--19797},
  year={2023}
}

@InProceedings{Jiang_2023_CVPR,
    author    = {Jiang, Hao and Zhang, Rushan and Zhou, Yanning and Wang, Yumeng and Chen, Hao},
    title     = {Do{N}et: Deep De-Overlapping Network for Cytology Instance Segmentation},
    booktitle = {Proceedings of the IEEE/CVF Conference on Computer Vision and Pattern Recognition},
    year      = {2023},
    pages     = {15641-15650}
}

@inproceedings{radford2021learning,
  title={Learning transferable visual models from natural language supervision},
  author={Radford, Alec and Kim, Jong Wook and Hallacy, Chris and Ramesh, Aditya and Goh, Gabriel and Agarwal, Sandhini and Sastry, Girish and Askell, Amanda and Mishkin, Pamela and Clark, Jack and others},
  booktitle={International Conference on Machine Learning},
  pages={8748--8763},
  year={2021},
}

@article{li2021align,
  title={Align before fuse: Vision and language representation learning with momentum distillation},
  author={Li, Junnan and Selvaraju, Ramprasaath and Gotmare, Akhilesh and Joty, Shafiq and Xiong, Caiming and Hoi, Steven Chu Hong},
  journal={Advances in Neural Information Processing Systems},
  volume={34},
  pages={9694--9705},
  year={2021}
}

@inproceedings{yu2023task,
  title={Task residual for tuning vision-language models},
  author={Yu, Tao and Lu, Zhihe and Jin, Xin and Chen, Zhibo and Wang, Xinchao},
  booktitle={Proceedings of the IEEE/CVF Conference on Computer Vision and Pattern Recognition},
  pages={10899--10909},
  year={2023}
}

@inproceedings{guo2023texts,
  title={Texts as images in prompt tuning for multi-label image recognition},
  author={Guo, Zixian and Dong, Bowen and Ji, Zhilong and Bai, Jinfeng and Guo, Yiwen and Zuo, Wangmeng},
  booktitle={Proceedings of the IEEE/CVF Conference on Computer Vision and Pattern Recognition},
  pages={2808--2817},
  year={2023}
}

@inproceedings{rao2022denseclip,
  title={Dense{CLIP}: Language-guided dense prediction with context-aware prompting},
  author={Rao, Yongming and Zhao, Wenliang and Chen, Guangyi and Tang, Yansong and Zhu, Zheng and Huang, Guan and Zhou, Jie and Lu, Jiwen},
  booktitle={Proceedings of the IEEE/CVF Conference on Computer Vision and Pattern Recognition},
  pages={18082--18091},
  year={2022}
}

@inproceedings{wu2023cora,
  title={C{ORA}: Adapting {CLIP} for Open-Vocabulary Detection with Region Prompting and Anchor Pre-Matching},
  author={Wu, Xiaoshi and Zhu, Feng and Zhao, Rui and Li, Hongsheng},
  booktitle={Proceedings of the IEEE/CVF Conference on Computer Vision and Pattern Recognition},
  pages={7031--7040},
  year={2023}
}

@inproceedings{zhong2022regionclip,
  title={Region{CLIP}: Region-based language-image pretraining},
  author={Zhong, Yiwu and Yang, Jianwei and Zhang, Pengchuan and Li, Chunyuan and Codella, Noel and Li, Liunian Harold and Zhou, Luowei and Dai, Xiyang and Yuan, Lu and Li, Yin and others},
  booktitle={Proceedings of the IEEE/CVF Conference on Computer Vision and Pattern Recognition},
  pages={16793--16803},
  year={2022}
}

@article{huang2023visual,
  title={A visual-language foundation model for pathology image analysis using medical {T}witter},
  author={Huang, Zhi and Bianchi, Federico and Yuksekgonul, Mert and Montine, Thomas J and Zou, James},
  journal={Nature Medicine},
  pages={1--10},
  year={2023},
}

@inproceedings{li2023scaling,
  title={Scaling language-image pre-training via masking},
  author={Li, Yanghao and Fan, Haoqi and Hu, Ronghang and Feichtenhofer, Christoph and He, Kaiming},
  booktitle={Proceedings of the IEEE/CVF Conference on Computer Vision and Pattern Recognition},
  pages={23390--23400},
  year={2023}
}

@article{fey2019fast,
  title={Fast graph representation learning with {P}y{T}orch {G}eometric},
  author={Fey, Matthias and Lenssen, Jan Eric},
  journal={arXiv preprint arXiv:1903.02428},
  year={2019}
}

@article{cui2021artificial,
  title={Artificial intelligence and computational pathology},
  author={Cui, Miao and Zhang, David Y},
  journal={Laboratory Investigation},
  volume={101},
  number={4},
  pages={412--422},
  year={2021},
  publisher={Elsevier}
}

@article{niazi2019digital,
  title={Digital pathology and artificial intelligence},
  author={Niazi, Muhammad Khalid Khan and Parwani, Anil V and Gurcan, Metin N},
  journal={The Lancet Oncology},
  volume={20},
  number={5},
  pages={e253--e261},
  year={2019}
}

@article{song2023artificial,
  title={Artificial intelligence for digital and computational pathology},
  author={Song, Andrew H and Jaume, Guillaume and Williamson, Drew FK and Lu, Ming Y and Vaidya, Anurag and Miller, Tiffany R and Mahmood, Faisal},
  journal={Nature Reviews Bioengineering},
  pages={1--20},
  year={2023},
}

@inproceedings{nakhli2023sparse,
  title={Sparse Multi-Modal Graph {T}ransformer With Shared-Context Processing for Representation Learning of Giga-Pixel Images},
  author={Nakhli, Ramin and Moghadam, Puria Azadi and Mi, Haoyang and Farahani, Hossein and Baras, Alexander and Gilks, Blake and Bashashati, Ali},
  pages={11547--11557},
  year={2023}
}

@inproceedings{ryu2023ocelot,
  title={O{CELOT}: Overlapped Cell on Tissue Dataset for Histopathology},
  author={Ryu, Jeongun and Puche, Aaron Valero and Shin, JaeWoong and Park, Seonwook and Brattoli, Biagio and Lee, Jinhee and Jung, Wonkyung and Cho, Soo Ick and Paeng, Kyunghyun and Ock, Chan-Young and others},
  booktitle={Proceedings of the IEEE/CVF Conference on Computer Vision and Pattern Recognition},
  pages={23902--23912},
  year={2023}
}

@article{lu2023towards,
  title={Towards a Visual-Language Foundation Model for Computational Pathology},
  author={Lu, Ming Y and Chen, Bowen and Williamson, Drew FK and Chen, Richard J and Liang, Ivy and Ding, Tong and Jaume, Guillaume and Odintsov, Igor and Zhang, Andrew and Le, Long Phi and others},
  journal={arXiv preprint arXiv:2307.12914},
  year={2023}
}

@article{zhou2022learning,
  title={Learning to prompt for vision-language models},
  author={Zhou, Kaiyang and Yang, Jingkang and Loy, Chen Change and Liu, Ziwei},
  journal={International Journal of Computer Vision},
  volume={130},
  number={9},
  pages={2337--2348},
  year={2022},
  publisher={Springer}
}

@article{gao2023clip,
  title={C{LIP}-{A}dapter: Better vision-language models with feature adapters},
  author={Gao, Peng and Geng, Shijie and Zhang, Renrui and Ma, Teli and Fang, Rongyao and Zhang, Yongfeng and Li, Hongsheng and Qiao, Yu},
  journal={International Journal of Computer Vision},
  pages={1--15},
  year={2023},
  publisher={Springer}
}

@inproceedings{gamper2021multiple,
  title={Multiple instance captioning: Learning representations from histopathology textbooks and articles},
  author={Gamper, Jevgenij and Rajpoot, Nasir},
  booktitle={Proceedings of the IEEE/CVF Conference on Computer Vision and Pattern Recognition},
  pages={16549--16559},
  year={2021}
}

@article{ikezogwo2023quilt,
  title={Quilt-1{M}: One million image-text pairs for histopathology},
  author={Ikezogwo, Wisdom and Seyfioglu, Saygin and Ghezloo, Fatemeh and Geva, Dylan and Sheikh Mohammed, Fatwir and Anand, Pavan Kumar and Krishna, Ranjay and Shapiro, Linda},
  journal={Advances in Neural Information Processing Systems},
  volume={36},
  year={2024}
}

@article{maron1997framework,
  title={A framework for multiple-instance learning},
  author={Maron, Oded and Lozano-P{\'e}rez, Tom{\'a}s},
  journal={Advances in Neural Information Processing Systems},
  volume={10},
  pages= {570--576},
  year={1997}
}

@inproceedings{khattak2023maple,
  title={Ma{P}le: Multi-modal prompt learning},
  author={Khattak, Muhammad Uzair and Rasheed, Hanoona and Maaz, Muhammad and Khan, Salman and Khan, Fahad Shahbaz},
  booktitle={Proceedings of the IEEE/CVF Conference on Computer Vision and Pattern Recognition},
  pages={19113--19122},
  year={2023}
}

@inproceedings{lin2023clip,
  title={C{LIP} is also an efficient segmenter: A text-driven approach for weakly supervised semantic segmentation},
  author={Lin, Yuqi and Chen, Minghao and Wang, Wenxiao and Wu, Boxi and Li, Ke and Lin, Binbin and Liu, Haifeng and He, Xiaofei},
  booktitle={Proceedings of the IEEE/CVF Conference on Computer Vision and Pattern Recognition},
  pages={15305--15314},
  year={2023}
}

@inproceedings{han20232vpt,
  title={E\textsuperscript{2}{VPT}: An Effective and Efficient Approach for Visual Prompt Tuning},
  author={Han, Cheng and Wang, Qifan and Cui, Yiming and Cao, Zhiwen and Wang, Wenguan and Qi, Siyuan and Liu, Dongfang},
  booktitle={Proceedings of the IEEE/CVF International Conference on Computer Vision},
  pages={17491--17502},
  year={2023}
}

@inproceedings{liu2023chatgpt,
  title={A {C}hat{GPT} Aided Explainable Framework for Zero-Shot Medical Image Diagnosis},
  author={Liu, Jiaxiang and Hu, Tianxiang and Zhang, Yan and Gai, Xiaotang and FENG, YANG and Liu, Zuozhu},
  booktitle={ICML 3rd Workshop on Interpretable Machine Learning in Healthcare},
  year={2023}
}

@inproceedings{pratt2023does,
  title={What does a platypus look like? generating customized prompts for zero-shot image classification},
  author={Pratt, Sarah and Covert, Ian and Liu, Rosanne and Farhadi, Ali},
  booktitle={Proceedings of the IEEE/CVF International Conference on Computer Vision},
  pages={15691--15701},
  year={2023}
}

@inproceedings{maniparambil2023enhancing,
  title={Enhancing {CLIP} with {GPT}-4: Harnessing Visual Descriptions as Prompts},
  author={Maniparambil, Mayug and Vorster, Chris and Molloy, Derek and Murphy, Noel and McGuinness, Kevin and O'Connor, Noel E},
  booktitle={Proceedings of the IEEE/CVF International Conference on Computer Vision},
  pages={262--271},
  year={2023}
}

@article{van2008visualizing,
  title={Visualizing data using t-{SNE}.},
  author={Van der Maaten, Laurens and Hinton, Geoffrey},
  journal={Journal of Machine Learning Research},
  volume={9},
  number={11},
  pages = {2579--2605},
  year={2008}
}

@inproceedings{huang2023conslide,
  title={Con{S}lide: Asynchronous Hierarchical Interaction {T}ransformer with Breakup-Reorganize Rehearsal for Continual Whole Slide Image Analysis},
  author={Huang, Yanyan and Zhao, Weiqin and Wang, Shujun and Fu, Yu and Jiang, Yuming and Yu, Lequan},
  booktitle={Proceedings of the IEEE/CVF International Conference on Computer Vision},
  pages={21349--21360},
  year={2023}
}

@inproceedings{ZhaoWYNY23,
  author       = {Weiqin Zhao and
                  Shujun Wang and
                  Maximus Yeung and
                  Tianye Niu and
                  Lequan Yu},
  title        = {Mul{GT}: Multi-Task Graph-Transformer with Task-Aware Knowledge Injection
                  and Domain Knowledge-Driven Pooling for Whole Slide Image Analysis},
  booktitle    = {Thirty-Seventh {AAAI} Conference on Artificial Intelligence},
  pages        = {3606--3614},
  year         = {2023},
}

@inproceedings{li2022blip,
  title={B{LIP}: Bootstrapping language-image pre-training for unified vision-language understanding and generation},
  author={Li, Junnan and Li, Dongxu and Xiong, Caiming and Hoi, Steven},
  booktitle={International Conference on Machine Learning},
  pages={12888--12900},
  year={2022},
  organization={PMLR}
}

@article{brown2020language,
  title={Language models are few-shot learners},
  author={Brown, Tom and Mann, Benjamin and Ryder, Nick and Subbiah, Melanie and Kaplan, Jared D and Dhariwal, Prafulla and Neelakantan, Arvind and Shyam, Pranav and Sastry, Girish and Askell, Amanda and others},
  journal={Advances in Neural Information Processing Systems},
  volume={33},
  pages={1877--1901},
  year={2020}
}

@inproceedings{zhang2023text,
  title={Text-Guided Foundation Model Adaptation for Pathological Image Classification},
  author={Zhang, Yunkun and Gao, Jin and Zhou, Mu and Wang, Xiaosong and Qiao, Yu and Zhang, Shaoting and Wang, Dequan},
  booktitle={International Conference on Medical Image Computing and Computer Assisted Intervention},
  pages={272--282},
  year={2023},
  organization={Springer}
}

@article{japanese2011japanese,
  title={Japanese classification of gastric carcinoma: 3rd English edition},
  author={Japanese Gastric Cancer Association},
  journal={Gastric cancer},
  volume={14},
  number={2},
  pages={101--112},
  year={2011},
  publisher={Springer}
}

@article{zhang2023large,
  title={Large-scale domain-specific pretraining for biomedical vision-language processing},
  author={Zhang, Sheng and Xu, Yanbo and Usuyama, Naoto and Bagga, Jaspreet and Tinn, Robert and Preston, Sam and Rao, Rajesh and Wei, Mu and Valluri, Naveen and Wong, Cliff and others},
  journal={arXiv preprint arXiv:2303.00915},
  year={2023}
}

@article{chowdhery2022palm,
  title={Pa{LM}: Scaling language modeling with {P}athways},
  author={Chowdhery, Aakanksha and Narang, Sharan and Devlin, Jacob and Bosma, Maarten and Mishra, Gaurav and Roberts, Adam and Barham, Paul and Chung, Hyung Won and Sutton, Charles and Gehrmann, Sebastian and others},
  journal={arXiv preprint arXiv:2204.02311},
  year={2022}
}

@article{touvron2023llama,
  title={L{L}a{MA}: Open and efficient foundation language models},
  author={Touvron, Hugo and Lavril, Thibaut and Izacard, Gautier and Martinet, Xavier and Lachaux, Marie-Anne and Lacroix, Timoth{\'e}e and Rozi{\`e}re, Baptiste and Goyal, Naman and Hambro, Eric and Azhar, Faisal and others},
  journal={arXiv preprint arXiv:2302.13971},
  year={2023}
}

@article{GPT4,
  title={G{PT}-4 Technical Report},
  author={OpenAI},
  journal={arXiv preprint arXiv:2303.08774},
  year={2023}
}

@inproceedings{xu2019camel,
  title={C{AMEL}: A weakly supervised learning framework for histopathology image segmentation},
  author={Xu, Gang and Song, Zhigang and Sun, Zhuo and Ku, Calvin and Yang, Zhe and Liu, Cancheng and Wang, Shuhao and Ma, Jianpeng and Xu, Wei},
  booktitle={Proceedings of the IEEE/CVF International Conference on computer vision},
  pages={10682--10691},
  year={2019}
}

@article{li2023weakly,
  title={Weakly supervised histopathology image segmentation with self-attention},
  author={Li, Kailu and Qian, Ziniu and Han, Yingnan and Eric, I and Chang, Chao and Wei, Bingzheng and Lai, Maode and Liao, Jing and Fan, Yubo and Xu, Yan},
  journal={Medical Image Analysis},
  volume={86},
  pages={102791},
  year={2023},
  publisher={Elsevier}
}

@article{qu2024rise,
  title={The Rise of AI Language Pathologists: Exploring Two-level Prompt Learning for Few-shot Weakly-supervised Whole Slide Image Classification},
  author={Qu, Linhao and Fu, Kexue and Wang, Manning and Song, Zhijian and others},
  journal={Advances in Neural Information Processing Systems},
  volume={36},
  year={2024}
}
