@inproceedings{H2MIL,
  author    = {Wentai Hou and
               Lequan Yu and
               Chengxuan Lin and
               Helong Huang and
               Rongshan Yu and
               Jing Qin and
               Liansheng Wang},
  title     = {H$^2$-{MIL}: Exploring Hierarchical Representation with Heterogeneous Multiple Instance Learning for Whole Slide Image Analysis},
  booktitle = {Proceedings of the AAAI Conference on Artificial Intelligence},
  pages     = {933--941},
  year      = {2022},
}

@article{gao2023clip,
  title={C{LIP}-{A}dapter: Better vision-language models with feature adapters},
  author={Gao, Peng and Geng, Shijie and Zhang, Renrui and Ma, Teli and Fang, Rongyao and Zhang, Yongfeng and Li, Hongsheng and Qiao, Yu},
  journal={International Journal of Computer Vision},
  pages={1--15},
  year={2023},
  publisher={Springer}
}

@inproceedings{guo2023texts,
  title={Texts as images in prompt tuning for multi-label image recognition},
  author={Guo, Zixian and Dong, Bowen and Ji, Zhilong and Bai, Jinfeng and Guo, Yiwen and Zuo, Wangmeng},
  booktitle={Proceedings of the IEEE/CVF Conference on Computer Vision and Pattern Recognition},
  pages={2808--2817},
  year={2023}
}

@inproceedings{han20232vpt,
  title={E\textsuperscript{2}{VPT}: An Effective and Efficient Approach for Visual Prompt Tuning},
  author={Han, Cheng and Wang, Qifan and Cui, Yiming and Cao, Zhiwen and Wang, Wenguan and Qi, Siyuan and Liu, Dongfang},
  booktitle={Proceedings of the IEEE/CVF International Conference on Computer Vision},
  pages={17491--17502},
  year={2023}
}

@inproceedings{huang2023conslide,
  title={Con{S}lide: Asynchronous Hierarchical Interaction {T}ransformer with Breakup-Reorganize Rehearsal for Continual Whole Slide Image Analysis},
  author={Huang, Yanyan and Zhao, Weiqin and Wang, Shujun and Fu, Yu and Jiang, Yuming and Yu, Lequan},
  booktitle={Proceedings of the IEEE/CVF International Conference on Computer Vision},
  pages={21349--21360},
  year={2023}
}

@article{huang2023visual,
  title={A visual-language foundation model for pathology image analysis using medical {T}witter},
  author={Huang, Zhi and Bianchi, Federico and Yuksekgonul, Mert and Montine, Thomas J and Zou, James},
  journal={Nature Medicine},
  pages={1--10},
  year={2023},
}

@article{ikezogwo2023quilt,
  title={Quilt-1{M}: One million image-text pairs for histopathology},
  author={Ikezogwo, Wisdom and Seyfioglu, Saygin and Ghezloo, Fatemeh and Geva, Dylan and Sheikh Mohammed, Fatwir and Anand, Pavan Kumar and Krishna, Ranjay and Shapiro, Linda},
  journal={Advances in Neural Information Processing Systems},
  volume={36},
  year={2024}
}

@inproceedings{ilse2018attention,
  title={Attention-based deep multiple instance learning},
  author={Ilse, Maximilian and Tomczak, Jakub and Welling, Max},
  booktitle={Proceedings of the International Conference on Machine Learning},
  pages={2127--2136},
  year={2018},
}

@inproceedings{khattak2023maple,
  title={Ma{P}le: Multi-modal prompt learning},
  author={Khattak, Muhammad Uzair and Rasheed, Hanoona and Maaz, Muhammad and Khan, Salman and Khan, Fahad Shahbaz},
  booktitle={Proceedings of the IEEE/CVF Conference on Computer Vision and Pattern Recognition},
  pages={19113--19122},
  year={2023}
}

@inproceedings{li2021dual,
  title={Dual-stream multiple instance learning network for whole slide image classification with self-supervised contrastive learning},
  author={Li, Bin and Li, Yin and Eliceiri, Kevin W},
  booktitle={Proceedings of the IEEE/CVF Conference on Computer Vision and Pattern Recognition},
  pages={14318--14328},
  year={2021}
}

@inproceedings{li2022blip,
  title={B{LIP}: Bootstrapping language-image pre-training for unified vision-language understanding and generation},
  author={Li, Junnan and Li, Dongxu and Xiong, Caiming and Hoi, Steven},
  booktitle={International Conference on Machine Learning},
  pages={12888--12900},
  year={2022},
  organization={PMLR}
}

@inproceedings{li2023scaling,
  title={Scaling language-image pre-training via masking},
  author={Li, Yanghao and Fan, Haoqi and Hu, Ronghang and Feichtenhofer, Christoph and He, Kaiming},
  booktitle={Proceedings of the IEEE/CVF Conference on Computer Vision and Pattern Recognition},
  pages={23390--23400},
  year={2023}
}

@inproceedings{lin2023clip,
  title={C{LIP} is also an efficient segmenter: A text-driven approach for weakly supervised semantic segmentation},
  author={Lin, Yuqi and Chen, Minghao and Wang, Wenxiao and Wu, Boxi and Li, Ke and Lin, Binbin and Liu, Haifeng and He, Xiaofei},
  booktitle={Proceedings of the IEEE/CVF Conference on Computer Vision and Pattern Recognition},
  pages={15305--15314},
  year={2023}
}

@inproceedings{lin2023interventional,
  title={Interventional bag multi-instance learning on whole-slide pathological images},
  author={Lin, Tiancheng and Yu, Zhimiao and Hu, Hongyu and Xu, Yi and Chen, Chang-Wen},
  booktitle={Proceedings of the IEEE/CVF Conference on Computer Vision and Pattern Recognition},
  pages={19830--19839},
  year={2023}
}

@article{lu2021data,
  title={Data-efficient and weakly supervised computational pathology on whole-slide images},
  author={Lu, Ming Y and Williamson, Drew FK and Chen, Tiffany Y and Chen, Richard J and Barbieri, Matteo and Mahmood, Faisal},
  journal={Nature Biomedical Engineering},
  volume={5},
  number={6},
  pages={555--570},
  year={2021},
}

@inproceedings{lu2023visual,
  title={Visual Language Pretrained Multiple Instance Zero-Shot Transfer for Histopathology Images},
  author={Lu, Ming Y and Chen, Bowen and Zhang, Andrew and Williamson, Drew FK and Chen, Richard J and Ding, Tong and Le, Long Phi and Chuang, Yung-Sung and Mahmood, Faisal},
  booktitle={Proceedings of the IEEE/CVF Conference on Computer Vision and Pattern Recognition},
  pages={19764--19775},
  year={2023}
}

@article{qu2024rise,
  title={The Rise of AI Language Pathologists: Exploring Two-level Prompt Learning for Few-shot Weakly-supervised Whole Slide Image Classification},
  author={Qu, Linhao and Fu, Kexue and Wang, Manning and Song, Zhijian and others},
  journal={Advances in Neural Information Processing Systems},
  volume={36},
  year={2024}
}

@inproceedings{radford2021learning,
  title={Learning transferable visual models from natural language supervision},
  author={Radford, Alec and Kim, Jong Wook and Hallacy, Chris and Ramesh, Aditya and Goh, Gabriel and Agarwal, Sandhini and Sastry, Girish and Askell, Amanda and Mishkin, Pamela and Clark, Jack and others},
  booktitle={International Conference on Machine Learning},
  pages={8748--8763},
  year={2021},
}

@article{shao2021transmil,
  title={Trans{MIL}: Transformer based correlated multiple instance learning for whole slide image classification},
  author={Shao, Zhuchen and Bian, Hao and Chen, Yang and Wang, Yifeng and Zhang, Jian and Ji, Xiangyang and others},
  journal={Advances in Neural Information Processing Systems},
  volume={34},
  pages={2136--2147},
  year={2021}
}

@inproceedings{yu2023task,
  title={Task residual for tuning vision-language models},
  author={Yu, Tao and Lu, Zhihe and Jin, Xin and Chen, Zhibo and Wang, Xinchao},
  booktitle={Proceedings of the IEEE/CVF Conference on Computer Vision and Pattern Recognition},
  pages={10899--10909},
  year={2023}
}

@inproceedings{zhang2022dtfd,
  title={D{TFD-MIL}: Double-Tier Feature Distillation Multiple Instance Learning for Histopathology Whole Slide Image Classification},
  author={Zhang, Hongrun and Meng, Yanda and Zhao, Yitian and Qiao, Yihong and Yang, Xiaoyun and Coupland, Sarah E and Zheng, Yalin},
  booktitle={Proceedings of the IEEE/CVF Conference on Computer Vision and Pattern Recognition},
  pages={18802--18812},
  year={2022}
}

@inproceedings{zhang2023text,
  title={Text-Guided Foundation Model Adaptation for Pathological Image Classification},
  author={Zhang, Yunkun and Gao, Jin and Zhou, Mu and Wang, Xiaosong and Qiao, Yu and Zhang, Shaoting and Wang, Dequan},
  booktitle={International Conference on Medical Image Computing and Computer Assisted Intervention},
  pages={272--282},
  year={2023},
  organization={Springer}
}

@article{zheng2021deep,
  author={Zheng, Yi and Gindra, Rushin H. and Green, Emily J. and Burks, Eric J. and Betke, Margrit and Beane, Jennifer E. and Kolachalama, Vijaya B.},
  journal={IEEE Transactions on Medical Imaging}, 
  title={A Graph-{T}ransformer for Whole Slide Image Classification}, 
  year={2022},
  volume={41},
  number={11},
  pages={3003-3015},
}

@article{zhou2022learning,
  title={Learning to prompt for vision-language models},
  author={Zhou, Kaiyang and Yang, Jingkang and Loy, Chen Change and Liu, Ziwei},
  journal={International Journal of Computer Vision},
  volume={130},
  number={9},
  pages={2337--2348},
  year={2022},
  publisher={Springer}
}

