@article{2024gpt4,
  author       = {OpenAI},
  title        = {{GPT-4} Technical Report},
  journal      = {CoRR},
  year         = {2023},
  eprinttype    = {arXiv},
}

@inproceedings{22cikmSpherical,
  author       = {Wenqiao Zhu and
                  Yesheng Xu and
                  Xin Huang and
                  Qiyang Min and
                  Xun Zhou},
  title        = {Spherical Graph Embedding for Item Retrieval in Recommendation System},
  booktitle    = {Proceedings of the 31st CIKM},
  pages        = {4752--4756},
  publisher    = {{ACM}},
  year         = {2022},
  
}

@inproceedings{aaai21sun,
  author    = {Li Sun and
               Zhongbao Zhang and
               Jiawei Zhang and
               Feiyang Wang and
               Hao Peng and
               Sen Su and
               Philip S. Yu},
  title     = {Hyperbolic Variational Graph Neural Network for Modeling Dynamic Graphs},
   booktitle    = {Proceedings of the 35th AAAI},
  pages     = {4375--4383},
  year      = {2021}
}

@inproceedings{aaai22selfMG,
  author       = {Li Sun and
                  Zhongbao Zhang and
                  Junda Ye and
                  Hao Peng and
                  Jiawei Zhang and
                  Sen Su and
                  Philip S. Yu},
  title        = {A Self-Supervised Mixed-Curvature Graph Neural Network},
  booktitle    = {Proceedings of the 36th AAAI} ,
  pages        = {4146--4155},
  year         = {2022}
}

@inproceedings{aaai23sun,
  title     = {Self-Supervised Continual Graph Learning in Adaptive Riemannian Spaces},
  author    = {Li Sun and 
                  Junda Ye  and
                   Hao Peng and
                   Feiyang Wang and
                   Philip S. Yu},
  booktitle    = {Proceedings of the 37th AAAI},
   pages     = {4633--4642},
  year      = {2023}
}

@inproceedings{aaai24sun,
  title     = {Motif-aware Riemannian Graph Neural Network with Generative-Contrastive Learning},
  author    = {Li Sun and 
                  Zhenhao Huang and
                   Zixi Wang and
                   Feiyang Wang and
                   Hao Peng and
                   Philip S. Yu},
  booktitle    = {Proceedings of the 38th AAAI},
  year      = {2024},
       pages     = {9044--9052}
}

@inproceedings{aaai25sun,
  author       = {Li Sun and
                  Ziheng Zhang and
                  Zixi Wang and
                  Yujie Wang and
                  Qiqi Wan and
                  Hao Li and 
                  Hao Peng and
                  Philip S. Yu},
  title        = {Pioneer: Physics-informed Riemannian Graph ODE for Entropy-increasing Dynamics},
  booktitle    = {Proceedings of the 39th AAAI},
  year         = {2025}
}

@article{arxiv22Gransformer,
  author       = {Ahmad Khajenezhad and
                  Seyed Ali Osia and
                  Mahmood Karimian and
                  Hamid Beigy},
  title        = {Gransformer: Transformer-based Graph Generation},
  journal      = {CoRR},
  volume       = {abs/2203.13655},
  year         = {2022},
  eprinttype    = {arXiv},
  eprint       = {2203.13655},
}

@article{arxiv24GraphContrastiveSurvey,
  author       = {Wei Ju and
                  Yifan Wang and
                  Yifang Qin and
                  Zhengyang Mao and
                  Zhiping Xiao and
                  Junyu Luo and
                  Junwei Yang and
                  Yiyang Gu and
                  Dongjie Wang and
                  Qingqing Long and
                  Siyu Yi and
                  Xiao Luo and
                  Ming Zhang},
  title        = {Towards Graph Contrastive Learning: {A} Survey and Beyond},
  journal      = {CoRR},
  volume       = {abs/2405.11868},
  year         = {2024},
  eprinttype    = {arXiv},
  eprint       = {2405.11868},
}

@inproceedings{cikm22sun,
  author       = {Li Sun and
                  Junda Ye and
                  Hao Peng and
                  Philip S. Yu},
  title        = {A Self-supervised Riemannian {GNN} with Time Varying Curvature for
                  Temporal Graph Learning},
  booktitle    = {Proceedings of the 31st CIKM},
  pages        = {1827--1836},
  year         = {2022}
  }

@inproceedings{cikm24wang,
  author       = {Yujie Wang and
                  Shuo Zhang and
                  Junda Ye and
                  Hao Peng and
                  Li Sun},
  title        = {A Mixed-Curvature Graph Diffusion Model},
  booktitle    = {Proceedings of the 33rd CIKM},
  pages        = {2482--2492},
  publisher    = {{ACM}},
  year         = {2024}
}

@inproceedings{icdm23sun,
  title     = {DeepRicci: Self-supervised Graph Structure-Feature Co-Refinement for Alleviating Over-squashing},
  author    = {Li Sun and 
                    Zhenhao Huang and
                    Hua Wu and
                  Junda Ye  and
                   Hao Peng and
                   Zhengtao Yu and
                   Philip S. Yu},
  booktitle    = {Proceedings of the 23rd ICDM},
     pages     = {558--567},
  year      = {2023}
}

@inproceedings{iclr19dgi,
    author       = {Petar Velickovic and
                  William Fedus and
                  William L. Hamilton and
                  Pietro Li{\`{o}} and
                  Yoshua Bengio and
                  R. Devon Hjelm},
  title        = {Deep Graph Infomax},
  booktitle    = {Proceedings of the 7th ICLR},
  year         = {2019}
}

@inproceedings{iclr19mixCurvature,
  title={Learning mixed-curvature representations in products of model spaces},
  author={Gu, Albert and Sala, Frederic and Gunel, Beliz and R{\'e}, Christopher},
  booktitle={Proceedings of the 7th ICLR},
  year={2019}
}

@inproceedings{iclr23lantentGraphProduct,
  author       = {Haitz S{\'{a}}ez de Oc{\'{a}}riz Borde and
                  Anees Kazi and
                  Federico Barbero and
                  Pietro Li{\`{o}}},
  title        = {Latent Graph Inference using Product Manifolds},
  booktitle    = {Proceedings of the 11th ICLR},
  publisher    = {OpenReview.net},
  year         = {2023}
}

@inproceedings{iclr24ofa,
  author       = {Hao Liu and
                  Jiarui Feng and
                  Lecheng Kong and
                  Ningyue Liang and
                  Dacheng Tao and
                  Yixin Chen and
                  Muhan Zhang},
  title        = {One For All: Towards Training One Graph Model For All Classification
                  Tasks},
  booktitle    = {Proceedings of the 12th ICLR},
  year         = {2024}
}

@inproceedings{icml19sgc,
  author       = {Felix Wu and
                  Amauri H. Souza Jr. and
                  Tianyi Zhang and
                  Christopher Fifty and
                  Tao Yu and
                  Kilian Q. Weinberger},
  title        = {Simplifying Graph Convolutional Networks},
  booktitle    = {Proceedings of the 36th ICML},
  volume       = {12858},
  pages        = {35--43},
  year         = {2019}
}

@inproceedings{icml20Constant,
  author       = {Gregor Bachmann and
                  Gary B{\'{e}}cigneul and
                  Octavian Ganea},
  title        = {Constant Curvature Graph Convolutional Networks},
  booktitle    = {Proceedings of the 37th ICML},
  volume       = {119},
  pages        = {486--496},
  publisher    = {{PMLR}},
  year         = {2020}
}

@inproceedings{icml24llaga,
  author       = {Runjin Chen and
                  Tong Zhao and
                  Ajay Kumar Jaiswal and
                  Neil Shah and
                  Zhangyang Wang},
  title        = {LLaGA: Large Language and Graph Assistant},
  booktitle    = {Proceedings of the 41st ICML},
  year         = {2024}
}

@inproceedings{icml24sun,
  author       = {Li Sun and
                  Zhenhao Huang and
                  Hao Peng and
                  Yujie Wang and
                  Chunyang Liu and
                  Philip S. Yu},
  title        = {LSEnet: Lorentz Structural Entropy Neural Network for Deep Graph Clustering},
  booktitle    = {Proceedings of the 41st ICML},
  year         = {2024}
}

@inproceedings{ijcai23sun,
  author       = {Li Sun and
                  Feiyang Wang and
                  Junda Ye and
                  Hao Peng and
                  Philip S. Yu},
  title        = {{Congregate:} Contrastive Graph Clustering in Curvature Spaces},
  booktitle    = {Proceedings of the 32nd IJCAI},
  pages        = {2296--2305},
  year         = {2023}
}

@inproceedings{kdd23all-in-one,
  author       = {Xiangguo Sun and
                  Hong Cheng and
                  Jia Li and
                  Bo Liu and
                  Jihong Guan},
  title        = {All in One: Multi-Task Prompting for Graph Neural Networks},
  booktitle    = {Proceedings of the 29th {SIGKDD}},
  pages        = {2120--2131},
  year         = {2023}
}

@inproceedings{kdd24gcope,
  author       = {Haihong Zhao and
                  Aochuan Chen and
                  Xiangguo Sun and
                  Hong Cheng and
                  Jia Li},
  title        = {All in One and One for All: {A} Simple yet Effective Method towards
                  Cross-domain Graph Pretraining},
  booktitle    = {Proceedings of the 30th  {SIGKDD}},
  pages        = {4443--4454},
  year         = {2024}
}

@inproceedings{nips16cnn,
  author       = {Micha{\"{e}}l Defferrard and
                  Xavier Bresson and
                  Pierre Vandergheynst},
  title        = {Convolutional Neural Networks on Graphs with Fast Localized Spectral
                  Filtering},
  booktitle    = {Advances in the 29th NeurIPS},
  pages        = {3837--3845},
  year         = {2016}
}

@inproceedings{nips17GraphSAGE,
  author       = {William L. Hamilton and
                  Zhitao Ying and
                  Jure Leskovec},
  title        = {Inductive Representation Learning on Large Graphs},
  booktitle    = {Advances in the 30th NeurIPS},
  pages        = {1024--1034},
  year         = {2017}
}

@inproceedings{nips18hnn,
  author       = {Octavian{-}Eugen Ganea and
                  Gary B{\'{e}}cigneul and
                  Thomas Hofmann},
  title        = {Hyperbolic Neural Networks},
  booktitle    = {Advances in the 31st NeurIPS},
  pages        = {5350--5360},
  year         = {2018}
}

@inproceedings{nips19hgcn,
  author       = {Ines Chami and
                  Zhitao Ying and
                  Christopher R{\'{e}} and
                  Jure Leskovec},
  title        = {Hyperbolic Graph Convolutional Neural Networks},
  booktitle    = {Advances in the 32nd NeurIPS},
  year         = {2019},
  pages        = {4869--4880}
}

@inproceedings{nips19sphericalText,
  author       = {Yu Meng and
                  Jiaxin Huang and
                  Guangyuan Wang and
                  Chao Zhang and
                  Honglei Zhuang and
                  Lance M. Kaplan and
                  Jiawei Han},
  title        = {Spherical Text Embedding},
  booktitle    = {Advances in the 32nd NeurIPS},
  pages        = {8206--8215},
  year         = {2019}
}

@inproceedings{nips24sun,
  author       = {Li Sun and
                  Zhenhao Huang and
                  Qiqi Wan and
                  Hao Peng and
                  Philip S. Yu},
  title        = {Spiking Graph Neural Network on Riemannian Manifolds},
  booktitle    = {Advances in NeurIPS},
  year         = {2024}
}

@inproceedings{www23graphmae2,
  author       = {Zhenyu Hou and
                  Yufei He and
                  Yukuo Cen and
                  Xiao Liu and
                  Yuxiao Dong and
                  Evgeny Kharlamov and
                  Jie Tang},
  title        = {GraphMAE2: {A} Decoding-Enhanced Masked Self-Supervised Graph Learner},
  booktitle    = {Proceedings of the {ACM} Web Conference (WWW)},
  pages        = {737--746},
  year         = {2023},
}

@inproceedings{www23ye,
  author       = {Junda Ye and
                  Zhongbao Zhang and
                  Li Sun and
                  Yang Yan and
                  Feiyang Wang and
                  Fuxin Ren},
  title        = {{SINCERE:} Sequential Interaction Networks representation learning
                  on Co-Evolving RiEmannian manifolds},
  booktitle    = {Proceedings of the {ACM} Web Conference (WWW)},
  pages        = {360--371},
  year         = {2023}
}

@inproceedings{www24sun,
  title     = {RicciNet: Deep Clustering via A Riemannian Generative Model},
  author    = {Li Sun and
                     Jingbin Hu and
                     Suyang Zhou and
                     Zhenhao Huang and
                     Junda Ye and
                     Hao Peng and
                     Zhengtao Yu and
                     Philip S. Yu},
  booktitle    = {Proceedings of the ACM Web Conference (WWW)},
         pages     = {4071--4082}, 
  year      = {2024}
}

@inproceedings{www2GraphAugmentation,
  author       = {Yanqiao Zhu and
                  Yichen Xu and
                  Feng Yu and
                  Qiang Liu and
                  Shu Wu and
                  Liang Wang},
  title        = {Graph Contrastive Learning with Adaptive Augmentation},
  booktitle    = {Proceedings of  the {ACM} Web Conference (WWW)},
  pages        = {2069--2080},
  publisher    = {{ACM} / {IW3C2}},
  year         = {2021},
}

@misc{xia2024anygraph,
      title={AnyGraph: Graph Foundation Model in the Wild}, 
      author={Lianghao Xia and Chao Huang},
      year={2024},
      eprint={2408.10700},
      archivePrefix={arXiv},
      
      
}

@inproceedings{xia2024opengraph,
  title={OpenGraph: Towards Open Graph Foundation Models},
  author={Xia, Lianghao and Kao, Ben and Huang, Chao},
  booktitle={Proceedings of the EMNLP},
  year={2024}
}

@misc{zhao2024graphany,
      title={GraphAny: A Foundation Model for Node Classification on Any Graph}, 
      author={Jianan Zhao and Hesham Mostafa and Mikhail Galkin and Michael Bronstein and Zhaocheng Zhu and Jian Tang},
      year={2024},
      eprint={2405.20445},
      archivePrefix={arXiv},
      
}

