@inproceedings{www23ye,
  author       = {Junda Ye and
                  Zhongbao Zhang and
                  Li Sun and
                  Yang Yan and
                  Feiyang Wang and
                  Fuxin Ren},
  title        = {{SINCERE:} Sequential Interaction Networks representation learning
                  on Co-Evolving RiEmannian manifolds},
  booktitle    = {Proceedings of the {ACM} Web Conference (WWW)},
  pages        = {360--371},
  year         = {2023}
}

@inproceedings{cikm24wang,
  author       = {Yujie Wang and
                  Shuo Zhang and
                  Junda Ye and
                  Hao Peng and
                  Li Sun},
  title        = {A Mixed-Curvature Graph Diffusion Model},
  booktitle    = {Proceedings of the 33rd CIKM},
  pages        = {2482--2492},
  publisher    = {{ACM}},
  year         = {2024}
}

@inproceedings{aaai22selfMG,
  author       = {Li Sun and
                  Zhongbao Zhang and
                  Junda Ye and
                  Hao Peng and
                  Jiawei Zhang and
                  Sen Su and
                  Philip S. Yu},
  title        = {A Self-Supervised Mixed-Curvature Graph Neural Network},
  booktitle    = {Proceedings of the 36th AAAI} ,
  pages        = {4146--4155},
  year         = {2022}
}

@inproceedings{aaai25sun,
  author       = {Li Sun and
                  Ziheng Zhang and
                  Zixi Wang and
                  Yujie Wang and
                  Qiqi Wan and
                  Hao Li and 
                  Hao Peng and
                  Philip S. Yu},
  title        = {Pioneer: Physics-informed Riemannian Graph ODE for Entropy-increasing Dynamics},
  booktitle    = {Proceedings of the 39th AAAI},
  year         = {2025}
}

@inproceedings{nips24sun,
  author       = {Li Sun and
                  Zhenhao Huang and
                  Qiqi Wan and
                  Hao Peng and
                  Philip S. Yu},
  title        = {Spiking Graph Neural Network on Riemannian Manifolds},
  booktitle    = {Advances in NeurIPS},
  year         = {2024}
}

@inproceedings{icml24sun,
  author       = {Li Sun and
                  Zhenhao Huang and
                  Hao Peng and
                  Yujie Wang and
                  Chunyang Liu and
                  Philip S. Yu},
  title        = {LSEnet: Lorentz Structural Entropy Neural Network for Deep Graph Clustering},
  booktitle    = {Proceedings of the 41st ICML},
  year         = {2024}
}

@inproceedings{www24sun,
  title     = {RicciNet: Deep Clustering via A Riemannian Generative Model},
  author    = {Li Sun and
                     Jingbin Hu and
                     Suyang Zhou and
                     Zhenhao Huang and
                     Junda Ye and
                     Hao Peng and
                     Zhengtao Yu and
                     Philip S. Yu},
  booktitle    = {Proceedings of the ACM Web Conference (WWW)},
         pages     = {4071--4082}, 
  year      = {2024}
}

@inproceedings{sigir24sun,
  title     = {R-ODE: Ricci Curvature Tells When You Will be Informed},
  author    = {Li Sun and
                     Jingbin Hu and
                    Mengjie Li and
                     Hao Peng},
  booktitle    = {Proceedings of the ACM SIGIR},
  year      = {2024}
}

@inproceedings{aaai24sun,
  title     = {Motif-aware Riemannian Graph Neural Network with Generative-Contrastive Learning},
  author    = {Li Sun and 
                  Zhenhao Huang and
                   Zixi Wang and
                   Feiyang Wang and
                   Hao Peng and
                   Philip S. Yu},
  booktitle    = {Proceedings of the 38th AAAI},
  year      = {2024},
       pages     = {9044--9052}
}

@inproceedings{ijcai23sun,
  author       = {Li Sun and
                  Feiyang Wang and
                  Junda Ye and
                  Hao Peng and
                  Philip S. Yu},
  title        = {{Congregate:} Contrastive Graph Clustering in Curvature Spaces},
  booktitle    = {Proceedings of the 32nd IJCAI},
  pages        = {2296--2305},
  year         = {2023}
}

@inproceedings{icdm23sun,
  title     = {DeepRicci: Self-supervised Graph Structure-Feature Co-Refinement for Alleviating Over-squashing},
  author    = {Li Sun and 
                    Zhenhao Huang and
                    Hua Wu and
                  Junda Ye  and
                   Hao Peng and
                   Zhengtao Yu and
                   Philip S. Yu},
  booktitle    = {Proceedings of the 23rd ICDM},
     pages     = {558--567},
  year      = {2023}
}

@inproceedings{aaai23sun,
  title     = {Self-Supervised Continual Graph Learning in Adaptive Riemannian Spaces},
  author    = {Li Sun and 
                  Junda Ye  and
                   Hao Peng and
                   Feiyang Wang and
                   Philip S. Yu},
  booktitle    = {Proceedings of the 37th AAAI},
   pages     = {4633--4642},
  year      = {2023}
}



@inproceedings{cikm22sun,
  author       = {Li Sun and
                  Junda Ye and
                  Hao Peng and
                  Philip S. Yu},
  title        = {A Self-supervised Riemannian {GNN} with Time Varying Curvature for
                  Temporal Graph Learning},
  booktitle    = {Proceedings of the 31st CIKM},
  pages        = {1827--1836},
  year         = {2022}
  }

@inproceedings{aaai21sun,
  author    = {Li Sun and
               Zhongbao Zhang and
               Jiawei Zhang and
               Feiyang Wang and
               Hao Peng and
               Sen Su and
               Philip S. Yu},
  title     = {Hyperbolic Variational Graph Neural Network for Modeling Dynamic Graphs},
   booktitle    = {Proceedings of the 35th AAAI},
  pages     = {4375--4383},
  year      = {2021}
}

















@inproceedings{nips19sphericalText,
  author       = {Yu Meng and
                  Jiaxin Huang and
                  Guangyuan Wang and
                  Chao Zhang and
                  Honglei Zhuang and
                  Lance M. Kaplan and
                  Jiawei Han},
  title        = {Spherical Text Embedding},
  booktitle    = {Advances in the 32nd NeurIPS},
  pages        = {8206--8215},
  year         = {2019}
}

@inproceedings{22cikmSpherical,
  author       = {Wenqiao Zhu and
                  Yesheng Xu and
                  Xin Huang and
                  Qiyang Min and
                  Xun Zhou},
  title        = {Spherical Graph Embedding for Item Retrieval in Recommendation System},
  booktitle    = {Proceedings of the 31st CIKM},
  pages        = {4752--4756},
  publisher    = {{ACM}},
  year         = {2022},
  
}

@inproceedings{iclr15Adam,
  author       = {Diederik P. Kingma and
                  Jimmy Ba},
  editor       = {Yoshua Bengio and
                  Yann LeCun},
  title        = {Adam: {A} Method for Stochastic Optimization},
  booktitle    = {Proceedings of the 3rd ICLR},
  year         = {2015},
}

@inproceedings{www21Lgcn,
  author       = {Yiding Zhang and
                  Xiao Wang and
                  Chuan Shi and
                  Nian Liu and
                  Guojie Song},
  title        = {Lorentzian Graph Convolutional Networks},
  booktitle    = {Proceedings of the {ACM} Web Conference (WWW)} ,
  pages        = {1249--1261},
  year         = {2021}
}

@inproceedings{nips19hgnn,
  author       = {Qi Liu and
                  Maximilian Nickel and
                  Douwe Kiela},
  title        = {Hyperbolic Graph Neural Networks},
  booktitle    = {Advances in the 32nd NeurIPS} ,
  pages        = {8228--8239},
  year         = {2019}
}

@inproceedings{acl22fullyHyper,
  author       = {Weize Chen and
                  Xu Han and
                  Yankai Lin and
                  Hexu Zhao and
                  Zhiyuan Liu and
                  Peng Li and
                  Maosong Sun and
                  Jie Zhou},
  title        = {Fully Hyperbolic Neural Networks},
  booktitle    = {Proceedings of the 60th ACL},
  pages        = {5672--5686},
  publisher    = {ACL},
  year         = {2022}
}

@inproceedings{iclr23HyLa,
  title={Random Laplacian Features for Learning with Hyperbolic Space},
  author={Tao Yu and 
              Chris De Sa},
  booktitle    = {Proceedings of the 11th ICLR} ,
  pages        = {1--23},
  year={2023},
  publisher    = {OpenReview.net}
}


@book{Petersen16,
  title     = "Riemannian Geometry, 3rd edition",
  author    = "Peter Petersen",
  year      = 2016,
  publisher = "Springer-Verlag"
}


@inproceedings{2012lowDistort,
  author       = {Rik Sarkar},
  title        = {Low Distortion Delaunay Embedding of Trees in Hyperbolic Plane},
  booktitle    = {Proceedings of the  19th International Symposium on Graph Drawing },
  pages        = {355--366},
  publisher    = {Springer},
  year         = {2011}
}


@inproceedings{acl24multiLLMsurvey,
  author       = {Davide Caffagni and
                  Federico Cocchi and
                  Luca Barsellotti and
                  Nicholas Moratelli and
                  Sara Sarto and
                  Lorenzo Baraldi and
                  Marcella Cornia and
                  Rita Cucchiara},
  title        = {The Revolution of Multimodal Large Language Models: {A} Survey},
  booktitle    = {Findings of the ACL},
  pages        = {13590--13618},
  publisher    = {ACL},
  year         = {2024}
}

@inproceedings{nips22QGCN,
  author       = {Bo Xiong and
                  Shichao Zhu and
                  Nico Potyka and
                  Shirui Pan and
                  Chuan Zhou and
                  Steffen Staab},
  title        = {Pseudo-Riemannian Graph Convolutional Networks},
  booktitle    = {Advances in the 35th NeurIPS} ,
  year         = {2022},
}

@inproceedings{nips21UltraNN,
  author       = {Marc Law},
  title        = {Ultrahyperbolic Neural Networks},
  booktitle    = {Advances in the 34th NeurIPS} ,
  pages        = {22058--22069},
  year         = {2021}
}



@inproceedings{iclr19mixCurvature,
  title={Learning mixed-curvature representations in products of model spaces},
  author={Gu, Albert and Sala, Frederic and Gunel, Beliz and R{\'e}, Christopher},
  booktitle={Proceedings of the 7th ICLR},
  year={2019}
}

@inproceedings{iclr23lantentGraphProduct,
  author       = {Haitz S{\'{a}}ez de Oc{\'{a}}riz Borde and
                  Anees Kazi and
                  Federico Barbero and
                  Pietro Li{\`{o}}},
  title        = {Latent Graph Inference using Product Manifolds},
  booktitle    = {Proceedings of the 11th ICLR},
  publisher    = {OpenReview.net},
  year         = {2023}
}

@inproceedings{iclr24Beaini,
  author       = {Dominique Beaini and
                  Shenyang Huang and
                  Joao Alex Cunha et. al.},
  title        = {Towards Foundational Models for Molecular Learning on Large-Scale
                  Multi-Task Datasets},
  booktitle    = {Proceedings of the 12th ICLR},
  publisher    = {OpenReview.net},
  year         = {2024}
}

@book{do1992riemannian,
  title={Riemannian geometry},
  author={Do Carmo, Manfredo Perdigao and Flaherty Francis, J},
  volume={2},
  year={1992},
  publisher={Springer}
}

@article{naveed2024comprehensiveoverviewlargelanguage,
  author       = {Humza Naveed and
                  Asad Ullah Khan and
                  Shi Qiu and
                  Muhammad Saqib and
                  Saeed Anwar and
                  Muhammad Usman and
                  Nick Barnes and
                  Ajmal Mian},
  title        = {A Comprehensive Overview of Large Language Models},
  journal      = {CoRR},
  volume       = {abs/2307.06435},
  year         = {2023},
}

@article{chang2024surveyllm,
  author       = {Yupeng Chang and
                  Xu Wang and
                  Jindong Wang },
  title        = {A Survey on Evaluation of Large Language Models},
  journal      = {{ACM} Trans. Intell. Syst. Technol.},
  volume       = {15},
  number       = {3},
  pages        = {39:1--39:45},
  year         = {2024},
}

@inproceedings{20lowdimensional,
  author       = {Ines Chami and
                  Adva Wolf and
                  Da{-}Cheng Juan and
                  Frederic Sala and
                  Sujith Ravi and
                  Christopher R{\'{e}}},
  title        = {Low-Dimensional Hyperbolic Knowledge Graph Embeddings},
  booktitle    = {Proceedings of the 58th ACL},
  pages        = {6901--6914},
  publisher    = {ACL},
  year         = {2020},
}

@inproceedings{22Hyperspherical-Consistency,
  author       = {Cheng Tan and
                  Zhangyang Gao and
                  Lirong Wu and
                  Siyuan Li and
                  Stan Z. Li},
  title        = {Hyperspherical Consistency Regularization},
  booktitle    = {Proceedings of the CVPR},
  pages        = {7234--7245},
  publisher    = {{IEEE}},
  year         = {2022},
}

@inproceedings{kdd24Hypformer,
  author       = {Menglin Yang and
                  Harshit Verma and
                  Delvin Ce Zhang and
                  Jiahong Liu and
                  Irwin King and
                  Rex Ying},
  title        = {Hypformer: Exploring Efficient Transformer Fully in Hyperbolic Space},
  booktitle    = {Proceedings of the 30th {SIGKDD}},
  pages        = {3770--3781},
  publisher    = {{ACM}},
  year         = {2024},
}
     
@inproceedings{2020productmanifoldlearning,
  author       = {Marco Fumero and
                  Luca Cosmo and
                  Simone Melzi and
                  Emanuele Rodol{\`{a}}},
  title        = {Learning disentangled representations via product manifold projection},
  booktitle    = {Proceedings of the 38th ICML},
  volume       = {139},
  pages        = {3530--3540},
  publisher    = {{PMLR}},
  year         = {2021},
}

@inproceedings{icml20SpectralClustering,
  author       = {Filippo Maria Bianchi and
                  Daniele Grattarola and
                  Cesare Alippi},
  title        = {Spectral Clustering with Graph Neural Networks for Graph Pooling},
  booktitle    = {Proceedings of the 37th ICML},
  volume       = {119},
  pages        = {874--883},
  publisher    = {{PMLR}},
  year         = {2020},
}

@inproceedings{kdd14deepwalk,
  author       = {Bryan Perozzi and
                  Rami Al{-}Rfou and
                  Steven Skiena},
  title        = {DeepWalk: online learning of social representations},
  booktitle    = {Proceedings of the 20th {SIGKDD} } ,
  pages        = {701--710},
  publisher    = {{ACM}},
  year         = {2014},
}

@article{arxiv24GraphContrastiveSurvey,
  author       = {Wei Ju and
                  Yifan Wang and
                  Yifang Qin and
                  Zhengyang Mao and
                  Zhiping Xiao and
                  Junyu Luo and
                  Junwei Yang and
                  Yiyang Gu and
                  Dongjie Wang and
                  Qingqing Long and
                  Siyu Yi and
                  Xiao Luo and
                  Ming Zhang},
  title        = {Towards Graph Contrastive Learning: {A} Survey and Beyond},
  journal      = {CoRR},
  volume       = {abs/2405.11868},
  year         = {2024},
  eprinttype    = {arXiv},
  eprint       = {2405.11868},
}

@inproceedings{www2GraphAugmentation,
  author       = {Yanqiao Zhu and
                  Yichen Xu and
                  Feng Yu and
                  Qiang Liu and
                  Shu Wu and
                  Liang Wang},
  title        = {Graph Contrastive Learning with Adaptive Augmentation},
  booktitle    = {Proceedings of  the {ACM} Web Conference (WWW)},
  pages        = {2069--2080},
  publisher    = {{ACM} / {IW3C2}},
  year         = {2021},
}

@inproceedings{kdd16node2vec,
  author       = {Aditya Grover and
                  Jure Leskovec},
  title        = {node2vec: Scalable Feature Learning for Networks},
  booktitle    = {Proceedings of the 22nd {SIGKDD} },
  pages        = {855--864},
  publisher    = {{ACM}},
  year         = {2016},
}

@inproceedings{nips21rethinking,
  author       = {Devin Kreuzer and
                  Dominique Beaini and
                  William L. Hamilton and
                  Vincent L{\'{e}}tourneau and
                  Prudencio Tossou},
  title        = {Rethinking Graph Transformers with Spectral Attention},
  booktitle    = {Advances in the 34th NeurIPS},
  pages        = {21618--21629},
  year         = {2021},
}


@article{arxiv22Gransformer,
  author       = {Ahmad Khajenezhad and
                  Seyed Ali Osia and
                  Mahmood Karimian and
                  Hamid Beigy},
  title        = {Gransformer: Transformer-based Graph Generation},
  journal      = {CoRR},
  volume       = {abs/2203.13655},
  year         = {2022},
  eprinttype    = {arXiv},
  eprint       = {2203.13655},
}

@misc{www22universalGT,
  author       = {Dai Quoc Nguyen and
                  Tu Dinh Nguyen and
                  Dinh Q. Phung},
  title        = {Universal Graph Transformer Self-Attention Networks},
  booktitle    = {WWW Companion},
  pages        = {193--196},
  publisher    = {{ACM}},
  year         = {2022},
}

@inproceedings{xia2024opengraph,
  title={OpenGraph: Towards Open Graph Foundation Models},
  author={Xia, Lianghao and Kao, Ben and Huang, Chao},
  booktitle={Proceedings of the EMNLP},
  year={2024}
}

@misc{iclr22switch,
  title = {Switch {{Spaces}}: {{Learning Product Spaces}} with {{Sparse Gating}}},
  author = {Zhang, Shuai and Tay, Yi and Jiang, Wenqi and Juan, Da-cheng and Zhang, Ce},
  year = {2021},
  primaryclass = {cs},
  publisher = {arXiv},
  urldate = {2024-09-29},
  archiveprefix = {arXiv}
}

@inproceedings{eccv18spherenet,
  title = {{{SphereNet}}: {{Learning Spherical Representations}} for {{Detection}} and {{Classification}} in {{Omnidirectional Images}}},
  booktitle = {Proceedings of ECCV},
  author = {Coors, Benjamin and Condurache, Alexandru Paul and Geiger, Andreas},
  pages  = {525--541},
  year = {2018},
  publisher = {Springer},
}

@misc{he2024unigraph,
  title = {{{UniGraph}}: {{Learning}} a {{Unified Cross-Domain Foundation Model}} for {{Text-Attributed Graphs}}},
  author = {He, Yufei and Sui, Yuan and He, Xiaoxin and Hooi, Bryan},
  year = {2024},
  number = {arXiv:2402.13630},
  primaryclass = {cs},
  publisher = {arXiv}
}



@misc{xia2024anygraph,
      title={AnyGraph: Graph Foundation Model in the Wild}, 
      author={Lianghao Xia and Chao Huang},
      year={2024},
      eprint={2408.10700},
      archivePrefix={arXiv},
      
      
}

@misc{zhao2024graphany,
      title={GraphAny: A Foundation Model for Node Classification on Any Graph}, 
      author={Jianan Zhao and Hesham Mostafa and Mikhail Galkin and Michael Bronstein and Zhaocheng Zhu and Jian Tang},
      year={2024},
      eprint={2405.20445},
      archivePrefix={arXiv},
      
}

@inproceedings{iclr24ofa,
  author       = {Hao Liu and
                  Jiarui Feng and
                  Lecheng Kong and
                  Ningyue Liang and
                  Dacheng Tao and
                  Yixin Chen and
                  Muhan Zhang},
  title        = {One For All: Towards Training One Graph Model For All Classification
                  Tasks},
  booktitle    = {Proceedings of the 12th ICLR},
  year         = {2024}
}

@inproceedings{nips23grassmann,
  author       = {Ryoma Yataka and
                  Kazuki Hirashima and
                  Masashi Shiraishi},
  title        = {Grassmann Manifold Flows for Stable Shape Generation},
  booktitle    = {Advances in the 36th NeurIPS},
  year         = {2023},
}

@inproceedings{icml20Constant,
  author       = {Gregor Bachmann and
                  Gary B{\'{e}}cigneul and
                  Octavian Ganea},
  title        = {Constant Curvature Graph Convolutional Networks},
  booktitle    = {Proceedings of the 37th ICML},
  volume       = {119},
  pages        = {486--496},
  publisher    = {{PMLR}},
  year         = {2020}
}

@inproceedings{CVPR20spd,
  author       = {Zhi Gao and
                  Yuwei Wu and
                  Yunde Jia and
                  Mehrtash Harandi},
  title        = {Learning to Optimize on {SPD} Manifolds},
  booktitle    = {Proceedings of the CVPR},
  pages        = {7697--7706},
  publisher    = {CVF/ {IEEE}},
  year         = {2020}
}

@inproceedings{nips21ultrahyperbolic,
  author       = {Marc Law},
  title        = {Ultrahyperbolic Neural Networks},
  booktitle    = {Advances in the 34th NeurIPS},
  year         = {2021},
  pages        = {22058--22069},
}

@inproceedings{nips19hgcn,
  author       = {Ines Chami and
                  Zhitao Ying and
                  Christopher R{\'{e}} and
                  Jure Leskovec},
  title        = {Hyperbolic Graph Convolutional Neural Networks},
  booktitle    = {Advances in the 32nd NeurIPS},
  year         = {2019},
  pages        = {4869--4880}
}

@inproceedings{icml19sgc,
  author       = {Felix Wu and
                  Amauri H. Souza Jr. and
                  Tianyi Zhang and
                  Christopher Fifty and
                  Tao Yu and
                  Kilian Q. Weinberger},
  title        = {Simplifying Graph Convolutional Networks},
  booktitle    = {Proceedings of the 36th ICML},
  volume       = {12858},
  pages        = {35--43},
  year         = {2019}
}

@inproceedings{nips17GraphSAGE,
  author       = {William L. Hamilton and
                  Zhitao Ying and
                  Jure Leskovec},
  title        = {Inductive Representation Learning on Large Graphs},
  booktitle    = {Advances in the 30th NeurIPS},
  pages        = {1024--1034},
  year         = {2017}
}

@inproceedings{iclr18gat,
  author       = {Petar Velickovic and
                  Guillem Cucurull and
                  Arantxa Casanova and
                  Adriana Romero and
                  Pietro Li{\`{o}} and
                  Yoshua Bengio},
  title        = {Graph Attention Networks},
  booktitle    = {Proceedings of the 6th ICLR},
  year         = {2018}
}

@inproceedings{icml24llaga,
  author       = {Runjin Chen and
                  Tong Zhao and
                  Ajay Kumar Jaiswal and
                  Neil Shah and
                  Zhangyang Wang},
  title        = {LLaGA: Large Language and Graph Assistant},
  booktitle    = {Proceedings of the 41st ICML},
  year         = {2024}
}

@inproceedings{kdd23all-in-one,
  author       = {Xiangguo Sun and
                  Hong Cheng and
                  Jia Li and
                  Bo Liu and
                  Jihong Guan},
  title        = {All in One: Multi-Task Prompting for Graph Neural Networks},
  booktitle    = {Proceedings of the 29th {SIGKDD}},
  pages        = {2120--2131},
  year         = {2023}
}

@inproceedings{kdd24gcope,
  author       = {Haihong Zhao and
                  Aochuan Chen and
                  Xiangguo Sun and
                  Hong Cheng and
                  Jia Li},
  title        = {All in One and One for All: {A} Simple yet Effective Method towards
                  Cross-domain Graph Pretraining},
  booktitle    = {Proceedings of the 30th  {SIGKDD}},
  pages        = {4443--4454},
  year         = {2024}
}

@inproceedings{www23graphmae2,
  author       = {Zhenyu Hou and
                  Yufei He and
                  Yukuo Cen and
                  Xiao Liu and
                  Yuxiao Dong and
                  Evgeny Kharlamov and
                  Jie Tang},
  title        = {GraphMAE2: {A} Decoding-Enhanced Masked Self-Supervised Graph Learner},
  booktitle    = {Proceedings of the {ACM} Web Conference (WWW)},
  pages        = {737--746},
  year         = {2023},
}

@inproceedings{iclr19dgi,
    author       = {Petar Velickovic and
                  William Fedus and
                  William L. Hamilton and
                  Pietro Li{\`{o}} and
                  Yoshua Bengio and
                  R. Devon Hjelm},
  title        = {Deep Graph Infomax},
  booktitle    = {Proceedings of the 7th ICLR},
  year         = {2019}
}

@inproceedings{iclr17gcn,
  author       = {Thomas N. Kipf and
                  Max Welling},
  title        = {Semi-Supervised Classification with Graph Convolutional Networks},
  booktitle    = {Proceedings of the 5th ICLR},
  year         = {2017}
}

@article{Benedek21,
  author       = {Benedek Rozemberczki and
                  Carl Allen and
                  Rik Sarkar},
  title        = {Multi-Scale attributed node embedding},
  journal      = {J. Complex Networks},
  volume       = {9},
  number       = {2},
  year         = {2021}
}

@inproceedings{kdd17struc2vec,
  author       = {Leonardo Filipe Rodrigues Ribeiro and
                  Pedro H. P. Saverese and
                  Daniel R. Figueiredo},
  title        = {\emph{struc2vec}: Learning Node Representations from Structural Identity},
  booktitle    = {Proceedings of the 23rd {SIGKDD}},
  pages        = {385--394},
  publisher    = {{ACM}},
  year         = {2017}
}

@inproceedings{icml24position,
  author       = {Haitao Mao and
                  Zhikai Chen and
                  Wenzhuo Tang and
                  Jianan Zhao and
                  Yao Ma and
                  Tong Zhao and
                  Neil Shah and
                  Mikhail Galkin and
                  Jiliang Tang},
  title        = {Position: Graph Foundation Models Are Already Here},
  booktitle    = {Proceedings of the 41st ICML},
  year         = {2024}
}

@inproceedings{icml21Guohao,
  author       = {Guohao Li and
                  Matthias M{\"{u}}ller and
                  Bernard Ghanem and
                  Vladlen Koltun},
  title        = {Training Graph Neural Networks with 1000 Layers},
  booktitle    = {Proceedings of the 38th ICML},
  volume       = {139},
  pages        = {6437--6449},
  year         = {2021}
}

@inproceedings{nips17attention,
  author       = {Ashish Vaswani and
                  Noam Shazeer and
                  Niki Parmar and
                  Jakob Uszkoreit and
                  Llion Jones and
                  Aidan N. Gomez and
                  Lukasz Kaiser and
                  Illia Polosukhin},
  title        = {Attention is All you Need},
  booktitle    = {Advances in the 30th NeurIPS},
  pages        = {5998--6008},
  year         = {2017}
}

@inproceedings{iclr22Wei,
  author       = {Wei Jin and
                  Xiaorui Liu and
                  Xiangyu Zhao and
                  Yao Ma and
                  Neil Shah and
                  Jiliang Tang},
  title        = {Automated Self-Supervised Learning for Graphs},
  booktitle    = {Proceedings of the 10th ICLR},
  year         = {2022}
}

@inproceedings{www23graphprompt,
  author       = {Zemin Liu and
                  Xingtong Yu and
                  Yuan Fang and
                  Xinming Zhang},
  title        = {GraphPrompt: Unifying Pre-Training and Downstream Tasks for Graph
                  Neural Networks},
  booktitle    = {Proceedings of the {ACM} Web Conference (WWW)},
  pages        = {417--428},
  year         = {2023}
}

@inproceedings{www24graphcontrol,
  author       = {Yun Zhu and
                  Yaoke Wang and
                  Haizhou Shi and
                  Zhenshuo Zhang and
                  Dian Jiao and
                  Siliang Tang},
  title        = {GraphControl: Adding Conditional Control to Universal Graph Pre-trained
                  Models for Graph Domain Transfer Learning},
  booktitle    = {Proceedings of the {ACM} Web Conference (WWW)},
  pages        = {539--550},
  year         = {2024}
}

@inproceedings{www24graphtranslator,
  author       = {Mengmei Zhang and
                  Mingwei Sun and
                  Peng Wang and
                  Shen Fan and
                  Yanhu Mo and
                  Xiaoxiao Xu and
                  Hong Liu and
                  Cheng Yang and
                  Chuan Shi},
  title        = {GraphTranslator: Aligning Graph Model to Large Language Model for
                  Open-ended Tasks},
  booktitle    = {Proceedings of the {ACM} Web Conference (WWW)},
  pages        = {1003--1014},
  year         = {2024}
}

@inproceedings{sigir24graphgpt,
  author       = {Jiabin Tang and
                  Yuhao Yang and
                  Wei Wei and
                  Lei Shi and
                  Lixin Su and
                  Suqi Cheng and
                  Dawei Yin and
                  Chao Huang},
  title        = {GraphGPT: Graph Instruction Tuning for Large Language Models},
  booktitle    = {Proceedings of the 47th {SIGIR}},
  pages        = {491--500},
  publisher    = {{ACM}},
  year         = {2024}
}
@article{2024gpt4,
  author       = {OpenAI},
  title        = {{GPT-4} Technical Report},
  journal      = {CoRR},
  year         = {2023},
  eprinttype    = {arXiv},
}

@article{2024textfree,
  author       = {Xingtong Yu and
                  Chang Zhou and
                  Yuan Fang and
                  Xinming Zhang},
  title        = {Text-Free Multi-domain Graph Pre-training: Toward Graph Foundation
                  Models},
  journal      = {CoRR},
  year         = {2024}
}
@inproceedings{nips16cnn,
  author       = {Micha{\"{e}}l Defferrard and
                  Xavier Bresson and
                  Pierre Vandergheynst},
  title        = {Convolutional Neural Networks on Graphs with Fast Localized Spectral
                  Filtering},
  booktitle    = {Advances in the 29th NeurIPS},
  pages        = {3837--3845},
  year         = {2016}
}

@inproceedings{nips23prodigy,
  author       = {Qian Huang and
                  Hongyu Ren and
                  Peng Chen and
                  Gregor Krzmanc and
                  Daniel Zeng and
                  Percy Liang and
                  Jure Leskovec},
  title        = {{PRODIGY:} Enabling In-context Learning Over Graphs},
  booktitle    = {Advances in 36th NeurIPS},
  year         = {2023}
}
@inproceedings{iclr24ultra,
  author       = {Mikhail Galkin and
                  Xinyu Yuan and
                  Hesham Mostafa and
                  Jian Tang and
                  Zhaocheng Zhu},
  title        = {Towards Foundation Models for Knowledge Graph Reasoning},
  booktitle    = {Proceedings of the 12th ICLR},
  year         = {2024}
}

@inproceedings{nips18hnn,
  author       = {Octavian{-}Eugen Ganea and
                  Gary B{\'{e}}cigneul and
                  Thomas Hofmann},
  title        = {Hyperbolic Neural Networks},
  booktitle    = {Advances in the 31st NeurIPS},
  pages        = {5350--5360},
  year         = {2018}
}

@inproceedings{kdd22hyperaid,
  author       = {Eli Chien and
                  Puoya Tabaghi and
                  Olgica Milenkovic},
  title        = {HyperAid: Denoising in Hyperbolic Spaces for Tree-fitting and Hierarchical
                  Clustering},
  booktitle    = {Proceedings of the 28th {SIGKDD} },
  pages        = {201--211},
  publisher    = {{ACM}},
  year         = {2022},

}

@inproceedings{icml18hyperbolicntailment,
  author       = {Octavian{-}Eugen Ganea and
                  Gary B{\'{e}}cigneul and
                  Thomas Hofmann},
  title        = {Hyperbolic Entailment Cones for Learning Hierarchical Embeddings},
  booktitle    = {Proceedings of the 35th ICML},
  volume       = {80},
  pages        = {1632--1641},
  year         = {2018},
}

@inproceedings{nips17poincarembeddings,
  author       = {Maximilian Nickel and
                  Douwe Kiela},
  title        = {Poincar{\'{e}} Embeddings for Learning Hierarchical Representations},
  booktitle    = {Advances in  the 30th NeurIPS},
  pages        = {6338--6347},
  year         = {2017},
}


@inproceedings{citeseerandpubmed,
  author       = {Zhilin Yang and
                  William W. Cohen and
                  Ruslan Salakhutdinov},
  title        = {Revisiting Semi-Supervised Learning with Graph Embeddings},
  booktitle    = {Proceedings of the 33rd ICML},
  pages        = {40--48},
  year         = {2016},
}

@article{github,
  author       = {Benedek Rozemberczki and
                  Carl Allen and
                  Rik Sarkar},
  title        = {Multi-Scale attributed node embedding},
  journal      = {J. Complex Networks},
  volume       = {9},
  number       = {2},
  year         = {2021},
}


@inproceedings{icml18HierarchiesofHyperbolic,
  author       = {Maximilian Nickel and
                  Douwe Kiela},
  title        = {Learning Continuous Hierarchies in the Lorentz Model of Hyperbolic
                  Geometry},
  booktitle    = {Proceedings of the 35th ICML},
  volume       = {80},
  pages        = {3776--3785},
  publisher    = {{PMLR}},
  year         = {2018},
  
}

@book{graphtheory,
  title={Graph theory},
  author={Bondy, John Adrian and Murty, Uppaluri Siva Ramachandra},
  year={2008},
  publisher={Springer Publishing Company, Incorporated}
}

@inproceedings{iclr19PAlbert,
  author       = {Albert Gu and
                  Frederic Sala and
                  Beliz Gunel and
                  Christopher R{\'{e}}},
  title        = {Learning Mixed-Curvature Representations in Product Spaces},
  booktitle    = {Proceedingsb of the 7th ICLR},
  publisher    = {OpenReview.net},
  year         = {2019},

}

@article{physics_computers,
  author       = {Oleksandr Shchur and
                  Maximilian Mumme and
                  Aleksandar Bojchevski and
                  Stephan G{\"{u}}nnemann},
  title        = {Pitfalls of Graph Neural Network Evaluation},
  journal      = {CoRR},
  year         = {2018},
  eprinttype    = {arXiv},
}

@inproceedings{nips2020arxiv,
 author = {Hu, Weihua and Fey, Matthias and Zitnik, Marinka and Dong, Yuxiao and Ren, Hongyu and Liu, Bowen and Catasta, Michele and Leskovec, Jure},
 booktitle = {Advances in the 33rd NeurIPS},
 pages = {22118--22133},
 title = {Open Graph Benchmark: Datasets for Machine Learning on Graphs},
 volume = {33},
 year = {2020}
}

@article{wikics,
  author       = {P{\'{e}}ter Mernyei and
                  Catalina Cangea},
  title        = {Wiki-CS: {A} Wikipedia-Based Benchmark for Graph Neural Networks},
  journal      = {CoRR},
  year         = {2020},
  eprinttype    = {arXiv},
 
}

@inproceedings{flickr,
  author       = {Hanqing Zeng and
                  Hongkuan Zhou and
                  Ajitesh Srivastava and
                  Rajgopal Kannan and
                  Viktor K. Prasanna},
  title        = {GraphSAINT: Graph Sampling Based Inductive Learning Method},
  booktitle    = {Proceedings of the 8th ICLR},
  year         = {2020},
  
}

@inproceedings{iclr13word2vec,
  author       = {Tom{\'{a}}s Mikolov and
                  Kai Chen and
                  Greg Corrado and
                  Jeffrey Dean},
  title        = {Efficient Estimation of Word Representations in Vector Space},
  booktitle    = {Proceedings of the 1st ICLR},
  year         = {2013},
}