
@misc{Hinton:arXiv:2015:Distilling,
 title={Distilling the knowledge in a neural network},
 author={Hinton, Geoffrey and Vinyals, Oriol and Dean, Jeff},
 journal={NeurIPS},
 year=2015
}

@article{oord2018representation,
  title={Representation learning with contrastive predictive coding},
  author={Oord, Aaron van den and Li, Yazhe and Vinyals, Oriol},
  journal={arXiv preprint arXiv:1807.03748},
  year={2018}
}


@article{Rodas2018AugmentedRF,
  title={Augmented Reality for Reducing Intraoperative Radiation Exposure to Patients and Clinicians during X-Ray Guided Procedures},
  author={Nicolas Loy Rodas and Nicolas Padoy},
  journal={Mixed and Augmented Reality in Medicine},
  year={2018}
}

@article{Dai2020ToyotaSU,
  title={Toyota Smarthome Untrimmed: Real-World Untrimmed Videos for Activity Detection},
  author={Rui Dai and Srijan Das and Saurav Sharma and Luca Minciullo and Lorenzo Garattoni and François Br{\'e}mond and Gianpiero Francesca},
  journal={IEEE Transactions on Pattern Analysis and Machine Intelligence},
  year={2020}
}

@article{Sun2024RethinkingVI,
  title={Rethinking Visibility in Human Pose Estimation: Occluded Pose Reasoning via Transformers},
  author={Pengzhan Sun and Kerui Gu and Yunsong Wang and Linlin Yang and Angela Yao},
  journal={Winter Conference on Applications of Computer Vision (WACV)},
  year={2024}
}

@article{Bewley2016SimpleOA,
  title={Simple online and realtime tracking},
  author={Alex Bewley and ZongYuan Ge and Lionel Ott and Fabio Tozeto Ramos and Ben Upcroft},
  journal={ICIP},
  year={2016}
}

@inproceedings{BERT,
  title={BERT: Pre-training of Deep Bidirectional Transformers for Language Understanding},
  author={Jacob Devlin and Ming-Wei Chang and Kenton Lee and Kristina Toutanova},
  booktitle={North American Chapter of the Association for Computational Linguistics},
  year={2019}
}

@article{MaskedME,
  title={Masked Motion Encoding for Self-Supervised Video Representation Learning},
  author={Xinyu Sun and Peihao Chen and Liang-Chieh Chen and Chan Li and Thomas H. Li and Mingkui Tan and Chuang Gan},
  journal={CVPR},
  year={2022},
  pages={2235-2245}
}

@article{VideoMAE,
  title={VideoMAE: Masked Autoencoders are Data-Efficient Learners for Self-Supervised Video Pre-Training},
  author={Zhan Tong and Yibing Song and Jue Wang and Limin Wang},
  journal={NeurIPS},
  year={2022},
  volume={abs/2203.12602}
}

@article{Nagrani21,
  author       = {Arsha Nagrani and
                  Shan Yang and
                  Anurag Arnab and
                  Aren Jansen and
                  Cordelia Schmid and
                  Chen Sun},
  title        = {Attention Bottlenecks for Multimodal Fusion},
  journal      = {NeurIPS},
  year         = {2021},

  eprinttype    = {arXiv},
  eprint       = {2107.00135},
  timestamp    = {Wed, 07 Jul 2021 15:23:11 +0200}
}

@article{Johansson1973VisualPO,
  title={Visual perception of biological motion and a model for its analysis},
  author={Gunnar Johansson},
  journal={Perception \& Psychophysics},
  year={1973},
  volume={14},
  pages={201-211},
  url={https://api.semanticscholar.org/CorpusID:54046837}
}

@article{Goel2022CyCLIPCC,
  title={CyCLIP: Cyclic Contrastive Language-Image Pretraining},
  author={Shashank Goel and Hritik Bansal and Sumit Kaur Bhatia and Ryan A. Rossi and Vishwa Vinay and Aditya Grover},
  journal={NeurIPS},
  year={2022},
  volume={abs/2205.14459}
}

@InProceedings{MME,
    author    = {Sun, Xinyu and Chen, Peihao and Chen, Liangwei and Li, Changhao and Li, Thomas H. and Tan, Mingkui and Gan, Chuang},
    title     = {Masked Motion Encoding for Self-Supervised Video Representation Learning},
    booktitle = {CVPR},
    month     = {June},
    year      = {2023},
    pages     = {2235-2245}
}

@misc{modLaz,
      title={On Uni-Modal Feature Learning in Supervised Multi-Modal Learning}, 
      author={Chenzhuang Du and Jiaye Teng and Tingle Li and Yichen Liu and Tianyuan Yuan and Yue Wang and Yang Yuan and Hang Zhao},
      year={2023},
      booktitle={ICML},
      eprint={2305.01233},
      archivePrefix={arXiv},
      primaryClass={cs.CV},
      url={https://arxiv.org/abs/2305.01233}, 
}

@inproceedings{AlignBF,
  title={Align before Fuse: Vision and Language Representation Learning with Momentum Distillation},
  author={Junnan Li and Ramprasaath R. Selvaraju and Akhilesh Deepak Gotmare and Shafiq R. Joty and Caiming Xiong and Steven C. H. Hoi},
  booktitle={NeurIPS},
  year={2021}
}

@inproceedings{CLIP,
  author       = {Alec Radford and
                  Jong Wook Kim and
                  Chris Hallacy and
                  Aditya Ramesh and
                  Gabriel Goh and
                  Sandhini Agarwal and
                  Girish Sastry and
                  Amanda Askell and
                  Pamela Mishkin and
                  Jack Clark and
                  Gretchen Krueger and
                  Ilya Sutskever},
  title        = {Learning Transferable Visual Models From Natural Language Supervision},
  booktitle    = {ICML},
  year         = {2021}
}

@article{DeCLIP,
  title={Supervision exists everywhere: A data efficient contrastive language-image pre-training paradigm},
  author={Li, Yangguang and Liang, Feng and Zhao, Lichen and Cui, Yufeng and Ouyang, Wanli and Shao, Jing and Yu, Fengwei and Yan, Junjie},
  journal={ICLR},
  year={2021}
}
@article{kipf2016semi,
  title={Semi-supervised classification with graph convolutional networks},
  author={Kipf, Thomas N and Welling, Max},
  journal={ICLR},
  year={2017}
}
@inproceedings{shahroudy2016ntu,
  title={Ntu rgb+ d: A large scale dataset for 3d human activity analysis},
  author={Shahroudy, Amir and Liu, Jun and Ng, Tian-Tsong and Wang, Gang},
  booktitle={CVPR},
  pages={1010--1019},
  year={2016}
}

@article{labrador,
      title={LABRAD-OR: Lightweight Memory Scene Graphs for Accurate Bimodal Reasoning in Dynamic Operating Rooms}, 
      author={Ege Özsoy and Tobias Czempiel and Felix Holm and Chantal Pellegrini and Nassir Navab},
      booktitle={MICCAI},
      year={2023}
}

@inbook{MoreThan,
author = {Gershov, Sapir and Mahameed, Fadi and Raz, Aeyal and Laufer, Shlomi},
year = {2023},
booktitle={AMAI},
month = {10},
pages = {11-20},
title = {More Than Meets the Eye: Physicians’ Visual Attention in the Operating Room},
isbn = {978-3-031-47075-2},
doi = {10.1007/978-3-031-47076-9_2}
}

@InProceedings{hamoud24a,
  title = 	 {ST(OR)$^2$: Spatio-Temporal Object Level Reasoning for Activity Recognition in the Operating Room},
  author =       {Hamoud, Idris and Jamal, Muhammad Abdullah and Srivastav, Vinkle and Mutter, Didier and Padoy, Nicolas and Mohareri, Omid},
  booktitle = 	 {MIDL},
  year = 	 {2024}
}



@article{Ege_IJCARS,
author = {Özsoy, Ege and Czempiel, Tobias and Örnek, Evin Pınar and Eck, Ulrich and Tombari, Federico and Navab, Nassir},
year = {2023},
title = {Holistic OR domain modeling: a semantic scene graph approach},
journal = {IJCARS}
}

@article{MViT,
  author       = {Haoqi Fan and
                  Bo Xiong and
                  Karttikeya Mangalam and
                  Yanghao Li and
                  Zhicheng Yan and
                  Jitendra Malik and
                  Christoph Feichtenhofer},
  title        = {Multiscale Vision Transformers},
  journal      = {ICCV},
  volume       = {abs/2104.11227},
  year         = {2021}
}

@incollection{Czempiel_2020,
  
	year = 2020,
	
	author = {Tobias Czempiel and Magdalini Paschali and Matthias Keicher and Walter Simson and Hubertus Feussner and Seong Tae Kim and Nassir Navab},
  
	title = {{TeCNO}: Surgical Phase Recognition with Multi-stage Temporal Convolutional Networks},
  
	booktitle = {Medical Image Computing and Computer Assisted Intervention {\textendash} {MICCAI} 2020}
}

@article{Ladikos2010EstimatingRE,
  title={Estimating Radiation Exposure in Interventional Environments},
  author={Alexander Ladikos and Cedric Cagniart and Reza Ghotbi and Maximilian Reiser and Nassir Navab},
  journal={MICCAI},
  year={2010},
  volume={13 Pt 3}
}

@inproceedings{Luo2018VisionBasedDA,
  title={Vision-Based Descriptive Analytics of Seniors ’ Daily Activities for Long-Term Health Monitoring},
  author={Zelun Luo and Jun-Ting Hsieh and Niranjan Balachandar and Serena Yeung and Guido Pusiol and Jay S. Luxenberg and Grace Li and Li-Jia Li and Arnold Milstein and Li Fei-Fei},
  booktitle={ML4H, Machine Learning for Healthcare},
  year={2018}
}
@inproceedings{MotionFormer,
  author    = {Mandela Patrick and
               Dylan Campbell and
               Yuki M. Asano and
               Ishan Misra and
               Florian Metze and
               Christoph Feichtenhofer and
               Andrea Vedaldi and
               Jo{\~{a}}o F. Henriques},
  editor    = {Marc'Aurelio Ranzato and
               Alina Beygelzimer and
               Yann N. Dauphin and
               Percy Liang and
               Jennifer Wortman Vaughan},
  title     = {Keeping Your Eye on the Ball: Trajectory Attention in Video Transformers},
  booktitle = {NeurIPS},
  pages     = {12493--12506},
  year      = {2021}
}

@article{CATER,
  author    = {Rohit Girdhar and
               Deva Ramanan},
  title     = {{CATER:} {A} diagnostic dataset for Compositional Actions and TEmporal
               Reasoning},
  journal   = {ICLR},
  volume    = {abs/1910.04744},
  year      = {2020},
}

@article{Triplet,
title = {Rendezvous: Attention mechanisms for the recognition of surgical action triplets in endoscopic videos},
journal = {Medical Image Analysis},
volume = {78},
pages = {102433},
year = {2022}}

@article{DETR,
  author    = {Nicolas Carion and
               Francisco Massa and
               Gabriel Synnaeve and
               Nicolas Usunier and
               Alexander Kirillov and
               Sergey Zagoruyko},
  title     = {End-to-End Object Detection with Transformers},
  journal   = {ECCV},
  volume    = {abs/2005.12872},
  year      = {2020},
}

@article{GCN,
  author    = {Thomas N. Kipf and
               Max Welling},
  title     = {Semi-Supervised Classification with Graph Convolutional Networks},
  journal   = {ICLR},
  volume    = {abs/1609.02907},
  year      = {2017},
  eprint    = {1609.02907},
  timestamp = {Mon, 13 Aug 2018 16:48:31 +0200},
}

@article{ALOE,
  author    = {David Ding and
               Felix Hill and
               Adam Santoro and
               Matt M. Botvinick},
  title     = {Attention over learned object embeddings enables complex visual reasoning},
  journal   = {NeurIPS},
  year      = {2021}
}

@article{HOPPER,
  author    = {Honglu Zhou and
               Asim Kadav and
               Farley Lai and
               Alexandru Niculescu{-}Mizil and
               Martin Renqiang Min and
               Mubbasir Kapadia and
               Hans Peter Graf},
  title     = {Hopper: Multi-hop Transformer for Spatiotemporal Reasoning},
  journal   = {ICLR},
  year      = {2021}
}

@article{Safety_Catchpole,
author = {Catchpole, Ken and Perkins, Colby and Bresee, Catherine and Solnik, M. and Sherman, Benjamin and Fritch, John and Gross, Bruno and Jagannathan, Samantha and Hakami-Majd, Niv and Avenido, Raymund and Anger, Jennifer},
year = {2016},
month = {09},
pages = {},
title = {Safety, efficiency and learning curves in robotic surgery: a human factors analysis},
volume = {30},
journal = {Surgical endoscopy},
doi = {10.1007/s00464-015-4671-2}
}

@misc{LongForm,
  
  url = {https://arxiv.org/abs/2106.11310},
  
  author = {Wu, Chao-Yuan and Krähenbühl, Philipp},
  
  keywords = {CVPR},
  
  title = {Towards Long-Form Video Understanding},
  
  publisher = {CVPR},
  
  year = {2021}
}

@article{Schiff,
  title={Quality of Communication in Robotic Surgery and Surgical Outcomes},
  author={Lauren Schiff and Ziv Tsafrir and Joe Aoun and Andrew R. Taylor and Evan Theoharis and David Eisenstein},
  journal={JSLS : Journal of the Society of Laparoendoscopic Surgeons},
  year={2016},
  volume={20}
}
@article{Tenenbaum2011HowTG,
  title={How to Grow a Mind: Statistics, Structure, and Abstraction},
  author={Joshua B. Tenenbaum and Charles Kemp and Thomas L. Griffiths and Noah D. Goodman},
  journal={Science},
  year={2011},
  volume={331},
  pages={1279 - 1285}
}
@InProceedings{Zooey,
  title = 	 {An Empirical Study on Activity Recognition in Long Surgical Videos},
  author =       {He, Zhuohong and Mottaghi, Ali and Sharghi, Aidean and Jamal, Muhammad Abdullah and Mohareri, Omid},
  booktitle = 	 {Proceedings of the 2nd Machine Learning for Health symposium},
  pages = 	 {356--372},
  year = 	 {2022},
  volume = 	 {193},
  series = 	 {Proceedings of Machine Learning Research},
  month = 	 {28 Nov},
  publisher =    {PMLR},
  pdf = 	 {https://proceedings.mlr.press/v193/he22a/he22a.pdf},
  url = 	 {https://proceedings.mlr.press/v193/he22a.html},
}

@article{STLT,
  author    = {Gorjan Radevski and
               Marie{-}Francine Moens and
               Tinne Tuytelaars},
  title     = {Revisiting spatio-temporal layouts for compositional action recognition},
  journal   = {BMVC},
  volume    = {abs/2111.01936},
  year      = {2021},
  eprint    = {2111.01936},
  timestamp = {Fri, 05 Nov 2021 15:25:54 +0100},
  biburl    = {https://dblp.org/rec/journals/corr/abs-2111-01936.bib},
  bibsource = {dblp computer science bibliography, https://dblp.org}
}

@article{transformer,
  author    = {Ashish Vaswani and
               Noam Shazeer and
               Niki Parmar and
               Jakob Uszkoreit and
               Llion Jones and
               Aidan N. Gomez and
               Lukasz Kaiser and
               Illia Polosukhin},
  title     = {Attention Is All You Need},
  journal   = {NeurIPS},
  volume    = {abs/1706.03762},
  year      = {2017},
}

@article{ORTeamSTRAT,
author = {Amelie Koch and Boris Schlenker and Armin Becker and Matthias Weigl},
title = {Operating room team strategies to reduce flow disruptions in high-risk task episodes: resilience in robot-assisted surgery},
journal = {Ergonomics},
volume = {0},
number = {0},
pages = {1-14},
year  = {2022}

}



@INPROCEEDINGS{CascRCNN,
  author={Cai, Zhaowei and Vasconcelos, Nuno},
  booktitle={CVPR}, 
  title={Cascade R-CNN: Delving Into High Quality Object Detection}, 
  year={2018}}
  
@inproceedings{TimesFormer,
  author    = {Gedas Bertasius and
               Heng Wang and
               Lorenzo Torresani},
  editor    = {Marina Meila and
               Tong Zhang},
  title     = {Is Space-Time Attention All You Need for Video Understanding?},
  booktitle = {ICML},
  series    = {Proceedings of Machine Learning Research},
  volume    = {139},
  pages     = {813--824},
  publisher = {{PMLR}},
  year      = {2021},
  url       = {http://proceedings.mlr.press/v139/bertasius21a.html},
  timestamp = {Wed, 25 Aug 2021 17:11:16 +0200},
  biburl    = {https://dblp.org/rec/conf/icml/BertasiusWT21.bib},
  bibsource = {dblp computer science bibliography, https://dblp.org}
}
@inproceedings{TCN,
  address = {Cham},
  author = {Lea, Colin and Vidal, Ren{\'e} and Reiter, Austin and Hager, Gregory D.},
  biburl = {https://www.bibsonomy.org/bibtex/201a24c2eb2102dab0a87f7afebf753bd/annakrause},
  booktitle = {ECCV 2016 Workshops},
  editor = {Hua, Gang and J{\'e}gou, Herv{\'e}},
  interhash = {302360f8fd68659399f804ce699d3d8e},
  intrahash = {01a24c2eb2102dab0a87f7afebf753bd},
  isbn = {978-3-319-49409-8},
  keywords = {Convolution TCN TimeSeries},
  pages = {47--54},
  publisher = {Springer International Publishing},
  timestamp = {2020-10-15T15:02:36.000+0200},
  title = {Temporal Convolutional Networks: A Unified Approach to Action Segmentation},
  year = 2016
}



@article{Sheetz2020,
  doi-dummy = {10.1001/jamanetworkopen.2019.18911},
  year = {2020},
  publisher = {American Medical Association},
  author = {Sheetz KH, Claflin J, Dimick JB.},
  title = {Trends in the Adoption of Robotic Surgery for Common Surgical Procedures},
  journal = {JAMA Network Open}
}

@inproceedings{OLVR,
  author    = {Fabien Baradel and
               Natalia Neverova and
               Christian Wolf and
               Julien Mille and
               Greg Mori},
  editor    = {Vittorio Ferrari and
               Martial Hebert and
               Cristian Sminchisescu and
               Yair Weiss},
  title     = {Object Level Visual Reasoning in Videos},
  booktitle = {Computer Vision - {ECCV} 2018 - 15th European Conference, Munich,
               Germany, September 8-14, 2018, Proceedings, Part {XIII}},
  series    = {Lecture Notes in Computer Science},
  volume    = {11217},
  pages     = {106--122},
  publisher = {Springer},
  year      = {2018},
  url       = {https://doi.org/10.1007/978-3-030-01261-8\_7},
  doi       = {10.1007/978-3-030-01261-8\_7},
  timestamp = {Tue, 14 May 2019 10:00:45 +0200},
  biburl    = {https://dblp.org/rec/conf/eccv/BaradelNWMM18.bib},
  bibsource = {dblp computer science bibliography, https://dblp.org}
}

 @misc{Kanji, 
 title={Room size influences flow in robotic-assisted surgery},
 url={https://www.ncbi.nlm.nih.gov/pmc/articles/PMC8345669/}, 
 journal={International journal of environmental research and public health}, 
 publisher={U.S. National Library of Medicine}, 
 author={Kanji, Falisha and Cohen, Tara and Alfred, Myrtede and Caron, Ashley and Lawton, Samuel and Savage, Stephen and Shouhed, Daniel and Anger, Jennifer T and Catchpole, Ken}, 
 year={2021}, 
 month={Jul}} 


@article{Endonet,
  author    = {Andru Putra Twinanda and
              Sherif Shehata and
              Didier Mutter and
              Jacques Marescaux and
              Michel de Mathelin and
              Nicolas Padoy},
  title     = {{EndoNet}: {A} Deep Architecture for Recognition Tasks on Laparoscopic
              Videos},
  journal   = {IEEE Transactions on Medical Imaging (TMI)},
  volume    = {abs/1602.03012},
  year      = {2016},
  url-dummy= {http://arxiv.org/abs/1602.03012},
  archivePrefix = {arXiv},
  eprint    = {1602.03012},
  timestamp = {Mon, 13 Aug 2018 16:46:10 +0200},
  biburl    = {https://dblp.org/rec/bib/journals/corr/TwinandaSMMMP16},
  bibsource = {dblp computer science bibliography, https://dblp.org}
}

@article{VideoBERT,
  author    = {Chen Sun and
               Austin Myers and
               Carl Vondrick and
               Kevin Murphy and
               Cordelia Schmid},
  title     = {VideoBERT: {A} Joint Model for Video and Language Representation Learning},
  journal   = {ICCV},
  year      = {2019},
  eprint    = {1904.01766},
  timestamp = {Wed, 21 Oct 2020 08:21:23 +0200},
  biburl    = {https://dblp.org/rec/journals/corr/abs-1904-01766.bib},
  bibsource = {dblp computer science bibliography, https://dblp.org}
}

@article{BERT_BEIT,
  author    = {Hangbo Bao and
               Li Dong and
               Furu Wei},
  title     = {BEiT: {BERT} Pre-Training of Image Transformers},
  journal   = {CoRR},
  volume    = {abs/2106.08254},
  year      = {2021},
  url       = {https://arxiv.org/abs/2106.08254},
  eprinttype = {arXiv},
  eprint    = {2106.08254},
  timestamp = {Tue, 29 Jun 2021 16:55:04 +0200},
  biburl    = {https://dblp.org/rec/journals/corr/abs-2106-08254.bib},
  bibsource = {dblp computer science bibliography, https://dblp.org}
}

@inproceedings{4DOR,
  author    = {Ege {\"{O}}zsoy and
               Evin Pinar {\"{O}}rnek and
               Ulrich Eck and
               Tobias Czempiel and
               Federico Tombari and
               Nassir Navab},
  title     = {4D-OR: Semantic Scene Graphs for {OR} Domain Modeling},
  booktitle = {MICCAI 2022},
  year      = {2022},
}

@article{DBLP:journals/corr/abs-1812-00033,
  author    = {Tong Yu and
              Didier Mutter and
              Jacques Marescaux and
              Nicolas Padoy},
  title     = {Learning from a tiny dataset of manual annotations: a teacher/student
              approach for surgical phase recognition},
  journal   = {IPCAI},
  year      = {2019},
}







@article{Dergachyova2016,
  doi-dummy = {10.1007/s11548-016-1371-x},
  url-dummy = {https://doi.org/10.1007/s11548-016-1371-x},
  year = {2016},
  month = mar,
  publisher = {Springer Science and Business Media {LLC}},
  volume = {11},
  number = {6},
  pages = {1081--1089},
  author = {Olga Dergachyova and David Bouget and Arnaud Huaulm{\'{e}} and Xavier Morandi and Pierre Jannin},
  title = {Automatic data-driven real-time segmentation and recognition of surgical workflow},
  journal = {IJCARS}
}

@article{Quellec2014,
  doi-dummy = {10.1016/j.media.2014.02.007},
  url-dummy = {https://doi.org/10.1016/j.media.2014.02.007},
  year = {2014},
  month = apr,
  publisher = {Elsevier {BV}},
  volume = {18},
  number = {3},
  pages = {579--590},
  author = {Gw{\'{e}}nol{\'{e}} Quellec and Katia Charri{\`{e}}re and Mathieu Lamard and Zakarya Droueche and Christian Roux and B{\'{e}}atrice Cochener and Guy Cazuguel},
  title = {Real-time recognition of surgical tasks in eye surgery videos},
  journal = {Medical Image Analysis}
}

@article{Forestier2015,
  doi-dummy = {10.1007/s11548-015-1195-0},
  url-dummy = {https://doi.org/10.1007/s11548-015-1195-0},
  year = {2015},
  month = apr,
  publisher = {Springer Science and Business Media {LLC}},
  volume = {10},
  number = {6},
  pages = {833--841},
  author = {Germain Forestier and Laurent Riffaud and Pierre Jannin},
  title = {Automatic phase prediction from low-level surgical activities},
  journal = {IJCARS}
}


@article{Twinanda2017,
  doi-dummy = {10.1109/tmi.2016.2593957},
  url-dummy = {https://doi.org/10.1109/tmi.2016.2593957},
  year = {2017},
  month = jan,
  publisher = {Institute of Electrical and Electronics Engineers ({IEEE})},
  volume = {36},
  number = {1},
  pages = {86--97},
  author = {Andru P. Twinanda and Sherif Shehata and Didier Mutter and Jacques Marescaux and Michel de Mathelin and Nicolas Padoy},
  title = {{EndoNet}: A Deep Architecture for Recognition Tasks on Laparoscopic Videos},
  journal = {{IEEE} TMI}
}

@inproceedings{Zisimopoulos2018DeepPhaseSP,
  title={{DeepPhase}: Surgical Phase Recognition in CATARACTS Videos},
  author={Odysseas Zisimopoulos and Evangello Flouty and Imanol Luengo and P. Giataganas and J. Nehme and A. Chow and D. Stoyanov},
  booktitle={MICCAI},
  year={2018}
}


@article{STRG,
  author    = {Xiaolong Wang and
               Abhinav Gupta},
  title     = {Videos as Space-Time Region Graphs},
  journal   = {ECCV},
  volume    = {abs/1806.01810},
  year      = {2018},
  url       = {http://arxiv.org/abs/1806.01810},
  eprint    = {1806.01810},
  timestamp = {Fri, 05 Apr 2019 07:29:46 +0200},
  biburl    = {https://dblp.org/rec/journals/corr/abs-1806-01810.bib},
  bibsource = {dblp computer science bibliography, https://dblp.org}
}

@article{STIN,
  author    = {Joanna Materzynska and
               Tete Xiao and
               Roei Herzig and
               Huijuan Xu and
               Xiaolong Wang and
               Trevor Darrell},
  title     = {Something-Else: Compositional Action Recognition with Spatial-Temporal
               Interaction Networks},
  journal   = {CVPR},
  volume    = {abs/1912.09930},
  year      = {2019},
  
  eprint    = {1912.09930},
  timestamp = {Tue, 11 May 2021 12:16:39 +0200},
  biburl    = {https://dblp.org/rec/journals/corr/abs-1912-09930.bib},
  bibsource = {dblp computer science bibliography, https://dblp.org}
}

@inproceedings{ORVIT,
  author    = {Roei Herzig and
               Elad Ben{-}Avraham and
               Karttikeya Mangalam and
               Amir Bar and
               Gal Chechik and
               Anna Rohrbach and
               Trevor Darrell and
               Amir Globerson},
  title     = {Object-Region Video Transformers},
  booktitle = {CVPR 2022},
  pages     = {3138--3149},
  publisher = {{IEEE}},
  year      = {2022},
}
@inproceedings{STAG,
  author    = {Roei Herzig and
               Elad Levi and
               Huijuan Xu and
               Hang Gao and
               Eli Brosh and
               Xiaolong Wang and
               Amir Globerson and
               Trevor Darrell},
  title     = {Spatio-Temporal Action Graph Networks},
  booktitle = {2019 {IEEE/CVF} International Conference on Computer Vision Workshops,
               {ICCV} Workshops 2019, Seoul, Korea (South), October 27-28, 2019},
  pages     = {2347--2356},
  publisher = {{IEEE}},
  year      = {2019},

  doi       = {10.1109/ICCVW.2019.00288},
  timestamp = {Tue, 11 May 2021 12:16:39 +0200},
  biburl    = {https://dblp.org/rec/conf/iccvw/HerzigLXGBWGD19.bib},
  bibsource = {dblp computer science bibliography, https://dblp.org}
}

@article{Jin2018,
  doi-dummy = {10.1109/tmi.2017.2787657},
  year = {2018},
  month = may,
  publisher = {Institute of Electrical and Electronics Engineers ({IEEE})},
  volume = {37},
  number = {5},
  pages = {1114--1126},
  author = {Yueming Jin and Qi Dou and Hao Chen and Lequan Yu and Jing Qin and Chi-Wing Fu and Pheng-Ann Heng},
  title = {{SV-RCNet}: Workflow Recognition From Surgical Videos Using Recurrent Convolutional Network},
  journal = {{IEEE} TMI}
}





@article{Yengera2018LessIM,
  title={{Less is More}: Surgical Phase Recognition with Less Annotations through Self-Supervised Pre-training of CNN-LSTM Networks},
  author={Gaurav Yengera and D. Mutter and J. Marescaux and Nicolas Padoy},
  journal={ArXiv},
  year={2018},
  volume={abs/1805.08569}
}

@article{AlHajj2019,
  doi-dummy = {10.1016/j.media.2018.11.008},
  url-dummy = {https://doi.org/10.1016/j.media.2018.11.008},
  year = {2019},
  month = feb,
  publisher = {Elsevier {BV}},
  volume = {52},
  pages = {24--41},
  author = {Hassan Al Hajj and Mathieu Lamard and Pierre-Henri Conze and Soumali Roychowdhury and Xiaowei Hu and Gabija Mar{\v{s}}alkait{\.{e}} and Odysseas Zisimopoulos and Muneer Ahmad Dedmari and Fenqiang Zhao and Jonas Prellberg and Manish Sahu and Adrian Galdran and Teresa Ara{\'{u}}jo and Duc My Vo and Chandan Panda and Navdeep Dahiya and Satoshi Kondo and Zhengbing Bian and Arash Vahdat and Jonas Bialopetravi{\v{c}}ius and Evangello Flouty and Chenhui Qiu and Sabrina Dill and Anirban Mukhopadhyay and Pedro Costa and Guilherme Aresta and Senthil Ramamurthy and Sang-Woong Lee and Aur{\'{e}}lio Campilho and Stefan Zachow and Shunren Xia and Sailesh Conjeti and Danail Stoyanov and Jogundas Armaitis and Pheng-Ann Heng and William G. Macready and B{\'{e}}atrice Cochener and Gwenol{\'{e}} Quellec},
  title = {{CATARACTS}: Challenge on automatic tool annotation for {cataRACT} surgery},
  journal = {Medical Image Analysis}
}

@misc{oord2019,
      title={Representation Learning with Contrastive Predictive Coding}, 
      author={Aaron van den Oord and Yazhe Li and Oriol Vinyals},
      year={2019},
      eprint={1807.03748},
      archivePrefix={arXiv},
      primaryClass={cs.LG},
      url={https://arxiv.org/abs/1807.03748}, 
}

@misc{phalp,
      title={On the Benefits of 3D Pose and Tracking for Human Action Recognition}, 
      author={Jathushan Rajasegaran and Georgios Pavlakos and Angjoo Kanazawa and Christoph Feichtenhofer and Jitendra Malik},
      year={2023},
      journal={CVPR}
}


@article{Lalys2012,
  doi-dummy = {10.1109/tbme.2011.2181168},
  url-dummy = {https://doi.org/10.1109/tbme.2011.2181168},
  year = {2012},
  month = apr,
  publisher = {Institute of Electrical and Electronics Engineers ({IEEE})},
  volume = {59},
  number = {4},
  pages = {966--976},
  author = {F. Lalys and L. Riffaud and D. Bouget and P. Jannin},
  title = {A Framework for the Recognition of High-Level Surgical Tasks From Video Images for Cataract Surgeries},
  journal = {{IEEE} Transactions on Biomedical Engineering}
}



@inproceedings{Padoy2008OnlineRO,
  title={On-line Recognition of Surgical Activity for Monitoring in the Operating Room},
  author={Nicolas Padoy and Tobias Blum and H. Feu{\ss}ner and M. Berger and Nassir Navab},
  booktitle={AAAI},
  year={2008}
}

@article{MAE,
  author    = {Kaiming He and
               Xinlei Chen and
               Saining Xie and
               Yanghao Li and
               Piotr Doll{\'{a}}r and
               Ross B. Girshick},
  title     = {Masked Autoencoders Are Scalable Vision Learners},
  journal   = {CVPR},
  year      = {2021},
}

@article{MaskFeat,
  author    = {Chen Wei and
               Haoqi Fan and
               Saining Xie and
               Chao{-}Yuan Wu and
               Alan L. Yuille and
               Christoph Feichtenhofer},
  title     = {Masked Feature Prediction for Self-Supervised Visual Pre-Training},
  journal   = {CVPR},
  year      = {2022},

}

@misc{VMAE,
  
  url = {https://arxiv.org/abs/2203.12602},
  
  author = {Tong, Zhan and Song, Yibing and Wang, Jue and Wang, Limin},
  
  keywords = {Computer Vision and Pattern Recognition (cs.CV), FOS: Computer and information sciences, FOS: Computer and information sciences},
  
  title = {VideoMAE: Masked Autoencoders are Data-Efficient Learners for Self-Supervised Video Pre-Training},
  
  publisher = {NeurIPS},
  
  year = {2022},
  
}

@inproceedings{REPP,
author = {Sabater, Alberto and Montesano, Luis and Murillo, Ana},
year = {2020},
month = {10},
pages = {10536-10542},
title = {Robust and efficient post-processing for video object detection},
doi = {10.1109/IROS45743.2020.9341600}
}

@article{Hochreiter1997LongSM,
  title={Long Short-Term Memory},
  author={S. Hochreiter and J. Schmidhuber},
  journal={Neural Computation},
  year={1997},
  volume={9},
  pages={1735-1780}
}


@inproceedings{He2016,
  doi-dummy = {10.1109/cvpr.2016.90},
  url-dummy = {https://doi.org/10.1109/cvpr.2016.90},
  year = {2016},
  author = {Kaiming He and Xiangyu Zhang and Shaoqing Ren and Jian Sun},
  title = {Deep Residual Learning for Image Recognition},
  booktitle = {CVPR}
}

@incollection{He2016_V2,
  doi-dummy = {10.1007/978-3-319-46493-0\_38},
  url-dummy = {https://doi.org/10.1007/978-3-319-46493-0\_38},
  year = {2016},
  publisher = {Springer International Publishing},
  pages = {630--645},
  author = {Kaiming He and Xiangyu Zhang and Shaoqing Ren and Jian Sun},
  title = {Identity Mappings in Deep Residual Networks},
  booktitle = {Computer Vision {\textendash} {ECCV} 2016}
}

@incollection{Tao2013,
  doi-dummy = {10.1007/978-3-642-40760-4\_43},
  url-dummy = {https://doi.org/10.1007/978-3-642-40760-4\_43},
  year = {2013},
  publisher = {Springer Berlin Heidelberg},
  pages = {339--346},
  author = {Lingling Tao and Luca Zappella and Gregory D. Hager and Ren{\'{e}} Vidal},
  title = {Surgical Gesture Segmentation and Recognition},
  booktitle = {Medical Image Computing and Computer-Assisted Intervention {\textendash} {MICCAI} 2013}
}

@article{7805258,
  author={N. {Ahmidi} and L. {Tao} and S. {Sefati} and Y. {Gao} and C. {Lea} and B. B. {Haro} and L. {Zappella} and S. {Khudanpur} and R. {Vidal} and G. D. {Hager}},
  journal={IEEE Transactions on Biomedical Engineering}, 
  title={A Dataset and Benchmarks for Segmentation and Recognition of Gestures in Robotic Surgery}, 
  year={2017},
  volume={64},
  number={9},
  pages={2025-2041},
  doi-dummy={10.1109/TBME.2016.2647680}
}

@article{Lalys2013,
  doi-dummy = {10.1007/s11548-012-0685-6},
  url-dummy = {https://doi.org/10.1007/s11548-012-0685-6},
  year = {2012},
  month = apr,
  publisher = {Springer Science and Business Media {LLC}},
  volume = {8},
  number = {1},
  pages = {39--49},
  author = {Florent Lalys and David Bouget and Laurent Riffaud and Pierre Jannin},
  title = {Automatic knowledge-based recognition of low-level tasks in ophthalmological procedures},
  journal = {IJCARS}
}




  


@article{Amsterdam2019WeaklySR,
  title={Weakly Supervised Recognition of Surgical Gestures},
  author={Beatrice van Amsterdam and H. Nakawala and E. Momi and D. Stoyanov},
  journal={ICRA},
  year={2019},
  pages={9565-9571}
}



@inproceedings{5206848,
  author={J. {Deng} and W. {Dong} and R. {Socher} and L. {Li} and  {Kai Li} and  {Li Fei-Fei}},
  booktitle={CVPR}, 
  title={ImageNet: A large-scale hierarchical image database}, 
  year={2009},
  volume={},
  number={},
  pages={248-255},
  doi-dummy={10.1109/CVPR.2009.5206848}}
 
 


% article{MaierHein2017,
%   doi-dummy = {10.1038/s41551-017-0132-7},
%   url-dummy = {https://doi.org/10.1038/s41551-017-0132-7},
%   year = {2017},
%   month = sep,
%   publisher = {Springer Science and Business Media {LLC}},
%   volume = {1},
%   number = {9},
%   pages = {691--696},
%   author = {Lena Maier-Hein and Swaroop S. Vedula and Stefanie Speidel and et al.},
%   title = {Surgical data science for next-generation interventions},
%   journal = {Nature Biomedical Engineering}
% }





@inproceedings{Ressucit2013,
  author={Chakraborty, Ishani and Elgammal, Ahmed and Burd, Randall S.},
  booktitle={2013 10th IEEE International Conference and Workshops on Automatic Face and Gesture Recognition (FG)}, 
  title={Video based activity recognition in trauma resuscitation}, 
  year={2013},
  volume={},
  number={},
  pages={1-8},
  dummy-doi={10.1109/FG.2013.6553758}}

@inproceedings{FunkeBOBWS19,
  author    = {Isabel Funke and
               Sebastian Bodenstedt and
               Florian Oehme and
               Felix von Bechtolsheim and
               J{\"{u}}rgen Weitz and
               Stefanie Speidel},
  title     = {Using 3D Convolutional Neural Networks to Learn Spatiotemporal Features
               for Automatic Surgical Gesture Recognition in Video},
  booktitle = {MICCAI},
  year      = {2019}
}

@inproceedings{Schmidt2021,
  author    = {Adam Schmidt and
                Aidean Sharghi and
                Helene Haugerud and
                Daniel Oh and
                Omid Mohareri },
  dummy-publisher = {Springer International Publishing},
  title     = {Multi-view Surgical Video Action Detection via Mixed Global View Attention},
  booktitle = {MICCAI},
  year      = {2021},
  url-dummy = {https://doi.org/10.1007/978-3-030-87202-1_60}
}

@inproceedings{Sharghi2020,
  author    = {Aidean Sharghi and
                Helene Haugerud and
                Daniel Oh and
                Omid Mohareri},
  dummy-publisher = {Springer International Publishing},
  title     = {Automatic Operating Room Surgical Activity Recognition for Robot-Assisted Surgery},
  booktitle = {MICCAI},
  year      = {2020},
  url-dummy = {https://doi.org/10.1007/978-3-030-59716-0_37}
}

@misc{LatGraphAdit,

  
  author = {Murali, Aditya and Alapatt, Deepak and Mascagni, Pietro and Vardazaryan, Armine and Garcia, Alain and Okamoto, Nariaki and Mutter, Didier and Padoy, Nicolas},

  
  title = {Latent Graph Representations for Critical View of Safety Assessment},

  booktitle={Transactions on Medical Imaging, TMI},
  year = {2022}
}


@inproceedings{RPN,
  added-at = {2017-01-23T17:46:08.000+0100},
  author = {Ren, Shaoqing and He, Kaiming and Girshick, Ross B. and Sun, Jian},
  biburl = {https://www.bibsonomy.org/bibtex/2ceee12b1f8d61eed786dcdc15ffeb99f/nosebrain},
  booktitle = {NIPS},
  title = {Faster R-CNN: Towards Real-Time Object Detection with Region Proposal Networks.},
  year = 2015
}

@InProceedings{Convnext,
    author    = {Liu, Zhuang and Mao, Hanzi and Wu, Chao-Yuan and Feichtenhofer, Christoph and Darrell, Trevor and Xie, Saining},
    title     = {A ConvNet for the 2020s},
    booktitle = {CVPR},
    month     = {June},
    year      = {2022},
    pages     = {11976-11986}
}
  
@InProceedings{COCO,
author="Lin, Tsung-Yi
and Maire, Michael
and Belongie, Serge
and Hays, James
and Perona, Pietro
and Ramanan, Deva
and Doll{\'a}r, Piotr
and Zitnick, C. Lawrence",
editor="Fleet, David
and Pajdla, Tomas
and Schiele, Bernt
and Tuytelaars, Tinne",
title="Microsoft COCO: Common Objects in Context",
booktitle="Computer Vision -- ECCV 2014",
year="2014",
publisher="Springer International Publishing",
address="Cham",
pages="740--755",
}

@article{Gru,
  author    = {Kyunghyun Cho and
               Bart van Merrienboer and
               {\c{C}}aglar G{\"{u}}l{\c{c}}ehre and
               Fethi Bougares and
               Holger Schwenk and
               Yoshua Bengio},
  title     = {Learning Phrase Representations using {RNN} Encoder-Decoder for Statistical
               Machine Translation},
  journal   = {EMNLP},
  year      = {2014},
}

@article{Li2020AR3,
  title={A Robotic 3D Perception System for Operating Room Environment Awareness},
  author={Zhaoshuo Li and Amirreza Shaban and Jean-Gabriel Simard and Dinesh Rabindran and Simon P. DiMaio and Omid Mohareri},
  journal={IPCAI},
  year={2020},
  dummy-volume={abs/2003.09487}
}

@article{HeResNet,
  author    = {Kaiming He and
               Xiangyu Zhang and
               Shaoqing Ren and
               Jian Sun},
  title     = {Deep Residual Learning for Image Recognition},
  journal   = {CoRR},
  volume    = {abs/1512.03385},
  year      = {2015},
  url       = {http://arxiv.org/abs/1512.03385},
  eprinttype = {arXiv},
  eprint    = {1512.03385},
  timestamp = {Wed, 17 Apr 2019 17:23:45 +0200},
  biburl    = {https://dblp.org/rec/journals/corr/HeZRS15.bib},
  bibsource = {dblp computer science bibliography, https://dblp.org}
}

@article{X3D,
  title={X3D: Expanding Architectures for Efficient Video Recognition},
  author={Christoph Feichtenhofer},
  journal={CVPR},
  year={2020},
  pages={200-210}
}

@article{Slowfast,
  title={SlowFast Networks for Video Recognition},
  author={Christoph Feichtenhofer and Haoqi Fan and Jitendra Malik and Kaiming He},
  journal={ICCV},
  year={2018},
  pages={6201-6210}
}

@INPROCEEDINGS{I3D,
  author={Carreira, João and Zisserman, Andrew},
  booktitle={CVPR}, 
  title={Quo Vadis, Action Recognition? A New Model and the Kinetics Dataset}, 
  year={2017}}
  
@article{LSTM,
author = {Hochreiter, Sepp and Schmidhuber, Jürgen},
year = {1997},
month = {12},
pages = {1735-80},
title = {Long Short-term Memory},
volume = {9},
journal = {Neural computation},
doi = {10.1162/neco.1997.9.8.1735}
}

@article{Catchpole2015SafetyEA,
  title={Safety, efficiency and learning curves in robotic surgery: a human factors analysis},
  author={Kenneth Catchpole and Colby E Perkins and Catherine Bresee and M. Jonathon Solnik and Benjamin Sherman and John L Fritch and Bruno Gross and Samantha Jagannathan and Niv Hakami-Majd and Raymund M. Avenido and Jennifer T. Anger},
  journal={Surgical Endoscopy},
  year={2015},
  volume={30},
  pages={3749-3761}
}



@inproceedings{Twinanda2017MultiStreamDA,
  title={Multi-Stream Deep Architecture for Surgical Phase Recognition on Multi-View RGBD Videos},
  author={Andru Putra Twinanda and Pramita Winata and Afshin Gangi and Michel De and Mathelin and Nicolas Padoy},
  year={2017}
}



@article{Kadkhodamohammadi17,
  title={A Multi-view RGB-D Approach for Human Pose Estimation in Operating Rooms},
  author={Abdolrahim Kadkhodamohammadi and Afshin Gangi and Michel de Mathelin and Nicolas Padoy},
  journal={2017 IEEE WACV},
  year={2017}
}




@article{DBLP:journals/corr/abs-1806-00466,
  author    = {Aneeq Zia and
               Andrew Hung and
               Irfan A. Essa and
               Anthony M. Jarc},
  title     = {Surgical Activity Recognition in Robot-Assisted Radical Prostatectomy
               using Deep Learning},
  journal   = {CoRR},
  volume    = {abs/1806.00466},
  year      = {2018},
  dummy-url       = {http://arxiv.org/abs/1806.00466},
  eprinttype = {arXiv},
  eprint    = {1806.00466},
  timestamp = {Mon, 13 Aug 2018 16:48:50 +0200},
  dummy-biburl    = {https://dblp.org/rec/journals/corr/abs-1806-00466.bib},
  bibsource = {dblp computer science bibliography, https://dblp.org}
}

@article{DBLP:journals/corr/abs-1811-12296,
  title={Face detection in the operating room: comparison of state-of-the-art methods and a self-supervised approach},
  author={Thibaut Issenhuth and Vinkle Kumar Srivastav and Afshin Gangi and Nicolas Padoy},
  journal={IJCARS},
  year={2019}
}


@article{MVORVinkle,
  title={MVOR: A Multi-view RGB-D Operating Room Dataset for 2D and 3D Human Pose Estimation},
  author={Vinkle Kumar Srivastav and Thibaut Issenhuth and Abdolrahim Kadkhodamohammadi and Michel de Mathelin and Afshin Gangi and Nicolas Padoy},
  journal={ArXiv},
  year={2018},
  volume={abs/1808.08180}
}

@article{Yeung2019ACV,
  title={A computer vision system for deep learning-based detection of patient mobilization activities in the ICU},
  author={Serena Yeung and Francesca Rinaldo and Jeffrey K. Jopling and Bingbin Liu and Rishab Mehra and Norman Lance Downing and Michelle Guo and Gabriel M. Bianconi and Alexandre Alahi and Julia Lee and Brandi Campbell and Kayla Deru and William Beninati and Li Fei-Fei and Arnold Milstein},
  journal={NPJ Digital Medicine},
  year={2019},
  volume={2}
}




@article{AlHajj2018,
  doi-dummy = {10.1016/j.media.2018.05.001},
  url-dummy = {https://doi.org/10.1016/j.media.2018.05.001},
  year = {2018},
  month = jul,
  publisher = {Elsevier {BV}},
  volume = {47},
  pages = {203--218},
  author = {Hassan Al Hajj and Mathieu Lamard and Pierre-Henri Conze and B{\'{e}}atrice Cochener and Gwenol{\'{e}} Quellec},
  title = {Monitoring tool usage in surgery videos using boosted convolutional and recurrent neural networks},
  journal = {MedIA}
}


@article{Singh2020AutomaticDO,
  title={Automatic detection of hand hygiene using computer vision technology},
  author={Ashutosh Kumar Singh and Albert Haque and Alexandre Alahi and Serena Yeung and Michelle Guo and Jill R Glassman and William Beninati and Terry Platchek and Li Fei-Fei and Arnold Milstein},
  journal={Journal of the American Medical Informatics Association : JAMIA},
  year={2020},
  volume={27},
  pages={1316 - 1320}
}

@article{ICU_Hand,
  author    = {Albert Haque and
               Michelle Guo and
               Alexandre Alahi and
               Serena Yeung and
               Zelun Luo and
               Alisha Rege and
               Jeffrey Jopling and
               N. Lance Downing and
               William Beninati and
               Amit Singh and
               Terry Platchek and
               Arnold Milstein and
               Li Fei{-}Fei},
  title     = {Towards Vision-Based Smart Hospitals: {A} System for Tracking and
               Monitoring Hand Hygiene Compliance},
  journal   = {CoRR},
  volume    = {abs/1708.00163},
  year      = {2017},
  dummy-url       = {http://arxiv.org/abs/1708.00163},
  eprinttype = {arXiv},
  eprint    = {1708.00163},
  timestamp = {Mon, 22 Jul 2019 14:55:29 +0200},
  dummy-biburl    = {https://dblp.org/rec/journals/corr/abs-1708-00163.bib}
}

@article{LowReso,
  title={Human Pose Estimation on Privacy-Preserving Low-Resolution Depth Images},
  author={Vinkle Kumar Srivastav and Afshin Gangi and Nicolas Padoy},
  journal={MICCAI},
  year={2019},
  volume={abs/2007.08340}
}

@inproceedings{lin2023match,
  title={Match, expand and improve: Unsupervised finetuning for zero-shot action recognition with language knowledge},
  author={Lin, Wei and Karlinsky, Leonid and Shvetsova, Nina and Possegger, Horst and Kozinski, Mateusz and Panda, Rameswar and Feris, Rogerio and Kuehne, Hilde and Bischof, Horst},
  booktitle={ICCV},
  pages={2851--2862},
  year={2023}
}
@inproceedings{jia2021scaling,
  title={Scaling up visual and vision-language representation learning with noisy text supervision},
  author={Jia, Chao and Yang, Yinfei and Xia, Ye and Chen, Yi-Ting and Parekh, Zarana and Pham, Hieu and Le, Quoc and Sung, Yun-Hsuan and Li, Zhen and Duerig, Tom},
  booktitle={ICML},
  pages={4904--4916},
  year={2021},
  organization={PMLR}
}
@article{zou2024segment,
  title={Segment everything everywhere all at once},
  author={Zou, Xueyan and Yang, Jianwei and Zhang, Hao and Li, Feng and Li, Linjie and Wang, Jianfeng and Wang, Lijuan and Gao, Jianfeng and Lee, Yong Jae},
  journal={Advances in Neural Information Processing Systems},
  volume={36},
  year={2024}
}

@inproceedings{cao2017realtime,
  title={Realtime multi-person 2d pose estimation using part affinity fields},
  author={Cao, Zhe and Simon, Tomas and Wei, Shih-En and Sheikh, Yaser},
  booktitle={CVPR},
  pages={7291--7299},
  year={2017}
}

@article{maier2022surgical,
  title={Surgical data science--from concepts toward clinical translation},
  author={Maier-Hein, Lena and Eisenmann, Matthias and Sarikaya, Duygu and M{\"a}rz, Keno and Collins, Toby and Malpani, Anand and Fallert, Johannes and Feussner, Hubertus and Giannarou, Stamatia and Mascagni, Pietro and others},
  journal={Medical image analysis},
  volume={76},
  pages={102306},
  year={2022},
  publisher={Elsevier}
}
@article{kadkhodamohammadi2021towards,
  title={Towards video-based surgical workflow understanding in open orthopaedic surgery},
  author={Kadkhodamohammadi, Abdolrahim and Sivanesan Uthraraj, Nachappa and Giataganas, Petros and Gras, Gauthier and Kerr, Karen and Luengo, Imanol and Oussedik, Sam and Stoyanov, Danail},
  journal={Computer Methods in Biomechanics and Biomedical Engineering: Imaging \& Visualization},
  volume={9},
  number={3},
  pages={286--293},
  year={2021},
  publisher={Taylor \& Francis}
}
@article{zhang2021real,
  title={Real-time medical phase recognition using long-term video understanding and progress gate method},
  author={Zhang, Yanyi and Marsic, Ivan and Burd, Randall S},
  journal={Medical Image Analysis},
  volume={74},
  pages={102224},
  year={2021},
  publisher={Elsevier}
}
@article{rodas2016see,
  title={See it with your own eyes: Markerless mobile augmented reality for radiation awareness in the hybrid room},
  author={Rodas, Nicolas Loy and Barrera, Fernando and Padoy, Nicolas},
  journal={IEEE Transactions on Biomedical Engineering},
  year={2016},
  publisher={IEEE}
}
@article{padoy2019machine,
  title={Machine and deep learning for workflow recognition during surgery},
  author={Padoy, Nicolas},
  journal={Minimally Invasive Therapy \& Allied Technologies},
  volume={28},
  number={2},
  pages={82--90},
  year={2019},
  publisher={Taylor \& Francis}
}
@article{vercauteren2019cai4cai,
  title={Cai4cai: the rise of contextual artificial intelligence in computer-assisted interventions},
  author={Vercauteren, Tom and Unberath, Mathias and Padoy, Nicolas and Navab, Nassir},
  journal={Proceedings of the IEEE},
  volume={108},
  number={1},
  pages={198--214},
  year={2019},
  publisher={IEEE}
}

@inproceedings{Geng,
  title={Multimodal Masked Autoencoders Learn Transferable Representations},
  author={Xinyang Geng and Hao Liu and Lisa Lee and Dale Schuurams and Sergey Levine and P. Abbeel},
  booktitle={ECCV},
  year={2022},
}

@inproceedings{PCT,
	author={Zigang Geng and Chunyu Wang and Yixuan Wei and Ze Liu and Houqiang Li and Han Hu},
	title={Human Pose as Compositional Tokens},
	booktitle={{CVPR}},
	year={2023}, 
}

@inproceedings{vitpose,
 author = {Xu, Yufei and Zhang, Jing and Zhang, Qiming and Tao, Dacheng},
 booktitle = {Advances in Neural Information Processing Systems},
 editor = {S. Koyejo and S. Mohamed and A. Agarwal and D. Belgrave and K. Cho and A. Oh},
 pages = {38571--38584},
 publisher = {Curran Associates, Inc.},
 title = {ViTPose: Simple Vision Transformer Baselines for Human Pose Estimation},
 volume = {35},
 year = {2022}
}

@article{MoCAP,
  title={Efficient ConvNet-based marker-less motion capture in general scenes with a low number of cameras},
  author={Ahmed Elhayek and Edilson de Aguiar and Arjun Jain and Jonathan Tompson and Leonid Pishchulin and Mykhaylo Andriluka and Christoph Bregler and Bernt Schiele and Christian Theobalt},
  journal={CVPR},
  year={2015}
}



@inproceedings{AdamW,
  title={Decoupled Weight Decay Regularization},
  author={Ilya Loshchilov and Frank Hutter},
  booktitle={ICLR},
  year={2017}
}

@article{LLMsAG,
  title={LLMs are Good Action Recognizers},
  author={Haoxuan Qu and Yujun Cai and Jun Liu},
  journal={CVPR},
  year={2024}
}

@article{MAMP,
  title={Masked Motion Predictors are Strong 3D Action Representation Learners},
  author={Yunyao Mao and Jiajun Deng and Wen-gang Zhou and Yao Fang and Wanli Ouyang and Houqiang Li},
  journal={ICCV},
  year={2023},
  pages={10147-10157},
  url={https://api.semanticscholar.org/CorpusID:260887435}
}
@article{SkeletonMAE,
  title={SkeletonMAE: Graph-based Masked Autoencoder for Skeleton Sequence Pre-training},
  author={Hongfei Yan and Y. Liu and Yushen Wei and Z. Li and Guanbin Li and Liang Lin},
  journal={ICCV},
  year={2023}
}

@article{PeVLPV,
  title={PeVL: Pose-Enhanced Vision-Language Model for Fine-Grained Human Action Recognition},
  author={Haosong Zhang and Mei Chee Leong and Liyuan Li and Weisi Lin},
  journal={CVPR},
  year={2024}
}

@article{UnimodalAdapt,
  title={Multimodal Representation Learning by Alternating Unimodal Adaptation},
  author={Xiaohui Zhang and Jaehong Yoon and Mohit Bansal and Huaxiu Yao},
  journal={CVPR},
  year={2023},
  pages={27446-27456},
  url={https://api.semanticscholar.org/CorpusID:265281117}
}

@article{Yang2022VisionLanguagePW,
  title={Vision-Language Pre-Training with Triple Contrastive Learning},
  author={Jinyu Yang and Jiali Duan and S. Tran and Yi Xu and Sampath Chanda and Liqun Chen and Belinda Zeng and Trishul M. Chilimbi and Junzhou Huang},
  journal={CVPR},
  year={2022}
}

@article{Koksal2024SANGRIASV,
  title={SANGRIA: Surgical Video Scene Graph Optimization for Surgical Workflow Prediction},
  author={cCaughan Koksal and Ghazal Ghazaei and Felix Holm and Azade Farshad and Nassir Navab},
  journal={MICCAI},
  year={2024}
}

@article{Czempiel2020TeCNOSP,
  title={TeCNO: Surgical Phase Recognition with Multi-Stage Temporal Convolutional Networks},
  author={Tobias Czempiel and Magdalini Paschali and Matthias Keicher and Walter Simson and Hubertus Feu{\ss}ner and S. T. Kim and Nassir Navab},
  journal={MICCAI},
  year={2020}
}

@article{Paszke2019PyTorchAI,
  title={PyTorch: An Imperative Style, High-Performance Deep Learning Library},
  author={Adam Paszke and Sam Gross and Francisco Massa and Adam Lerer and James Bradbury and Gregory Chanan and Trevor Killeen and Zeming Lin and Natalia Gimelshein and Luca Antiga and Alban Desmaison and Andreas K{\"o}pf and Edward Yang and Zach DeVito and Martin Raison and Alykhan Tejani and Sasank Chilamkurthy and Benoit Steiner and Lu Fang and Junjie Bai and Soumith Chintala},
  journal={ArXiv},
  year={2019},
  volume={abs/1912.01703}
}

@inproceedings{MV-MWM,
  title={Multi-View Masked World Models for Visual Robotic Manipulation},
  author={Younggyo Seo and Junsup Kim and Stephen James and Kimin Lee and Jinwoo Shin and P. Abbeel},
  booktitle={ICML},
  year={2023},
  url={https://api.semanticscholar.org/CorpusID:256615177}
}

@article{ImageBeIT,
  title={Image as a Foreign Language: BEIT Pretraining for Vision and Vision-Language Tasks},
  author={Wen Wang and Hangbo Bao and Li Dong and Johan Bjorck and Zhiliang Peng and Qiangbo Liu and Kriti Aggarwal and Owais Khan Mohammed and Saksham Singhal and Subhojit Som and Furu Wei},
  journal={CVPR},
  year={2023}
}
@article{4MMM,
  title={4M: Massively Multimodal Masked Modeling},
  author={David Mizrahi and Roman Bachmann and Ouguzhan Fatih Kar and Teresa Yeo and Mingfei Gao and Afshin Dehghan and Amir Zamir},
  journal={NeurIPS},
  year={2023}
}

@article{SimCLR,
  title={A Simple Framework for Contrastive Learning of Visual Representations},
  author={Ting Chen and Simon Kornblith and Mohammad Norouzi and Geoffrey E. Hinton},
  journal={ICML},
  year={2020}
}

@article{BEiT,
  title={BEiT: BERT Pre-Training of Image Transformers},
  author={Hangbo Bao and Li Dong and Furu Wei},
  journal={ICLR},
  year={2021}
}

@article{MoCo,
  title={Momentum Contrast for Unsupervised Visual Representation Learning},
  author={Kaiming He and Haoqi Fan and Yuxin Wu and Saining Xie and Ross B. Girshick},
  journal={CVPR},
  year={2019},
  pages={9726-9735}
}

@article{Swav,
  title={Unsupervised Learning of Visual Features by Contrasting Cluster Assignments},
  author={Mathilde Caron and Ishan Misra and Julien Mairal and Priya Goyal and Piotr Bojanowski and Armand Joulin},
  journal={NeurIPS},
  year={2020},
  volume={abs/2006.09882}
}

@article{BYOL,
  title={Bootstrap Your Own Latent: A New Approach to Self-Supervised Learning},
  author={Jean-Bastien Grill and Florian Strub and Florent Altch'e and Corentin Tallec and Pierre H. Richemond and Elena Buchatskaya and Carl Doersch and Bernardo {\'A}vila Pires and Zhaohan Daniel Guo and Mohammad Gheshlaghi Azar and Bilal Piot and Koray Kavukcuoglu and R{\'e}mi Munos and Michal Valko},
  journal={NeurIPS},
  year={2020}
}

@inproceedings{Du_RNN,
author = {Du, Yong and Wang, Wei and Wang, Liang},
year = {2015},
month = {06},
pages = {1110-1118},
title = {Hierarchical recurrent neural network for skeleton based action recognition},
doi = {10.1109/CVPR.2015.7298714}
}

@misc{STGCN,
      title={Spatial Temporal Graph Convolutional Networks for Skeleton-Based Action Recognition}, 
      author={Sijie Yan and Yuanjun Xiong and Dahua Lin},
      year={2018},
      eprint={1801.07455},
      archivePrefix={arXiv},
      primaryClass={cs.CV},
      url={https://arxiv.org/abs/1801.07455}, 
}

@inproceedings{Efros03, 
  title = {Recognizing Action at a Distance}, 
  author = {Alexei A. Efros and Alexander C. Berg and Greg Mori and
Jitendra Malik}, 
  pages = {726--733}, 
  booktitle = {ICCV}, 
  address = {Nice, France}, 
  year = 2003 }

@inproceedings{Ramanan,
 author = {Ramanan, Deva},
 booktitle = {NeurIPS},
 editor = {B. Sch\"{o}lkopf and J. Platt and T. Hoffman},
 title = {Learning to parse images of articulated bodies},
 year = {2006}
}

@inproceedings{zhou2023learning,
  title={Learning discriminative representations for skeleton based action recognition},
  author={Zhou, Huanyu and Liu, Qingjie and Wang, Yunhong},
  booktitle={CVPR},
  pages={10608--10617},
  year={2023}
}

@inproceedings{duan2022revisiting,
  title={Revisiting skeleton-based action recognition},
  author={Duan, Haodong and Zhao, Yue and Chen, Kai and Lin, Dahua and Dai, Bo},
  booktitle={CVPR},
  pages={2969--2978},
  year={2022}
}

@inproceedings{srivastav2020self,
  title={Self-supervision on unlabelled or data for multi-person 2d/3d human pose estimation},
  author={Srivastav, Vinkle and Gangi, Afshin and Padoy, Nicolas},
  booktitle={MICCAI},
  year={2020}
}

@article{Jamal2023SurgMAEMA,
  title={SurgMAE: Masked Autoencoders for Long Surgical Video Analysis},
  author={Muhammad Abdullah Jamal and Omid Mohareri},
  journal={ArXiv},
  year={2023},
  volume={abs/2305.11451},
  url={https://api.semanticscholar.org/CorpusID:258823463}
}

@article{Ramesh2022DissectingSL,
  title={Dissecting Self-Supervised Learning Methods for Surgical Computer Vision},
  author={Sanat Ramesh and Vinkle Kumar Srivastav and Deepak Alapatt and Tong Yu and Aditya Murali and Luca Sestini and Chinedu Innocent Nwoye and Idris Hamoud and Antoine Fleurentin and Georgios Exarchakis and Alexandros Karargyris and Nicolas Padoy},
  journal={Medical image analysis},
  year={2022},
  volume={88},
  pages={
          102844
        },
  url={https://api.semanticscholar.org/CorpusID:250244099}
}


@InProceedings{Jamal-ISI,
author="Jamal, Muhammad Abdullah
and Mohareri, Omid",
title="Multi-modal Unsupervised Pre-training for Surgical Operating Room Workflow Analysis",
booktitle="Medical Image Computing and Computer Assisted Intervention -- MICCAI 2022",
year="2022",
}
