@inproceedings{4DOR,
  author    = {Ege {\"{O}}zsoy and
               Evin Pinar {\"{O}}rnek and
               Ulrich Eck and
               Tobias Czempiel and
               Federico Tombari and
               Nassir Navab},
  title     = {4D-OR: Semantic Scene Graphs for {OR} Domain Modeling},
  booktitle = {MICCAI 2022},
  year      = {2022},
}

@inproceedings{AlignBF,
  title={Align before Fuse: Vision and Language Representation Learning with Momentum Distillation},
  author={Junnan Li and Ramprasaath R. Selvaraju and Akhilesh Deepak Gotmare and Shafiq R. Joty and Caiming Xiong and Steven C. H. Hoi},
  booktitle={NeurIPS},
  year={2021}
}

@article{BEiT,
  title={BEiT: BERT Pre-Training of Image Transformers},
  author={Hangbo Bao and Li Dong and Furu Wei},
  journal={ICLR},
  year={2021}
}

@article{BYOL,
  title={Bootstrap Your Own Latent: A New Approach to Self-Supervised Learning},
  author={Jean-Bastien Grill and Florian Strub and Florent Altch'e and Corentin Tallec and Pierre H. Richemond and Elena Buchatskaya and Carl Doersch and Bernardo {\'A}vila Pires and Zhaohan Daniel Guo and Mohammad Gheshlaghi Azar and Bilal Piot and Koray Kavukcuoglu and R{\'e}mi Munos and Michal Valko},
  journal={NeurIPS},
  year={2020}
}

@inproceedings{CLIP,
  author       = {Alec Radford and
                  Jong Wook Kim and
                  Chris Hallacy and
                  Aditya Ramesh and
                  Gabriel Goh and
                  Sandhini Agarwal and
                  Girish Sastry and
                  Amanda Askell and
                  Pamela Mishkin and
                  Jack Clark and
                  Gretchen Krueger and
                  Ilya Sutskever},
  title        = {Learning Transferable Visual Models From Natural Language Supervision},
  booktitle    = {ICML},
  year         = {2021}
}

@article{Dai2020ToyotaSU,
  title={Toyota Smarthome Untrimmed: Real-World Untrimmed Videos for Activity Detection},
  author={Rui Dai and Srijan Das and Saurav Sharma and Luca Minciullo and Lorenzo Garattoni and François Br{\'e}mond and Gianpiero Francesca},
  journal={IEEE Transactions on Pattern Analysis and Machine Intelligence},
  year={2020}
}

@inproceedings{Du_RNN,
author = {Du, Yong and Wang, Wei and Wang, Liang},
year = {2015},
month = {06},
pages = {1110-1118},
title = {Hierarchical recurrent neural network for skeleton based action recognition},
doi = {10.1109/CVPR.2015.7298714}
}

@article{Ege_IJCARS,
author = {Özsoy, Ege and Czempiel, Tobias and Örnek, Evin Pınar and Eck, Ulrich and Tombari, Federico and Navab, Nassir},
year = {2023},
title = {Holistic OR domain modeling: a semantic scene graph approach},
journal = {IJCARS}
}

@article{ImageBeIT,
  title={Image as a Foreign Language: BEIT Pretraining for Vision and Vision-Language Tasks},
  author={Wen Wang and Hangbo Bao and Li Dong and Johan Bjorck and Zhiliang Peng and Qiangbo Liu and Kriti Aggarwal and Owais Khan Mohammed and Saksham Singhal and Subhojit Som and Furu Wei},
  journal={CVPR},
  year={2023}
}

@InProceedings{Jamal-ISI,
author="Jamal, Muhammad Abdullah
and Mohareri, Omid",
title="Multi-modal Unsupervised Pre-training for Surgical Operating Room Workflow Analysis",
booktitle="Medical Image Computing and Computer Assisted Intervention -- MICCAI 2022",
year="2022",
}

@article{Johansson1973VisualPO,
  title={Visual perception of biological motion and a model for its analysis},
  author={Gunnar Johansson},
  journal={Perception \& Psychophysics},
  year={1973},
  volume={14},
  pages={201-211},
  url={https://api.semanticscholar.org/CorpusID:54046837}
}

@article{Ladikos2010EstimatingRE,
  title={Estimating Radiation Exposure in Interventional Environments},
  author={Alexander Ladikos and Cedric Cagniart and Reza Ghotbi and Maximilian Reiser and Nassir Navab},
  journal={MICCAI},
  year={2010},
  volume={13 Pt 3}
}

@article{MAE,
  author    = {Kaiming He and
               Xinlei Chen and
               Saining Xie and
               Yanghao Li and
               Piotr Doll{\'{a}}r and
               Ross B. Girshick},
  title     = {Masked Autoencoders Are Scalable Vision Learners},
  journal   = {CVPR},
  year      = {2021},
}

@article{MAMP,
  title={Masked Motion Predictors are Strong 3D Action Representation Learners},
  author={Yunyao Mao and Jiajun Deng and Wen-gang Zhou and Yao Fang and Wanli Ouyang and Houqiang Li},
  journal={ICCV},
  year={2023},
  pages={10147-10157},
  url={https://api.semanticscholar.org/CorpusID:260887435}
}

@article{MVORVinkle,
  title={MVOR: A Multi-view RGB-D Operating Room Dataset for 2D and 3D Human Pose Estimation},
  author={Vinkle Kumar Srivastav and Thibaut Issenhuth and Abdolrahim Kadkhodamohammadi and Michel de Mathelin and Afshin Gangi and Nicolas Padoy},
  journal={ArXiv},
  year={2018},
  volume={abs/1808.08180}
}

@article{MaskFeat,
  author    = {Chen Wei and
               Haoqi Fan and
               Saining Xie and
               Chao{-}Yuan Wu and
               Alan L. Yuille and
               Christoph Feichtenhofer},
  title     = {Masked Feature Prediction for Self-Supervised Visual Pre-Training},
  journal   = {CVPR},
  year      = {2022},

}

@article{MoCAP,
  title={Efficient ConvNet-based marker-less motion capture in general scenes with a low number of cameras},
  author={Ahmed Elhayek and Edilson de Aguiar and Arjun Jain and Jonathan Tompson and Leonid Pishchulin and Mykhaylo Andriluka and Christoph Bregler and Bernt Schiele and Christian Theobalt},
  journal={CVPR},
  year={2015}
}

@article{MoCo,
  title={Momentum Contrast for Unsupervised Visual Representation Learning},
  author={Kaiming He and Haoqi Fan and Yuxin Wu and Saining Xie and Ross B. Girshick},
  journal={CVPR},
  year={2019},
  pages={9726-9735}
}

@inbook{MoreThan,
author = {Gershov, Sapir and Mahameed, Fadi and Raz, Aeyal and Laufer, Shlomi},
year = {2023},
booktitle={AMAI},
month = {10},
pages = {11-20},
title = {More Than Meets the Eye: Physicians’ Visual Attention in the Operating Room},
isbn = {978-3-031-47075-2},
doi = {10.1007/978-3-031-47076-9_2}
}

@inproceedings{PCT,
	author={Zigang Geng and Chunyu Wang and Yixuan Wei and Ze Liu and Houqiang Li and Han Hu},
	title={Human Pose as Compositional Tokens},
	booktitle={{CVPR}},
	year={2023}, 
}

@article{PeVLPV,
  title={PeVL: Pose-Enhanced Vision-Language Model for Fine-Grained Human Action Recognition},
  author={Haosong Zhang and Mei Chee Leong and Liyuan Li and Weisi Lin},
  journal={CVPR},
  year={2024}
}

@misc{STGCN,
      title={Spatial Temporal Graph Convolutional Networks for Skeleton-Based Action Recognition}, 
      author={Sijie Yan and Yuanjun Xiong and Dahua Lin},
      year={2018},
      eprint={1801.07455},
      archivePrefix={arXiv},
      primaryClass={cs.CV},
      url={https://arxiv.org/abs/1801.07455}, 
}

@inproceedings{Sharghi2020,
  author    = {Aidean Sharghi and
                Helene Haugerud and
                Daniel Oh and
                Omid Mohareri},
  dummy-publisher = {Springer International Publishing},
  title     = {Automatic Operating Room Surgical Activity Recognition for Robot-Assisted Surgery},
  booktitle = {MICCAI},
  year      = {2020},
  url-dummy = {https://doi.org/10.1007/978-3-030-59716-0_37}
}

@article{SimCLR,
  title={A Simple Framework for Contrastive Learning of Visual Representations},
  author={Ting Chen and Simon Kornblith and Mohammad Norouzi and Geoffrey E. Hinton},
  journal={ICML},
  year={2020}
}

@article{SkeletonMAE,
  title={SkeletonMAE: Graph-based Masked Autoencoder for Skeleton Sequence Pre-training},
  author={Hongfei Yan and Y. Liu and Yushen Wei and Z. Li and Guanbin Li and Liang Lin},
  journal={ICCV},
  year={2023}
}

@article{Swav,
  title={Unsupervised Learning of Visual Features by Contrasting Cluster Assignments},
  author={Mathilde Caron and Ishan Misra and Julien Mairal and Priya Goyal and Piotr Bojanowski and Armand Joulin},
  journal={NeurIPS},
  year={2020},
  volume={abs/2006.09882}
}

@inproceedings{Twinanda2017MultiStreamDA,
  title={Multi-Stream Deep Architecture for Surgical Phase Recognition on Multi-View RGBD Videos},
  author={Andru Putra Twinanda and Pramita Winata and Afshin Gangi and Michel De and Mathelin and Nicolas Padoy},
  year={2017}
}

@misc{VMAE,
  
  url = {https://arxiv.org/abs/2203.12602},
  
  author = {Tong, Zhan and Song, Yibing and Wang, Jue and Wang, Limin},
  
  keywords = {Computer Vision and Pattern Recognition (cs.CV), FOS: Computer and information sciences, FOS: Computer and information sciences},
  
  title = {VideoMAE: Masked Autoencoders are Data-Efficient Learners for Self-Supervised Video Pre-Training},
  
  publisher = {NeurIPS},
  
  year = {2022},
  
}

@article{Yang2022VisionLanguagePW,
  title={Vision-Language Pre-Training with Triple Contrastive Learning},
  author={Jinyu Yang and Jiali Duan and S. Tran and Yi Xu and Sampath Chanda and Liqun Chen and Belinda Zeng and Trishul M. Chilimbi and Junzhou Huang},
  journal={CVPR},
  year={2022}
}

@inproceedings{cao2017realtime,
  title={Realtime multi-person 2d pose estimation using part affinity fields},
  author={Cao, Zhe and Simon, Tomas and Wei, Shih-En and Sheikh, Yaser},
  booktitle={CVPR},
  pages={7291--7299},
  year={2017}
}

@inproceedings{duan2022revisiting,
  title={Revisiting skeleton-based action recognition},
  author={Duan, Haodong and Zhao, Yue and Chen, Kai and Lin, Dahua and Dai, Bo},
  booktitle={CVPR},
  pages={2969--2978},
  year={2022}
}

@InProceedings{hamoud24a,
  title = 	 {ST(OR)$^2$: Spatio-Temporal Object Level Reasoning for Activity Recognition in the Operating Room},
  author =       {Hamoud, Idris and Jamal, Muhammad Abdullah and Srivastav, Vinkle and Mutter, Didier and Padoy, Nicolas and Mohareri, Omid},
  booktitle = 	 {MIDL},
  year = 	 {2024}
}

@inproceedings{jia2021scaling,
  title={Scaling up visual and vision-language representation learning with noisy text supervision},
  author={Jia, Chao and Yang, Yinfei and Xia, Ye and Chen, Yi-Ting and Parekh, Zarana and Pham, Hieu and Le, Quoc and Sung, Yun-Hsuan and Li, Zhen and Duerig, Tom},
  booktitle={ICML},
  pages={4904--4916},
  year={2021},
  organization={PMLR}
}

@article{kipf2016semi,
  title={Semi-supervised classification with graph convolutional networks},
  author={Kipf, Thomas N and Welling, Max},
  journal={ICLR},
  year={2017}
}

@misc{modLaz,
      title={On Uni-Modal Feature Learning in Supervised Multi-Modal Learning}, 
      author={Chenzhuang Du and Jiaye Teng and Tingle Li and Yichen Liu and Tianyuan Yuan and Yue Wang and Yang Yuan and Hang Zhao},
      year={2023},
      booktitle={ICML},
      eprint={2305.01233},
      archivePrefix={arXiv},
      primaryClass={cs.CV},
      url={https://arxiv.org/abs/2305.01233}, 
}

@article{oord2018representation,
  title={Representation learning with contrastive predictive coding},
  author={Oord, Aaron van den and Li, Yazhe and Vinyals, Oriol},
  journal={arXiv preprint arXiv:1807.03748},
  year={2018}
}

@article{rodas2016see,
  title={See it with your own eyes: Markerless mobile augmented reality for radiation awareness in the hybrid room},
  author={Rodas, Nicolas Loy and Barrera, Fernando and Padoy, Nicolas},
  journal={IEEE Transactions on Biomedical Engineering},
  year={2016},
  publisher={IEEE}
}

@inproceedings{shahroudy2016ntu,
  title={Ntu rgb+ d: A large scale dataset for 3d human activity analysis},
  author={Shahroudy, Amir and Liu, Jun and Ng, Tian-Tsong and Wang, Gang},
  booktitle={CVPR},
  pages={1010--1019},
  year={2016}
}

@inproceedings{srivastav2020self,
  title={Self-supervision on unlabelled or data for multi-person 2d/3d human pose estimation},
  author={Srivastav, Vinkle and Gangi, Afshin and Padoy, Nicolas},
  booktitle={MICCAI},
  year={2020}
}

@inproceedings{vitpose,
 author = {Xu, Yufei and Zhang, Jing and Zhang, Qiming and Tao, Dacheng},
 booktitle = {Advances in Neural Information Processing Systems},
 editor = {S. Koyejo and S. Mohamed and A. Agarwal and D. Belgrave and K. Cho and A. Oh},
 pages = {38571--38584},
 publisher = {Curran Associates, Inc.},
 title = {ViTPose: Simple Vision Transformer Baselines for Human Pose Estimation},
 volume = {35},
 year = {2022}
}

@article{zhang2021real,
  title={Real-time medical phase recognition using long-term video understanding and progress gate method},
  author={Zhang, Yanyi and Marsic, Ivan and Burd, Randall S},
  journal={Medical Image Analysis},
  volume={74},
  pages={102224},
  year={2021},
  publisher={Elsevier}
}

@inproceedings{zhou2023learning,
  title={Learning discriminative representations for skeleton based action recognition},
  author={Zhou, Huanyu and Liu, Qingjie and Wang, Yunhong},
  booktitle={CVPR},
  pages={10608--10617},
  year={2023}
}

