@mastersthesis{ahmed2022automatic,
  title={Automatic generation and detection of motivational interviewing-style reflections for smoking cessation therapeutic conversations using transformer-based language models},
  author={Ahmed, Imtihan},
  year={2022},
  school={University of Toronto (Canada)}
}

@article{albright2016harnessing,
title={Harnessing the power of conversations with virtual humans to change health behaviors},
author={Albright, Glenn and Adam, Cyrille and Serri, Deborah and Bleeker, Seth and Goldman, Ron},
journal={Mhealth},
volume={2},
year={2016},
publisher={AME Publications}
}

@article{bartlett2021high,
  title={High-fidelity simulation improves long-term knowledge of clinical swallow evaluation},
  author={Bartlett, Rebecca S and Bruecker, Savannah and Eccleston, Bobby},
  journal={American Journal of Speech-Language Pathology},
  volume={30},
  number={2},
  pages={673--686},
  year={2021},
  publisher={ASHA}
}

@inproceedings{bedmutha2024conversense,
  title={ConverSense: An Automated Approach to Assess Patient-Provider Interactions using Social Signals},
  author={Bedmutha, Manas Satish and Tsedenbal, Anuujin and Tobar, Kelly and Borsotto, Sarah and Sladek, Kimberly R and Singh, Deepansha and Casanova-Perez, Reggie and Bascom, Emily and Wood, Brian and Sabin, Janice and others},
  booktitle={Proceedings of the CHI Conference on Human Factors in Computing Systems},
  pages={1--22},
  year={2024}
}

@article{burmester2019,
   author = {Burmester, K. A. and Ahluwalia, J. P. and Ploutz-Snyder, R. J. and Strobbe, S.},
   title = {Interactive Computer Simulation for Adolescent Screening, Brief Intervention, and Referral to Treatment (SBIRT) for Substance Use in an Undergraduate Nursing Program},
   journal = {J Pediatr Nurs},
   volume = {49},
   pages = {31-36}
}

@article{chen2023agentverse,
  title={Agentverse: Facilitating multi-agent collaboration and exploring emergent behaviors in agents},
  author={Chen, Weize and Su, Yusheng and Zuo, Jingwei and Yang, Cheng and Yuan, Chenfei and Qian, Chen and Chan, Chi-Min and Qin, Yujia and Lu, Yaxi and Xie, Ruobing and others},
  journal={arXiv preprint arXiv:2308.10848},
  volume={2},
  number={4},
  pages={5},
  year={2023}
}

@article{chen2023llm,
  title={LLM-empowered chatbots for psychiatrist and patient simulation: application and evaluation},
  author={Chen, Siyuan and Wu, Mengyue and Zhu, Kenny Q and Lan, Kunyao and Zhang, Zhiling and Cui, Lyuchun},
  journal={arXiv preprint arXiv:2305.13614},
  year={2023}
}

@inproceedings{cohen2024motivational,
  title={Motivational Interviewing Transcripts Annotated with Global Scores},
  author={Cohen, Ben and Zisquit, Moreah and Yosef, Stav and Friedman, Doron and Bar, Kfir},
  booktitle={Proceedings of the 2024 Joint International Conference on Computational Linguistics, Language Resources and Evaluation (LREC-COLING 2024)},
  pages={11642--11657},
  year={2024}
}

@article{copersino2017cognitive,
  title={Cognitive mechanisms and therapeutic targets of addiction},
  author={Copersino, Marc L},
  journal={Current opinion in behavioral sciences},
  volume={13},
  pages={91--98},
  year={2017},
  publisher={Elsevier}
}

@inproceedings{durr2021kitt,
  title={KiTT-The Kinaesthetics Transfer Teacher: Design and Evaluation of a Tablet-Based System to Promote the Learning of Ergonomic Patient Transfers},
  author={D{\"u}rr, Maximilian and Borowski, Marcel and Gr{\"o}schel, Carla and Pfeil, Ulrike and M{\"u}ller, Jens and Reiterer, Harald},
  booktitle={Proceedings of the 2021 CHI Conference on Human Factors in Computing Systems},
  pages={1--16},
  year={2021}
}

@article{flanagan2023standardized,
  title={Standardized patients in Medical Education: a review of the literature},
  author={Flanagan, Octavia L and Cummings, Kristina M},
  journal={Cureus},
  volume={15},
  number={7},
  year={2023},
  publisher={Cureus Inc.}
}

@article{guo2024large,
  title={Large language model based multi-agents: A survey of progress and challenges},
  author={Guo, Taicheng and Chen, Xiuying and Wang, Yaqi and Chang, Ruidi and Pei, Shichao and Chawla, Nitesh V and Wiest, Olaf and Zhang, Xiangliang},
  journal={arXiv preprint arXiv:2402.01680},
  year={2024}
}

@article{huang2023survey,
  title={A survey on hallucination in large language models: Principles, taxonomy, challenges, and open questions},
  author={Huang, Lei and Yu, Weijiang and Ma, Weitao and Zhong, Weihong and Feng, Zhangyin and Wang, Haotian and Chen, Qianglong and Peng, Weihua and Feng, Xiaocheng and Qin, Bing and others},
  journal={ACM Transactions on Information Systems},
  year={2023},
  publisher={ACM New York, NY}
}

@inproceedings{hubal2000virtual,
  title={The Virtual Standardized Patient-Simulated Patient-Practitioner Dialog for Patient Interview Training},
  author={Hubal, Robert C and Kizakevich, Paul N and Guinn, Curry I and Merino, Kevin D and West, Suzanne L},
  booktitle={Medicine Meets Virtual Reality 2000},
  pages={133--138},
  year={2000},
  organization={IOS Press}
}

@article{imel2019design,
  title={Design feasibility of an automated, machine-learning based feedback system for motivational interviewing.},
  author={Imel, Zac E and Pace, Brian T and Soma, Christina S and Tanana, Michael and Hirsch, Tad and Gibson, James and Georgiou, Panayiotis and Narayanan, Shrikanth and Atkins, David C},
  journal={Psychotherapy},
  volume={56},
  number={2},
  pages={318},
  year={2019},
  publisher={Educational Publishing Foundation}
}

@article{kneebone2006human,
  title={The human face of simulation: patient-focused simulation training},
  author={Kneebone, Roger and Nestel, Debra and Wetzel, Cordula and Black, Steven and Jacklin, Ros and Aggarwal, Raj and Yadollahi, Faranak and Wolfe, John and Vincent, Charles and Darzi, Ara},
  journal={Academic Medicine},
  volume={81},
  number={10},
  pages={919--924},
  year={2006},
  publisher={LWW}
}

@article{lane2007use,
  title={The use of simulated patients and role-play in communication skills training: a review of the literature to August 2005},
  author={Lane, Claire and Rollnick, Stephen},
  journal={Patient education and counseling},
  volume={67},
  number={1-2},
  pages={13--20},
  year={2007},
  publisher={Elsevier}
}

@article{lee2024llms,
  title={Do LLMs Have Distinct and Consistent Personality? TRAIT: Personality Testset designed for LLMs with Psychometrics},
  author={Lee, Seungbeen and Lim, Seungwon and Han, Seungju and Oh, Giyeong and Chae, Hyungjoo and Chung, Jiwan and Kim, Minju and Kwak, Beong-woo and Lee, Yeonsoo and Lee, Dongha and others},
  journal={arXiv preprint arXiv:2406.14703},
  year={2024}
}

@article{li2024automatic,
  title={Automatic evaluation for mental health counseling using llms},
  author={Li, Anqi and Lu, Yu and Song, Nirui and Zhang, Shuai and Ma, Lizhi and Lan, Zhenzhong},
  journal={arXiv preprint arXiv:2402.11958},
  year={2024}
}

@article{li2024leveraging,
  title={Leveraging Large Language Model as Simulated Patients for Clinical Education},
  author={Li, Yaneng and Zeng, Cheng and Zhong, Jialun and Zhang, Ruoyu and Zhang, Minhao and Zou, Lei},
  journal={arXiv preprint arXiv:2404.13066},
  year={2024}
}

@article{liao2024automatic,
  title={Automatic Interactive Evaluation for Large Language Models with State Aware Patient Simulator},
  author={Liao, Yusheng and Meng, Yutong and Wang, Yuhao and Liu, Hongcheng and Wang, Yanfeng and Wang, Yu},
  journal={arXiv preprint arXiv:2403.08495},
  year={2024}
}

@article{liu2023dynamic,
  title={Dynamic llm-agent network: An llm-agent collaboration framework with agent team optimization},
  author={Liu, Zijun and Zhang, Yanzhe and Li, Peng and Liu, Yang and Yang, Diyi},
  journal={arXiv preprint arXiv:2310.02170},
  year={2023}
}

@article{louie2024roleplay,
  title={Roleplay-doh: Enabling Domain-Experts to Create LLM-simulated Patients via Eliciting and Adhering to Principles},
  author={Louie, Ryan and Nandi, Ananjan and Fang, William and Chang, Cheng and Brunskill, Emma and Yang, Diyi},
  journal={arXiv preprint arXiv:2407.00870},
  year={2024}
}

@article{mieleszczenko2024dark,
  title={The Dark Patterns of Personalized Persuasion in Large Language Models: Exposing Persuasive Linguistic Features for Big Five Personality Traits in LLMs Responses},
  author={Mieleszczenko-Kowszewicz, Wiktoria and P{\l}udowski, Dawid and Ko{\l}odziejczyk, Filip and {\'S}wistak, Jakub and Sienkiewicz, Julian and Biecek, Przemys{\l}aw},
  journal={arXiv preprint arXiv:2411.06008},
  year={2024}
}

@article{mukherjee2024polaris,
  title={Polaris: A Safety-focused LLM Constellation Architecture for Healthcare},
  author={Mukherjee, Subhabrata and Gamble, Paul and Ausin, Markel Sanz and Kant, Neel and Aggarwal, Kriti and Manjunath, Neha and Datta, Debajyoti and Liu, Zhengliang and Ding, Jiayuan and Busacca, Sophia and others},
  journal={arXiv preprint arXiv:2403.13313},
  year={2024}
}

@inproceedings{muraliTrainingLayCounselors2022b,
  title = {Training Lay Counselors with Virtual Agents to Promote Vaccination},
  booktitle = {Proceedings of the 22nd {{ACM International Conference}} on {{Intelligent Virtual Agents}}},
  author = {Murali, Prasanth and Nouraei, Farnaz and Fallah, Mina and Kearns, Aisling and Rebello, Keith and O'Leary, Teresa and Perkins, Rebecca and Joseph, Natalie Pierre and Dedier, Julien and {Paasche-Orlow}, Michael and Bickmore, Timothy},
  year = {2022},
  month = sep,
  series = {{{IVA}} '22},
  pages = {1--8},
  publisher = {{Association for Computing Machinery}},
  address = {{New York, NY, USA}},
  doi = {10.1145/3514197.3549679}
}

@inproceedings{perez2019makes,
  title={What makes a good counselor? learning to distinguish between high-quality and low-quality counseling conversations},
  author={P{\'e}rez-Rosas, Ver{\'o}nica and Wu, Xinyi and Resnicow, Kenneth and Mihalcea, Rada},
  booktitle={Proceedings of the 57th Annual Meeting of the Association for Computational Linguistics},
  pages={926--935},
  year={2019}
}

@article{perez2022discovering,
  title={Discovering language model behaviors with model-written evaluations},
  author={Perez, Ethan and Ringer, Sam and Luko{\v{s}}i{\=u}t{\.e}, Kamil{\.e} and Nguyen, Karina and Chen, Edwin and Heiner, Scott and Pettit, Craig and Olsson, Catherine and Kundu, Sandipan and Kadavath, Saurav and others},
  journal={arXiv preprint arXiv:2212.09251},
  year={2022}
}

@article{petrov2024limited,
  title={Limited Ability of LLMs to Simulate Human Psychological Behaviours: a Psychometric Analysis},
  author={Petrov, Nikolay B and Serapio-Garc{\'\i}a, Gregory and Rentfrow, Jason},
  journal={arXiv preprint arXiv:2405.07248},
  year={2024}
}

@inproceedings{pezeshkpour2023measuring,
  title={Measuring and modifying factual knowledge in large language models},
  author={Pezeshkpour, Pouya},
  booktitle={2023 International Conference on Machine Learning and Applications (ICMLA)},
  pages={831--838},
  year={2023},
  organization={IEEE}
}

@article{rein2018,
   author = {Rein, B. A. and McNeil, D. W. and Hayes, A. R. and Hawkins, T. A. and Ng, H. M. and Yura, C. A.},
   title = {Evaluation of an avatar-based training program to promote suicide prevention awareness in a college setting},
   journal = {J Am Coll Health},
   volume = {66},
   number = {5},
   pages = {401-411}
}

@article{sarker2007simulation,
  title={Simulation and surgical training},
  author={Sarker, SK1 and Patel, B},
  journal={International journal of clinical practice},
  volume={61},
  number={12},
  pages={2120--2125},
  year={2007},
  publisher={Wiley Online Library}
}

@article{schoenthaler2017,
   author = {Schoenthaler, A. and Albright, G. and Hibbard, J. and Goldman, R.},
   title = {Simulated Conversations With Virtual Humans to Improve Patient-Provider Communication and Reduce Unnecessary Prescriptions for Antibiotics: A Repeated Measure Pilot Study},
   journal = {JMIR Med Educ},
   volume = {3},
   number = {1},
   pages = {e7}
}

@inproceedings{shaikh2024rehearsal,
  title={Rehearsal: Simulating conflict to teach conflict resolution},
  author={Shaikh, Omar and Chai, Valentino Emil and Gelfand, Michele and Yang, Diyi and Bernstein, Michael S},
  booktitle={Proceedings of the CHI Conference on Human Factors in Computing Systems},
  pages={1--20},
  year={2024}
}

@article{swanson2013assessment,
  title={Assessment of clinical skills with standardized patients: state of the art revisited},
  author={Swanson, David B and van der Vleuten, Cees PM},
  journal={Teaching and learning in medicine},
  volume={25},
  number={sup1},
  pages={S17--S25},
  year={2013},
  publisher={Taylor \& Francis}
}

@inproceedings{von2013simmed,
  title={SimMed: combining simulation and interactive tabletops for medical education},
  author={von Zadow, Ulrich and Buron, Sandra and Harms, Tina and Behringer, Florian and Sostmann, Kai and Dachselt, Raimund},
  booktitle={Proceedings of the SIGCHI Conference on Human Factors in Computing Systems},
  pages={1469--1478},
  year={2013}
}

@article{wang2024patient,
  title={PATIENT-$\{$$\backslash$Psi$\}$: Using Large Language Models to Simulate Patients for Training Mental Health Professionals},
  author={Wang, Ruiyi and Milani, Stephanie and Chiu, Jamie C and Eack, Shaun M and Labrum, Travis and Murphy, Samuel M and Jones, Nev and Hardy, Kate and Shen, Hong and Fang, Fei and others},
  journal={arXiv preprint arXiv:2405.19660},
  year={2024}
}

@article{whitaker2015motivational,
  title={Motivational interviewing to improve postabortion contraceptive uptake by young women: development and feasibility of a counseling intervention},
  author={Whitaker, AK and Quinn, MT and Martins, SL and Tomlinson, AN and Woodhams, EJ and Gilliam, M},
  journal={Contraception},
  volume={92},
  number={4},
  pages={323--329},
  year={2015},
  publisher={Elsevier}
}

@inproceedings{wu2022anno,
  title={Anno-mi: A dataset of expert-annotated counselling dialogues},
  author={Wu, Zixiu and Balloccu, Simone and Kumar, Vivek and Helaoui, Rim and Reiter, Ehud and Recupero, Diego Reforgiato and Riboni, Daniele},
  booktitle={ICASSP 2022-2022 IEEE International Conference on Acoustics, Speech and Signal Processing (ICASSP)},
  pages={6177--6181},
  year={2022},
  organization={IEEE}
}

@article{wu2023natural,
  title={Natural Language Processing for Motivational Interviewing Counselling: Addressing Challenges in Resources, Benchmarking and Evaluation},
  author={Wu, Zixiu},
  year={2023},
  publisher={Universit{\`a} degli Studi di Cagliari}
}

@article{yang2024social,
  title={Social skill training with large language models},
  author={Yang, Diyi and Ziems, Caleb and Held, William and Shaikh, Omar and Bernstein, Michael S and Mitchell, John},
  journal={arXiv preprint arXiv:2404.04204},
  year={2024}
}

@inproceedings{yosef2024assessing,
  title={Assessing Motivational Interviewing Sessions with AI-Generated Patient Simulations},
  author={Yosef, Stav and Zisquit, Moreah and Cohen, Ben and Brunstein, Anat Klomek and Bar, Kfir and Friedman, Doron},
  booktitle={Proceedings of the 9th Workshop on Computational Linguistics and Clinical Psychology (CLPsych 2024)},
  pages={1--11},
  year={2024}
}

@article{zhang2023proagent,
  title={Proagent: Building proactive cooperative ai with large language models},
  author={Zhang, Ceyao and Yang, Kaijie and Hu, Siyi and Wang, Zihao and Li, Guanghe and Sun, Yihang and Zhang, Cheng and Zhang, Zhaowei and Liu, Anji and Zhu, Song-Chun and others},
  journal={CoRR},
  year={2023}
}

@inproceedings{zhou2022bringing,
  title={Bringing patient mannequins to life: 3D projection enhances nursing simulation},
  author={Zhou, Guoyang and Nagle, Amy and Takahashi, George and Hornbeck, Tera and Loomis, Ann and Smith, Beth and Duerstock, Bradley and Yu, Denny},
  booktitle={Proceedings of the 2022 CHI Conference on Human Factors in Computing Systems},
  pages={1--15},
  year={2022}
}

