@article{tripuraneni2020theory,
  title={On the theory of transfer learning: The importance of task diversity},
  author={Tripuraneni, Nilesh and Jordan, Michael and Jin, Chi},
  journal={Advances in neural information processing systems},
  volume={33},
  pages={7852--7862},
  year={2020}
}

@article{zhang2020learning,
  title={Learning invariant representations for reinforcement learning without reconstruction},
  author={Zhang, Amy and McAllister, Rowan and Calandra, Roberto and Gal, Yarin and Levine, Sergey},
  journal={arXiv preprint arXiv:2006.10742},
  year={2020}
}

@article{cheng2023particle,
  title={Particle-based variational inference with generalized wasserstein gradient flow},
  author={Cheng, Ziheng and Zhang, Shiyue and Yu, Longlin and Zhang, Cheng},
  journal={Advances in Neural Information Processing Systems},
  volume={36},
  year={2023}
}

@article{yu2023hierarchical,
  title={Hierarchical semi-implicit variational inference with application to diffusion model acceleration},
  author={Yu, Longlin and Xie, Tianyu and Zhu, Yu and Yang, Tong and Zhang, Xiangyu and Zhang, Cheng},
  journal={Advances in Neural Information Processing Systems},
  volume={36},
  year={2023}
}

@article{cui2016dimension,
  title={Dimension-independent likelihood-informed MCMC},
  author={Cui, Tiangang and Law, Kody JH and Marzouk, Youssef M},
  journal={Journal of Computational Physics},
  volume={304},
  pages={109--137},
  year={2016},
  publisher={Elsevier}
}

@inproceedings{collins2021exploiting,
  title={Exploiting shared representations for personalized federated learning},
  author={Collins, Liam and Hassani, Hamed and Mokhtari, Aryan and Shakkottai, Sanjay},
  booktitle={International conference on machine learning},
  pages={2089--2099},
  year={2021},
  organization={PMLR}
}

@article{arivazhagan2019federated,
  title={Federated learning with personalization layers},
  author={Arivazhagan, Manoj Ghuhan and Aggarwal, Vinay and Singh, Aaditya Kumar and Choudhary, Sunav},
  journal={arXiv preprint arXiv:1912.00818},
  year={2019}
}

@inproceedings{ni2023metadiffuser,
  title={Metadiffuser: Diffusion model as conditional planner for offline meta-rl},
  author={Ni, Fei and Hao, Jianye and Mu, Yao and Yuan, Yifu and Zheng, Yan and Wang, Bin and Liang, Zhixuan},
  booktitle={International Conference on Machine Learning},
  pages={26087--26105},
  year={2023},
  organization={PMLR}
}

@article{liu2022understanding,
  title={Understanding deep neural function approximation in reinforcement learning via $\epsilon$-greedy exploration},
  author={Liu, Fanghui and Viano, Luca and Cevher, Volkan},
  journal={Advances in Neural Information Processing Systems},
  volume={35},
  pages={5093--5108},
  year={2022}
}

@inproceedings{haarnoja2017reinforcement,
  title={Reinforcement learning with deep energy-based policies},
  author={Haarnoja, Tuomas and Tang, Haoran and Abbeel, Pieter and Levine, Sergey},
  booktitle={International conference on machine learning},
  pages={1352--1361},
  year={2017},
  organization={PMLR}
}

@article{nguyen2021sample,
  title={Sample complexity of offline reinforcement learning with deep ReLU networks},
  author={Nguyen-Tang, Thanh and Gupta, Sunil and Tran-The, Hung and Venkatesh, Svetha},
  journal={arXiv preprint arXiv:2103.06671},
  year={2021}
}

@article{ji2022sample,
  title={Sample complexity of nonparametric off-policy evaluation on low-dimensional manifolds using deep networks},
  author={Ji, Xiang and Chen, Minshuo and Wang, Mengdi and Zhao, Tuo},
  journal={arXiv preprint arXiv:2206.02887},
  year={2022}
}

@book{wainwright2019high,
  title={High-dimensional statistics: A non-asymptotic viewpoint},
  author={Wainwright, Martin J},
  volume={48},
  year={2019},
  publisher={Cambridge university press}
}

@article{van2014probability,
  title={Probability in high dimension},
  author={Van Handel, Ramon},
  journal={Lecture Notes (Princeton University)},
  volume={2},
  number={3},
  pages={2--3},
  year={2014}
}

@phdthesis{bousquet2002concentration,
  title={Concentration inequalities and empirical processes theory applied to the analysis of learning algorithms},
  author={Bousquet, Olivier},
  year={2002},
  school={{\'E}cole Polytechnique: Department of Applied Mathematics Paris, France}
}

@article{bartlett2005local,
  title={Local rademacher complexities},
  author={Bartlett, Peter L and Bousquet, Olivier and Mendelson, Shahar},
  year={2005}
}

@article{massart2000constants,
  title={About the constants in Talagrand's concentration inequalities for empirical processes},
  author={Massart, Pascal},
  journal={The Annals of Probability},
  volume={28},
  number={2},
  pages={863--884},
  year={2000},
  publisher={Institute of Mathematical Statistics}
}

@article{chen2020distribution,
  title={Distribution approximation and statistical estimation guarantees of generative adversarial networks},
  author={Chen, Minshuo and Liao, Wenjing and Zha, Hongyuan and Zhao, Tuo},
  journal={arXiv preprint arXiv:2002.03938},
  year={2020}
}

@article{schmidt2020nonparametric,
author = {Johannes Schmidt-Hieber},
title = {{Nonparametric regression using deep neural networks with ReLU activation function}},
volume = {48},
journal = {The Annals of Statistics},
number = {4},
publisher = {Institute of Mathematical Statistics},
pages = {1875 -- 1897},
keywords = {Additive models, minimax estimation risk, multilayer neural networks, Nonparametric regression, ReLU activation function, Wavelets},
year = {2020},
doi = {10.1214/19-AOS1875},
URL = {https://doi.org/10.1214/19-AOS1875}
}

@inproceedings{oko2023diffusion,
  title={Diffusion models are minimax optimal distribution estimators},
  author={Oko, Kazusato and Akiyama, Shunta and Suzuki, Taiji},
  booktitle={International Conference on Machine Learning},
  pages={26517--26582},
  year={2023},
  organization={PMLR}
}

@article{yarotsky2017error,
  title={Error bounds for approximations with deep ReLU networks},
  author={Yarotsky, Dmitry},
  journal={Neural networks},
  volume={94},
  pages={103--114},
  year={2017},
  publisher={Elsevier}
}

@article{fu2024unveil,
  title={Unveil conditional diffusion models with classifier-free guidance: A sharp statistical theory},
  author={Fu, Hengyu and Yang, Zhuoran and Wang, Mengdi and Chen, Minshuo},
  journal={arXiv preprint arXiv:2403.11968},
  year={2024}
}

@article{anderson1982reverse,
  title={Reverse-time diffusion equation models},
  author={Anderson, Brian DO},
  journal={Stochastic Processes and their Applications},
  volume={12},
  number={3},
  pages={313--326},
  year={1982},
  publisher={Elsevier}
}

@article{vincent2011connection,
  title={A connection between score matching and denoising autoencoders},
  author={Vincent, Pascal},
  journal={Neural computation},
  volume={23},
  number={7},
  pages={1661--1674},
  year={2011},
  publisher={MIT Press}
}

@article{maurer2016benefit,
  title={The benefit of multitask representation learning},
  author={Maurer, Andreas and Pontil, Massimiliano and Romera-Paredes, Bernardino},
  journal={Journal of Machine Learning Research},
  volume={17},
  number={81},
  pages={1--32},
  year={2016}
}

@article{chi2023diffusion,
  title={Diffusion policy: Visuomotor policy learning via action diffusion},
  author={Chi, Cheng and Xu, Zhenjia and Feng, Siyuan and Cousineau, Eric and Du, Yilun and Burchfiel, Benjamin and Tedrake, Russ and Song, Shuran},
  journal={The International Journal of Robotics Research},
  pages={02783649241273668},
  year={2023},
  publisher={SAGE Publications Sage UK: London, England}
}

@article{li2022minimax,
  title={Minimax optimal conditional density estimation under total variation smoothness},
  author={Li, Michael and Neykov, Matey and Balakrishnan, Sivaraman},
  journal={Electronic Journal of Statistics},
  volume={16},
  number={2},
  pages={3937--3972},
  year={2022},
  publisher={The Institute of Mathematical Statistics and the Bernoulli Society}
}

@inproceedings{chen2023score,
  title={Score approximation, estimation and distribution recovery of diffusion models on low-dimensional data},
  author={Chen, Minshuo and Huang, Kaixuan and Zhao, Tuo and Wang, Mengdi},
  booktitle={International Conference on Machine Learning},
  pages={4672--4712},
  year={2023},
  organization={PMLR}
}

@inproceedings{
yang2024fewshot,
title={Few-Shot Diffusion Models Escape the Curse of Dimensionality},
author={Ruofeng Yang and Bo Jiang and Cheng Chen and Ruinan Jin and Baoxiang Wang and Shuai Li},
booktitle={The Thirty-eighth Annual Conference on Neural Information Processing Systems},
year={2024},
url={https://openreview.net/forum?id=JrraNaaZm5}
}

@article{yuan2024reward,
  title={Reward-directed conditional diffusion: Provable distribution estimation and reward improvement},
  author={Yuan, Hui and Huang, Kaixuan and Ni, Chengzhuo and Chen, Minshuo and Wang, Mengdi},
  journal={Advances in Neural Information Processing Systems},
  volume={36},
  year={2024}
}

@article{chen2022sampling,
  title={Sampling is as easy as learning the score: theory for diffusion models with minimal data assumptions},
  author={Chen, Sitan and Chewi, Sinho and Li, Jerry and Li, Yuanzhi and Salim, Adil and Zhang, Anru R},
  journal={arXiv preprint arXiv:2209.11215},
  year={2022}
}

@article{du2020few,
  title={Few-shot learning via learning the representation, provably},
  author={Du, Simon S and Hu, Wei and Kakade, Sham M and Lee, Jason D and Lei, Qi},
  journal={arXiv preprint arXiv:2002.09434},
  year={2020}
}

@article{chua2021fine,
  title={How fine-tuning allows for effective meta-learning},
  author={Chua, Kurtland and Lei, Qi and Lee, Jason D},
  journal={Advances in Neural Information Processing Systems},
  volume={34},
  pages={8871--8884},
  year={2021}
}

@article{baxter2000model,
  title={A model of inductive bias learning},
  author={Baxter, Jonathan},
  journal={Journal of artificial intelligence research},
  volume={12},
  pages={149--198},
  year={2000}
}

@article{watkins2023optimistic,
  title={Optimistic rates for multi-task representation learning},
  author={Watkins, Austin and Ullah, Enayat and Nguyen-Tang, Thanh and Arora, Raman},
  journal={Advances in Neural Information Processing Systems},
  volume={36},
  pages={2207--2251},
  year={2023}
}

@inproceedings{tripuraneni2021provable,
  title={Provable meta-learning of linear representations},
  author={Tripuraneni, Nilesh and Jin, Chi and Jordan, Michael},
  booktitle={International Conference on Machine Learning},
  pages={10434--10443},
  year={2021},
  organization={PMLR}
}

@inproceedings{aliakbarpour2024metalearning,
  title={Metalearning with very few samples per task},
  author={Aliakbarpour, Maryam and Bairaktari, Konstantina and Brown, Gavin and Smith, Adam and Srebro, Nathan and Ullman, Jonathan},
  booktitle={The Thirty Seventh Annual Conference on Learning Theory},
  pages={46--93},
  year={2024},
  organization={PMLR}
}

@article{ouyang2024transfer,
  title={Transfer Learning for Diffusion Models},
  author={Ouyang, Yidong and Xie, Liyan and Zha, Hongyuan and Cheng, Guang},
  journal={arXiv preprint arXiv:2405.16876},
  year={2024}
}

@article{giannone2022few,
  title={Few-shot diffusion models},
  author={Giannone, Giorgio and Nielsen, Didrik and Winther, Ole},
  journal={arXiv preprint arXiv:2205.15463},
  year={2022}
}

@inproceedings{ruiz2023dreambooth,
  title={Dreambooth: Fine tuning text-to-image diffusion models for subject-driven generation},
  author={Ruiz, Nataniel and Li, Yuanzhen and Jampani, Varun and Pritch, Yael and Rubinstein, Michael and Aberman, Kfir},
  booktitle={Proceedings of the IEEE/CVF conference on computer vision and pattern recognition},
  pages={22500--22510},
  year={2023}
}

@article{he2023diffusion,
  title={Diffusion model is an effective planner and data synthesizer for multi-task reinforcement learning},
  author={He, Haoran and Bai, Chenjia and Xu, Kang and Yang, Zhuoran and Zhang, Weinan and Wang, Dong and Zhao, Bin and Li, Xuelong},
  journal={Advances in neural information processing systems},
  volume={36},
  pages={64896--64917},
  year={2023}
}

@article{fan2024reinforcement,
  title={Reinforcement learning for fine-tuning text-to-image diffusion models},
  author={Fan, Ying and Watkins, Olivia and Du, Yuqing and Liu, Hao and Ryu, Moonkyung and Boutilier, Craig and Abbeel, Pieter and Ghavamzadeh, Mohammad and Lee, Kangwook and Lee, Kimin},
  journal={Advances in Neural Information Processing Systems},
  volume={36},
  year={2024}
}

@inproceedings{rombach2022high,
  title={High-resolution image synthesis with latent diffusion models},
  author={Rombach, Robin and Blattmann, Andreas and Lorenz, Dominik and Esser, Patrick and Ommer, Bj{\"o}rn},
  booktitle={Proceedings of the IEEE/CVF conference on computer vision and pattern recognition},
  pages={10684--10695},
  year={2022}
}

@article{ramesh2022hierarchical,
  title={Hierarchical text-conditional image generation with clip latents},
  author={Ramesh, Aditya and Dhariwal, Prafulla and Nichol, Alex and Chu, Casey and Chen, Mark},
  journal={arXiv preprint arXiv:2204.06125},
  volume={1},
  number={2},
  pages={3},
  year={2022}
}

@article{sinha2021d2c,
  title={D2c: Diffusion-decoding models for few-shot conditional generation},
  author={Sinha, Abhishek and Song, Jiaming and Meng, Chenlin and Ermon, Stefano},
  journal={Advances in Neural Information Processing Systems},
  volume={34},
  pages={12533--12548},
  year={2021}
}

@article{tewari2023diffusion,
  title={Diffusion with forward models: Solving stochastic inverse problems without direct supervision},
  author={Tewari, Ayush and Yin, Tianwei and Cazenavette, George and Rezchikov, Semon and Tenenbaum, Josh and Durand, Fr{\'e}do and Freeman, Bill and Sitzmann, Vincent},
  journal={Advances in Neural Information Processing Systems},
  volume={36},
  pages={12349--12362},
  year={2023}
}

@inproceedings{chung2023solving,
  title={Solving 3d inverse problems using pre-trained 2d diffusion models},
  author={Chung, Hyungjin and Ryu, Dohoon and McCann, Michael T and Klasky, Marc L and Ye, Jong Chul},
  booktitle={Proceedings of the IEEE/CVF Conference on Computer Vision and Pattern Recognition},
  pages={22542--22551},
  year={2023}
}

@article{hu2024statistical,
  title={On statistical rates of conditional diffusion transformers: Approximation, estimation and minimax optimality},
  author={Hu, Jerry Yao-Chieh and Wu, Weimin and Lee, Yi-Chen and Huang, Yu-Chao and Chen, Minshuo and Liu, Han},
  journal={arXiv preprint arXiv:2411.17522},
  year={2024}
}

@inproceedings{chen2023improved,
  title={Improved analysis of score-based generative modeling: User-friendly bounds under minimal smoothness assumptions},
  author={Chen, Hongrui and Lee, Holden and Lu, Jianfeng},
  booktitle={International Conference on Machine Learning},
  pages={4735--4763},
  year={2023},
  organization={PMLR}
}

@inproceedings{lee2023convergence,
  title={Convergence of score-based generative modeling for general data distributions},
  author={Lee, Holden and Lu, Jianfeng and Tan, Yixin},
  booktitle={International Conference on Algorithmic Learning Theory},
  pages={946--985},
  year={2023},
  organization={PMLR}
}

@article{chen2024probability,
  title={The probability flow ode is provably fast},
  author={Chen, Sitan and Chewi, Sinho and Lee, Holden and Li, Yuanzhi and Lu, Jianfeng and Salim, Adil},
  journal={Advances in Neural Information Processing Systems},
  volume={36},
  year={2024}
}

@article{wibisono2024optimal,
  title={Optimal score estimation via empirical bayes smoothing},
  author={Wibisono, Andre and Wu, Yihong and Yang, Kaylee Yingxi},
  journal={arXiv preprint arXiv:2402.07747},
  year={2024}
}

@article{jiao2024model,
  title={Model Free Prediction with Uncertainty Assessment},
  author={Jiao, Yuling and Kang, Lican and Liu, Jin and Peng, Heng and Zuo, Heng},
  journal={arXiv preprint arXiv:2405.12684},
  year={2024}
}

@article{wang2022diffusion,
  title={Diffusion policies as an expressive policy class for offline reinforcement learning},
  author={Wang, Zhendong and Hunt, Jonathan J and Zhou, Mingyuan},
  journal={arXiv preprint arXiv:2208.06193},
  year={2022}
}

@article{janner2022planning,
  title={Planning with diffusion for flexible behavior synthesis},
  author={Janner, Michael and Du, Yilun and Tenenbaum, Joshua B and Levine, Sergey},
  journal={arXiv preprint arXiv:2205.09991},
  year={2022}
}

@article{comon1994independent,
  title={Independent component analysis, a new concept?},
  author={Comon, Pierre},
  journal={Signal processing},
  volume={36},
  number={3},
  pages={287--314},
  year={1994},
  publisher={Elsevier}
}

@article{ajay2022conditional,
  title={Is conditional generative modeling all you need for decision-making?},
  author={Ajay, Anurag and Du, Yilun and Gupta, Abhi and Tenenbaum, Joshua and Jaakkola, Tommi and Agrawal, Pulkit},
  journal={arXiv preprint arXiv:2211.15657},
  year={2022}
}

@article{song2021solving,
  title={Solving inverse problems in medical imaging with score-based generative models},
  author={Song, Yang and Shen, Liyue and Xing, Lei and Ermon, Stefano},
  journal={arXiv preprint arXiv:2111.08005},
  year={2021}
}

@inproceedings{pong2022offline,
  title={Offline meta-reinforcement learning with online self-supervision},
  author={Pong, Vitchyr H and Nair, Ashvin V and Smith, Laura M and Huang, Catherine and Levine, Sergey},
  booktitle={International Conference on Machine Learning},
  pages={17811--17829},
  year={2022},
  organization={PMLR}
}

@article{kingma2013auto,
  title={Auto-encoding variational bayes},
  author={Kingma, Diederik P},
  journal={arXiv preprint arXiv:1312.6114},
  year={2013}
}

@article{hu2021lora,
  title={Lora: Low-rank adaptation of large language models},
  author={Hu, Edward J and Shen, Yelong and Wallis, Phillip and Allen-Zhu, Zeyuan and Li, Yuanzhi and Wang, Shean and Wang, Lu and Chen, Weizhu},
  journal={arXiv preprint arXiv:2106.09685},
  year={2021}
}

@article{chen2022nonparametric,
  title={Nonparametric regression on low-dimensional manifolds using deep ReLU networks: Function approximation and statistical recovery},
  author={Chen, Minshuo and Jiang, Haoming and Liao, Wenjing and Zhao, Tuo},
  journal={Information and Inference: A Journal of the IMA},
  volume={11},
  number={4},
  pages={1203--1253},
  year={2022},
  publisher={Oxford University Press}
}

@article{ho2022classifier,
  title={Classifier-free diffusion guidance},
  author={Ho, Jonathan and Salimans, Tim},
  journal={arXiv preprint arXiv:2207.12598},
  year={2022}
}

@article{song2020score,
  title={Score-based generative modeling through stochastic differential equations},
  author={Song, Yang and Sohl-Dickstein, Jascha and Kingma, Diederik P and Kumar, Abhishek and Ermon, Stefano and Poole, Ben},
  journal={arXiv preprint arXiv:2011.13456},
  year={2020}
}

@article{ho2020denoising,
  title={Denoising diffusion probabilistic models},
  author={Ho, Jonathan and Jain, Ajay and Abbeel, Pieter},
  journal={Advances in neural information processing systems},
  volume={33},
  pages={6840--6851},
  year={2020}
}

@article{chung2022diffusion,
  title={Diffusion posterior sampling for general noisy inverse problems},
  author={Chung, Hyungjin and Kim, Jeongsol and Mccann, Michael T and Klasky, Marc L and Ye, Jong Chul},
  journal={arXiv preprint arXiv:2209.14687},
  year={2022}
}

@article{chung2022improving,
  title={Improving diffusion models for inverse problems using manifold constraints},
  author={Chung, Hyungjin and Sim, Byeongsu and Ryu, Dohoon and Ye, Jong Chul},
  journal={Advances in Neural Information Processing Systems},
  volume={35},
  pages={25683--25696},
  year={2022}
}

@article{reuss2023goal,
  title={Goal-conditioned imitation learning using score-based diffusion policies},
  author={Reuss, Moritz and Li, Maximilian and Jia, Xiaogang and Lioutikov, Rudolf},
  journal={arXiv preprint arXiv:2304.02532},
  year={2023}
}

@article{watson2022broadly,
  title={Broadly applicable and accurate protein design by integrating structure prediction networks and diffusion generative models},
  author={Watson, Joseph L and Juergens, David and Bennett, Nathaniel R and Trippe, Brian L and Yim, Jason and Eisenach, Helen E and Ahern, Woody and Borst, Andrew J and Ragotte, Robert J and Milles, Lukas F and others},
  journal={BioRxiv},
  pages={2022--12},
  year={2022},
  publisher={Cold Spring Harbor Laboratory}
}

@article{gruver2024protein,
  title={Protein design with guided discrete diffusion},
  author={Gruver, Nate and Stanton, Samuel and Frey, Nathan and Rudner, Tim GJ and Hotzel, Isidro and Lafrance-Vanasse, Julien and Rajpal, Arvind and Cho, Kyunghyun and Wilson, Andrew G},
  journal={Advances in neural information processing systems},
  volume={36},
  year={2024}
}

@article{guo2024diffusion,
  title={Diffusion models in bioinformatics and computational biology},
  author={Guo, Zhiye and Liu, Jian and Wang, Yanli and Chen, Mengrui and Wang, Duolin and Xu, Dong and Cheng, Jianlin},
  journal={Nature reviews bioengineering},
  volume={2},
  number={2},
  pages={136--154},
  year={2024},
  publisher={Nature Publishing Group UK London}
}

@article{tashiro2021csdi,
  title={Csdi: Conditional score-based diffusion models for probabilistic time series imputation},
  author={Tashiro, Yusuke and Song, Jiaming and Song, Yang and Ermon, Stefano},
  journal={Advances in Neural Information Processing Systems},
  volume={34},
  pages={24804--24816},
  year={2021}
}

@inproceedings{rasul2021autoregressive,
  title={Autoregressive denoising diffusion models for multivariate probabilistic time series forecasting},
  author={Rasul, Kashif and Seward, Calvin and Schuster, Ingmar and Vollgraf, Roland},
  booktitle={International Conference on Machine Learning},
  pages={8857--8868},
  year={2021},
  organization={PMLR}
}

@inproceedings{esser2024scaling,
  title={Scaling rectified flow transformers for high-resolution image synthesis},
  author={Esser, Patrick and Kulal, Sumith and Blattmann, Andreas and Entezari, Rahim and M{\"u}ller, Jonas and Saini, Harry and Levi, Yam and Lorenz, Dominik and Sauer, Axel and Boesel, Frederic and others},
  booktitle={Forty-first International Conference on Machine Learning},
  year={2024}
}

@article{liu2024audioldm,
  title={Audioldm 2: Learning holistic audio generation with self-supervised pretraining},
  author={Liu, Haohe and Yuan, Yi and Liu, Xubo and Mei, Xinhao and Kong, Qiuqiang and Tian, Qiao and Wang, Yuping and Wang, Wenwu and Wang, Yuxuan and Plumbley, Mark D},
  journal={IEEE/ACM Transactions on Audio, Speech, and Language Processing},
  year={2024},
  publisher={IEEE}
}

@inproceedings{moon2022fine,
  title={Fine-tuning diffusion models with limited data},
  author={Moon, Taehong and Choi, Moonseok and Lee, Gayoung and Ha, Jung-Woo and Lee, Juho},
  booktitle={NeurIPS 2022 Workshop on Score-Based Methods},
  year={2022}
}

@inproceedings{xie2023difffit,
  title={Difffit: Unlocking transferability of large diffusion models via simple parameter-efficient fine-tuning},
  author={Xie, Enze and Yao, Lewei and Shi, Han and Liu, Zhili and Zhou, Daquan and Liu, Zhaoqiang and Li, Jiawei and Li, Zhenguo},
  booktitle={Proceedings of the IEEE/CVF International Conference on Computer Vision},
  pages={4230--4239},
  year={2023}
}

@inproceedings{han2023svdiff,
  title={Svdiff: Compact parameter space for diffusion fine-tuning},
  author={Han, Ligong and Li, Yinxiao and Zhang, Han and Milanfar, Peyman and Metaxas, Dimitris and Yang, Feng},
  booktitle={Proceedings of the IEEE/CVF International Conference on Computer Vision},
  pages={7323--7334},
  year={2023}
}