@string{til = {\~\,$\!$}}

@string{jcss={Journal of Computer and System Sciences}}
@string{joc={Journal of Cryptology}}
@string{jcypt=joc}

@string{sicomp={SIAM Journal on Computing}}
@string{siamjc=sicomp}

@string{toc={Theory of Computing}}
@string{combinatorica={Combinatorica}}
@string{jacm={Journal of the ACM}}
@string{eccc={Electronic Colloquium on Computational Complexity}}
@string{tcs={Theoretical Computer Science}}
@string{itcs={Innovations in Theoretical Computer Science}}
@string{lncs={Lecture Notes in Computer Science}}
@string{ipl={Information Processing Letters}}
@string{tit={IEEE Transactions on Information Theory}}
@string{eprint={Cryptology ePrint Archive}}
@string{iandc={Information and Control}}
@string{ieee={IEEE Computer Society}}
@string{springer={Springer}}
@string{acm={ACM Press}}
@string{arxiv={arXiv}}
@string{Jcomplexity={Computational Complexity }}


@string{stoc={Annual ACM Symposium on Theory of Computing (STOC)}}
@string{focs={Annual Symposium on Foundations of Computer Science (FOCS)}}
@string{focs51={51st Annual Symposium on Foundations of Computer Science (FOCS), 2010}}
@string{crypto={Annual International Cryptology Conference (CRYPTO)}}
@string{ec={Annual International Conference on the Theory and Applications of Cryptographic Techniques (EUROCRYPT)}}
@string{ac={Annual International Conference on the Theory and Application of Cryptology and Information Security (ASIACRYPT)}}
@string{tcc={Theory of Cryptography (TCC)}}
@string{tcc16A={Theory of Cryptography Conference (TCC), 2016-A}}
@string{tcc16B={Theory of Cryptography Conference (TCC), 2016-B}}
@string{coco={Annual IEEE Conference on Computational Complexity (COMPLEXITY)}}
@string{itcs={ACM Conference on Innovations in Theoretical Computer Science (ITCS)}}
@string{icalp={Automata, Languages and Programming, 24th International Colloquium (ICALP)}}
@string{disc={International Symposium on Distributed Computing (DISC)}}
@string{soda={Symposium on Discrete Algorithms (SODA)}}
@string{scn={Security and Cryptography for Networks  (SCN)}}
@string{ccs={{ACM} {SIGSAC} Conference on Computer and Communications Security ({CCS})}}
@string{pkc={{IACR} International Conference on Practice and Theory of Public-Key Cryptography (PKC)}}
@string{approx={Approximation, Randomization, and Combinatorial Optimization.. Algorithms and Techniques (APPROX)}}



@inproceedings{BohlerK20,
  author       = {Jonas B{\"{o}}hler and
                  Florian Kerschbaum},
  title        = {Secure Multi-party Computation of Differentially Private Median},
  booktitle    = {29th {USENIX} Security Symposium, {USENIX} Security 2020},
  pages        = {2147--2164},
  publisher    = {{USENIX} Association},
  year         = {2020}
}


@inproceedings{DamgardKNOP24,
  author       = {Ivan Damg{\aa}rd and
                  Hannah Keller and
                  Boel Nelson and
                  Claudio Orlandi and
                  Rasmus Pagh},
  title        = {Differentially Private Selection from Secure Distributed Computing},
  booktitle    = {Proceedings of the {ACM} on Web Conference 2024, {WWW} 2024},
  pages        = {1103--1114},
  publisher    = {{ACM}},
  year         = {2024}
}

@article{BangaloreCV24,
  author       = {Laasya Bangalore and
                  Albert Cheu and
                  Muthuramakrishnan Venkitasubramaniam},
  title        = {{PRIME:} Differentially Private Distributed Mean Estimation with Malicious
                  Security},
  journal      = {{IACR} Cryptol. ePrint Arch.},
  pages        = {1771},
  year         = {2024}
}

@article{CheuSurvey22,
  author       = {Albert Cheu},
  title        = {Differential Privacy in the Shuffle Model: {A} Survey of Separations},
  journal      = {CoRR},
  volume       = {abs/2107.11839},
  year         = {2021},
  eprinttype    = {arXiv}
}


@inproceedings{CheuSUZZ19,
  author       = {Albert Cheu and
                  Adam D. Smith and
                  Jonathan R. Ullman and
                  David Zeber and
                  Maxim Zhilyaev},
  title        = {Distributed Differential Privacy via Shuffling},
  booktitle    = {Advances in Cryptology - {EUROCRYPT} 2019 - 38th Annual International
                  Conference on the Theory and Applications of Cryptographic Techniques,
                  Proceedings, Part {I}},
  volume       = {11476},
  pages        = {375--403},
  year         = {2019}
}

@inproceedings{BittauEMMRLRKTS17,
author = {Bittau, Andrea and Erlingsson, \'{U}lfar and Maniatis, Petros and Mironov, Ilya and Raghunathan, Ananth and Lie, David and Rudominer, Mitch and Kode, Ushasree and Tinnes, Julien and Seefeld, Bernhard},
title = {Prochlo: Strong Privacy for Analytics in the Crowd},
year = {2017},
booktitle = {Proceedings of the 26th Symposium on Operating Systems Principles},
pages = {441â€“459},
numpages = {19},
series = {SOSP '17}
}

@inproceedings{GMPS13,
	title={Accuracy-Privacy Tradeoffs for Two-Party Differentially Private Protocols},
	booktitle={CRYPTO},
	publisher={Springer},
	pages={298--315},
	author={Vipul Goyal and Ilya Mironov and Omkant Pandey and Amit Sahai},
	year=2013
}


@article{MeisingsethR25,
  author       = {Fredrik Meisingseth and
                  Christian Rechberger},
  title        = {SoK: Computational and Distributed Differential Privacy for {MPC}},
  journal      = {Proc. Priv. Enhancing Technol.},
  volume       = {2025},
  number       = {1},
  pages        = {420--439},
  year         = {2025}
}




@inproceedings{GhaziIK0M23,
  author       = {Badih Ghazi and
                  Rahul Ilango and
                  Pritish Kamath and
                  Ravi Kumar and
                  Pasin Manurangsi},
  title        = {Towards Separating Computational and Statistical Differential Privacy},
  booktitle    = {64th {IEEE} Annual Symposium on Foundations of Computer Science, {FOCS}
                  2023},
  pages        = {580--599},
  year         = {2023}
}


@inproceedings{Wullschleger09,
	author       = {J{\"{u}}rg Wullschleger},
	title        = {Oblivious Transfer from Weak Noisy Channels},
	booktitle    = {6th Theory of Cryptography Conference, {TCC}
	2009},
	volume       = {5444},
	pages        = {332--349},
	year         = {2009},
}


@inproceedings{HaitnerMST22,
	author       = {Iftach Haitner and
	Noam Mazor and
	Jad Silbak and
	Eliad Tsfadia},
	title        = {On the complexity of two-party differential privacy},
	booktitle    = {{STOC} '22: 54th Annual {ACM} {SIGACT} Symposium on Theory of Computing},
	pages        = {1392--1405},
	publisher    = {{ACM}},
	year         = {2022}
}

@article{HNOSS20,
	author    = {Iftach Haitner and
	Kobbi Nissim and
	Eran Omri and
	Ronen Shaltiel and
	Jad Silbak},
	title     = {Computational Two-Party Correlation: {A} Dichotomy for Key-Agreement
	Protocols},
	journal   = siamjc,
	volume    = {49},
	number    = {6},
	pages     = {1041--1082},
	year      = {2020},
}


@inproceedings{HaitnerNOSS18,
	author    = {Iftach Haitner and
	Kobbi Nissim and
	Eran Omri and
	Ronen Shaltiel and
	Jad Silbak},
	title     = {Computational Two-Party Correlation: {A} Dichotomy for Key-Agreement
	Protocols},
	booktitle = {59th {IEEE} Annual Symposium on Foundations of Computer Science, {FOCS}
	2018},
	pages     = {136--147},
	year      = {2018}
}


@article{haitner2016limits,
	title={Limits on the usefulness of random oracles},
	author={Haitner, Iftach and Omri, Eran and Zarosim, Hila},
	journal={Journal of Cryptology},
	volume={29},
	number={2},
	pages={283--335},
	year={2016},
	publisher={Springer}
}

@inproceedings{chan2012optimal,
	title={Optimal lower bound for differentially private multi-party aggregation},
	author={Chan, TH Hubert and Shi, Elaine and Song, Dawn},
	booktitle={European Symposium on Algorithms},
	pages={277--288},
	year={2012},
	organization={Springer}
}

@inproceedings{BunCV16,
	title={Separating computational and statistical differential privacy in the client-server model},
	author={Bun, Mark and Chen, Yi-Hsiu and Vadhan, Salil},
	booktitle={Theory of Cryptography Conference},
	pages={607--634},
	year={2016},
	organization={Springer}
}


@inproceedings{GKY11,
	title={Limits of computational differential privacy in the client/server setting},
	author={Groce, Adam and Katz, Jonathan and Yerukhimovich, Arkady},
	booktitle={Theory of Cryptography Conference},
	pages={417--431},
	year={2011},
	organization={Springer}
}


@article{SV87,
	title={Strong communication complexity or generating quasi-random sequences from two communicating semi-random sources},
	author={Vazirani, Umesh V},
	journal={Combinatorica},
	volume={7},
	number={4},
	pages={375--392},
	year={1987},
	publisher={Springer}
}


@inproceedings{HMSS19,
	title={Channels of small log-ratio leakage and characterization of two-party differentially private computation},
	author={Haitner, Iftach and Mazor, Noam and Shaltiel, Ronen and Silbak, Jad},
	booktitle={Theory of Cryptography Conference},
	pages={531--560},
	year={2019},
	organization={Springer}
}

@inproceedings{GKMPS16,
	title={Do distributed differentially-private protocols require oblivious transfer?},
	author={Goyal, Vipul and Khurana, Dakshita and Mironov, Ilya and Pandey, Omkant and Sahai, Amit},
	booktitle={43rd International Colloquium on Automata, Languages, and Programming (ICALP 2016)},
	year={2016}
}

@incollection{Vadhan17,
	title={The complexity of differential privacy},
	author={Vadhan, Salil},
	booktitle={Tutorials on the Foundations of Cryptography},
	pages={347--450},
	year={2017},
	publisher={Springer}
}

@inproceedings{DN04,
	title={Privacy-preserving datamining on vertically partitioned databases},
	author={Dwork, Cynthia and Nissim, Kobbi},
	booktitle={Annual International Cryptology Conference},
	pages={528--544},
	year={2004},
}

@phdthesis{HolensteinThesis06,
	title={Strengthening key agreement using hard-core sets},
	author={Holenstein, Thomas},
	year={2006},
	school={ETH Zurich}
}

@inproceedings{BNO08,
	title={Distributed private data analysis: Simultaneously solving how and what},
	author={Beimel, Amos and Nissim, Kobbi and Omri, Eran},
	booktitle={Annual International Cryptology Conference},
	pages={451--468},
	year={2008},
	organization={Springer}
}

@inproceedings{MPRV09,
	title={Computational differential privacy},
	author={Mironov, Ilya and Pandey, Omkant and Reingold, Omer and Vadhan, Salil},
	booktitle={Annual International Cryptology Conference},
	pages={126--142},
	year={2009},
	organization={Springer}
}


@inproceedings{BS16,
	author    = {Mark Bun and
	Thomas Steinke},
	editor    = {Martin Hirt and
	Adam D. Smith},
	title     = {Concentrated Differential Privacy: Simplifications, Extensions, and
	Lower Bounds},
	booktitle = {Theory of Cryptography - 14th International Conference, {TCC} 2016-B,
	Beijing, China, October 31 - November 3, 2016, Proceedings, Part {I}},
	series    = {Lecture Notes in Computer Science},
	volume    = {9985},
	pages     = {635--658},
	year      = {2016}
}


@inproceedings{LeftoverHashLemma1988,
	title={Pseudo-random generation from one-way functions},
	author={Impagliazzo, Russell and Levin, Leonid A and Luby, Michael},
	booktitle=stoc,
	pages={12--24},
	year={1989}
}

@inproceedings{DMNS06,
	Author = {Cynthia Dwork and Frank McSherry and Kobbi Nissim and Adam Smith},
	Booktitle = {TCC},
	Pages = {265-284},
	Publisher = {Springer},
	Series = {Lecture Notes in Computer Science},
	Title = {Calibrating Noise to Sensitivity in Private Data Analysis},
	Volume = {3876},
	Year = {2006}}


@inproceedings{DKMMN06,
	Author = {Cynthia Dwork and Krishnaram Kenthapadi and Frank McSherry and Ilya Mironov and Moni Naor},
	Bibsource = {DBLP, http://dblp.uni-trier.de},
	Booktitle = {EUROCRYPT},
	Editor = {Serge Vaudenay},
	Ee = {http://dx.doi.org/10.1007/11761679_29},
	Pages = {486-503},
	Publisher = {Springer},
	Series = {Lecture Notes in Computer Science},
	Title = {Our Data, Ourselves: Privacy Via Distributed Noise Generation},
	Volume = {4004},
	Year = {2006}}


@article{barr1999mean,
	title={Mean and variance of truncated normal distributions},
	author={Barr, Donald R and Sherrill, E Todd},
	journal={The American Statistician},
	volume={53},
	number={4},
	pages={357--361},
	year={1999},
	publisher={Taylor \& Francis Group}
}

@article{nagaev1965some,
	title={Some limit theorems for large deviations},
	author={Nagaev, Sergey Victorovich},
	journal={Theory of Probability \& Its Applications},
	volume={10},
	number={2},
	pages={214--235},
	year={1965},
	publisher={SIAM}
}


@InProceedings{OngVa07,
    author      = {Shien Jin Ong and Salil Vadhan},
    title       = {Zero Knowledge and Soundness are Symmetric},
    booktitle   = ec07,
    pages       = {187-209},
    year        = {2007},
}

@techreport{OV06,
    author      = {Shien Jin Ong and Salil Vadhan},
    title       = {Zero Knowledge and Soundness are Symmetric},
    institution = eccc,
    number      = {TR06-139},
    year        = {2006},
}



@inproceedings{HaitnerRe:IH,
  author    = {Iftach Haitner and Omer Reingold},
  title     = {A New Interactive Hashing Theorem},
  booktitle = coco22,
  year      = {2007},
pages     = {319-332},
}

@InProceedings{HaitnerHRS07,
    author={Iftach Haitner and Jonathan J.\ Hoch and Omer Reingold and Gil Segev},
    title={Finding Collisions in Interactive Protocols -- {A} Tight Lower Bound on
        the Round Complexity of Statistically-Hiding Commitments},
    booktitle= focs48,
    year={2007},
    pages     = {669-679},
}


@inproceedings{Haitner04,
  author    = {Iftach Haitner},
  title     = {Implementing Oblivious Transfer Using Collection of Dense
               Trapdoor Permutations},
  booktitle = tcc04,
  year      = {2004},
  pages     = {394-409}
}
@inproceedings{Haitner08,
  author    = {Iftach Haitner},
  title     = {Semi-Honest to Malicious Oblivious Transfer - The Black-Box Way},
  booktitle = tcc08,
  year      = {2008},
  pages     = {394-409}
}

@inproceedings{HaitnerHS08,
  author    = {Iftach Haitner and Jonathan J.\ Hoch and Gil Segev},
  title     = {A Linear Lower Bound on the Communication Complexity of Single-Server Private Information Retrieval},
  booktitle = tcc08,
  year      = {2008},
  pages     = {394-409}
}



@InProceedings{HaitnerRe07,
    author = {Iftach Haitner and Omer Reingold},
    title = {Statistically Hiding Commitment from Any One-Way Function},
    booktitle= stoc39,
    year      = 2007,
    pages     = {1-10},
}

@ARTICLE{Vadhan06,
  AUTHOR    = "Salil P. Vadhan",
  TITLE     = "An Unconditional Study of Computational Zero Knowledge",
  JOURNAL   = siamjc,
  YEAR      = "2006",
  pages     = {1160-1214},
}

@InProceedings{NguyenOnVa06,
  author    = {{Minh-Huyen} Nguyen and Shien Jin Ong and Salil Vadhan},
  title     = {Statistical Zero-Knowledge Arguments for {NP} from Any One-Way Function},
  booktitle      =focs47,
  pages     = {3-14},
  year      = 2006,
}

@article {BrassardCrYu91,
    AUTHOR = {Brassard, Gilles and Cr{\'e}peau, Claude and Yung, Moti},
     TITLE = {Constant-round perfect zero-knowledge computationally
              convincing protocols},
   JOURNAL = tcs,
      YEAR = {1991},
     PAGES = {23-52},
}

@inproceedings{Damgard87,
  author    = {Ivan Damg{a}rd},
  title     = {Collision Free Hash Functions and Public Key Signature Schemes.},
  booktitle= {ec87},
  year      = {1987},
  pages     = {203-216},
}

@PHDTHESIS{Rudich88,
  AUTHOR =       "Steven Rudich",
  TITLE =        "Limits on the Provable Consequences of One-Way Functions",
  SCHOOL =       "U.C. Berkeley",
  YEAR =         "1988"
}

@inproceedings{KahnSaSm00,
    AUTHOR = {Kahn, Jeff and Saks, Michael and Smyth, Cliff},
     TITLE = {A dual version of {R}eimer's inequality and a proof of
              {R}udich's conjecture},
 BOOKTITLE = {15th Annual IEEE Conference on Computational Complexity},
     PAGES = {98-103},
      YEAR = {2000},
}

@inproceedings{NaorYu89,
  author    = {Moni Naor and
               Moti Yung},
  title     = {Universal One-Way Hash Functions and their Cryptographic
               Applications},
  booktitle = stoc21,
  year      = {1989},
  pages     = {33-43},
}

@inproceedings{BellareImNa,
  author    = {Mihir Bellare and
               Russell Impagliazzo and
               Moni Naor},
  title     = {Does Parallel Repetition Lower the Error in Computationally
               Sound Protocols?},
  booktitle= {focs38},
  year      = {1997},
  pages     = {374-383},
}




@inproceedings{BennettBR,
  author    = {Charles H. Bennett and
               Gilles Brassard and
               Jean-Marc Robert},
  title     = {How to Reduce Your Enemy's Information},
  booktitle=crypto85,
  year      = {1985},
  pages     = {468-476},
}

@InProceedings{Dinur06,
    title   = {The {PCP} Theorem via Gap Amplification},
    author  = {Dinur, Irit},
    booktitle= stoc38,
    year    = 2006,
}

@techreport{Goldreich-bravely-eccc,
title={Bravely, Moderately: A Common Theme in Four Recent Results},
author={Goldreich, Oded},
institution=eccc,
number = "TR05-098",
year= 2005,
}

@inproceedings{Reingold05,
  author    = {Omer Reingold},
  title     = {Undirected {ST}-connectivity in log-space.},
  booktitle=stoc37,
  year      = {2005},
  pages     = {376-385},
}

@InProceedings{MicciancioVa03,
  author    = {Daniele Micciancio and Salil Vadhan},
  title     = {Statistical zero-knowledge proofs with efficient provers: lattice problems and more},
  booktitle= {crypto03},
  pages     = {282-298},
  year      = {2003},
}

@inproceedings{BarakOnVa03,
  author    = {Boaz Barak and
               Shien Jin Ong and
               Salil Vadhan},
  title     = {Derandomization in Cryptography.},
  booktitle= {crypto03},
  year      = {2003},
  pages     = {299-315},
}

@inproceedings{Simon98,
  author    = {Daniel Simon},
  title     = {Finding Collisions on a One-Way Street: Can Secure Hash
               Functions Be Based on General Assumptions?},
  booktitle= {ec98},
  year      = {1998},
  pages     = {334-345},
}

@article{BoyarKuKr90,
  author    = {Joan F. Boyar and
               Stuart A. Kurtz and
               Mark W. Krentel},
  title     = {A Discrete Logarithm Implementation of Perfect Zero-Knowledge
               Blobs},
  journal   = jcrypt,
  year      = {1990},
  pages     = {63-76},
}

@article {DamgardPePf98,
    AUTHOR = {Damg{a}rd, Ivan B. and Pedersen, Torben P. and Pfitzmann,
              Birgit},
     TITLE = {Statistical secrecy and multibit commitments},
  JOURNAL  = tit,
      YEAR = {1998},
     PAGES = {1143-1151},
}

@InProceedings{ImpagliazzoRu89,
title="Limits on the provable consequences of one-way permutations",
author={Impagliazzo, Russell and Rudich, Steven},
  booktitle = stoc21,
  publisher = acm,
pages = "44-61",
year=1989,
}

@inproceedings{HaleviMi96,
  author    = {Shai Halevi and Silvio Micali},
  title     = {Practical and Provably-Secure Commitment Schemes from Collision-Free Hashing},
  booktitle= {crypto16},
  year      = {1996},
  pages     = {201-215},
}

@article{GoldwasserMiRi88,
  author    = {Shafi Goldwasser and
               Silvio Micali and
               Ronald L. Rivest},
  title     = {A Digital Signature Scheme Secure Against Adaptive Chosen-Message Attacks},
  journal   = siamjc,
  year      = {1988},
  pages     = {281-308},
}

@inproceedings{ChaumDG87,
  author    = {David Chaum and
               Ivan Damg{a}rd and
               {Jeroen van de} Graaf},
  title     = {Multiparty Computations Ensuring Privacy of Each Party's
               Input and Correctness of the Result.},
  booktitle = crypto87,
  series    = lncs,
  publisher = springer,
  year      = {1987},
  pages     = {87-119},
}

@InProceedings{ImpagliazzoLeLu89,
   title       = {Pseudo-random Generation from one-way functions},
   author      = {Impagliazzo, Russell and Levin, Leonid A. and Luby, Michael},
   pages       = {12-24},
  booktitle = stoc21,
  publisher = acm,
   year        = 1989,
}

@InProceedings{NguyenVa06,
   author      = {Nguyen, {Minh-Huyen} and Vadhan, Salil},
   title       = {Zero Knowledge with Efficient Provers},
   booktitle= {stoc38},
   year        = 2006,
   pages       = {287-295},
}

@Article{HaitnerHoKaKoMoSh05,
  author    = {Iftach Haitner and
               Omer Horvitz and
               Jonathan Katz and
               {Chiu-Yuen} Koo and
               Ruggero Morselli and
               Ronen Shaltiel},
  title     = {Reducing Complexity Assumptions for Statistically Hiding
               Commitment},
  year      = {2009},
   journal   = jcrypt,
  pages     = {283-310},
}

@Article{NisanZu96,
title={Randomness is Linear in Space},
author={Noam Nisan and David Zuckerman},
pages={43-52},
journal=jcss,
year=1996,
}


@article {BennettBrRo88,
    AUTHOR = {Bennett, Charles H. and Brassard, Gilles and Robert,
              Jean-Marc},
     TITLE = {Privacy amplification by public discussion},
   JOURNAL = siamjc,
      YEAR = {1988},
     PAGES = {210-229},
}

@Article{JerrumVaVa86,
  author    = {Mark Jerrum and
               Leslie G. Valiant and
               Vijay V. Vazirani},
  title     = {Random Generation of Combinatorial Structures from a Uniform Distribution},
  journal   = tcs,
  year      = {1986},
  pages     = {169-188},
}

@article{BellareGoPe00,
  author    = {Mihir Bellare and
               Oded Goldreich and
               Erez Petrank},
  title     = {Uniform Generation of {NP}-Witnesses Using an {NP}-Oracle},
  journal   = {Information and Computation},
  year      = {2000},
  pages     = {510-526},
}

@ARTICLE{BarakLiVa06,
  author =   {Boaz Barak and Yehuda Lindell and Salil Vadhan},
  title =    {Lower bounds for non-black-box zero knowledge},
  JOURNAL =  jcss,
  YEAR =     2006,
  pages =   "321-391",
  note =    {Preliminary version in {\em FOCS'04}.}
}

@article {Goldreich93,
    AUTHOR = {Goldreich, Oded},
     TITLE = {A uniform-complexity treatment of encryption and zero-knowledge},
  JOURNAL  = jcrypt,
      YEAR = {1993},
     PAGES = {21-53},
}

@TechReport{Goldreich05,
  author =   {Oded Goldreich},
  title =    {On Promise Problems (a survey in memory of {S}himon {E}ven [1935-2004])},
  institution =  eccc,
  year =     {2005},
  month =    {February},
  number =   {TR05--018}
}

@inproceedings {Blum87,
    AUTHOR = {Blum, Manuel},
     TITLE = {How to prove a theorem so no one else can claim it},
 BOOKTITLE = {Proceedings of the International Congress of Mathematicians},
     PAGES = {1444-1451},
      YEAR = {1987},
 publisher = "American Mathematical Society",
}

@inproceedings{Barak01,
  author    = {Boaz Barak},
  title     = {How to Go Beyond the Black-Box Simulation Barrier.},
  year      = {2001},
  pages     = {106-115},
  booktitle= {focs42},
}

@Book{Goldreich01,
  Author         = {Oded Goldreich},
  Title          = {Foundations of Cryptography: Basic Tools},
  Publisher      = {Cambridge University Press},
  year           = 2001,
}

@book{Goldreich04,
    author={Oded Goldreich},
    title={Foundations of Cryptography -- VOLUME 2: Basic Applications},
    publisher={Cambridge University Press},
    year={2004}
}


@Article{ItohOhSh97,
  Author         = {Itoh, Toshiya and Ohta, Yuji and Shizuya, Hiroki},
  Title          = {A language-dependent cryptographic primitive},
  Journal        = jcrypt,
  Pages          = {37-49},
  year           = 1997,
}

@ARTICLE{SahaiVa03,
  author =       {Amit Sahai and Salil Vadhan},
  title =        {A Complete Problem for Statistical Zero Knowledge},
  journal =      jacm,
  year =         {2003},
  pages =        {196-249},
  note =         {Preliminary version in {\it FOCS'97}}
}


@article {GoldreichKr92,
    AUTHOR = {Goldreich, Oded and Krawczyk, Hugo},
     TITLE = {Sparse pseudorandom distributions},
   JOURNAL = rsa,
      YEAR = {1992},
     PAGES = {163-174},
}


@PHDTHESIS{Kannan-thesis,
  AUTHOR =       "Sampath Kannan",
  TITLE =        "Program Checkers for Algebraic Problems",
  SCHOOL =       "University of California, Berkeley",
  address =      "Berkeley, CA",
  YEAR =         "1989",
}

@InProceedings{GoldreichVaWi01,
    title       = {On Interactive Proofs with a Laconic Prover},
    author      = {Oded Goldreich and Salil Vadhan and Avi Wigderson},
   booktitle= {icalp01},
    pages       = {334-345},
    year        = 2001,
}

@InProceedings{BellareGo89,
   title={New Paradigms for Digital Signatures and Message Authentication
   Based on Non-Interactive Zero Knowledge Proofs},
   author={Mihir Bellare and Shafi Goldwasser},
   pages={194-211},
   booktitle=crypto89,
   year=1989,
}

@article {GoldreichPe99,
   AUTHOR = {Goldreich, Oded and Petrank, Erez},
    TITLE = {Quantifying knowledge complexity},
 JOURNAL = {Computational Complexity},
     YEAR = {1999},
    PAGES = {50-98},
}


@Proceedings{FOCS32,
title={32nd Annual Symposium on Foundations of Computer Science},
booktitle={32nd Annual Symposium on Foundations of Computer Science},
month={1-4 } # oct,
year=1991,
address={San Juan, Puerto Rico},
organization={IEEE},
crossrefonly=1,
}

@InProceedings{AielloBeVe95,
title={Knowledge on the Average---Perfect, Statistical and Logarithmic},
author={William Aiello and Mihir Bellare and Ramarathnam Venkatesan},
pages={469-478},
booktitle=stoc27,
year=1995,
}

@InProceedings{Ostrovsky91,
  title =        "One-Way Functions, Hard on Average Problems, and
                 Statistical Zero-Knowledge Proofs",
  author =       "Rafail Ostrovsky",
  booktitle =   "Proceedings of the 6th Annual Structure in Complexity Theory Conference",
  pages=        {133-138},
  year =         1991,
  publisher =   ieee,
}

@InProceedings{OstrovskyWi93,
  author =       "Rafail Ostrovsky and Avi Wigderson",
  title =        "One-Way Functions are Essential for Non-Trivial
                 Zero-Knowledge",
  booktitle =   "Proceedings of the 2nd Israel Symposium on Theory of Computing Systems",
  year =         "1993",
  pages =        "3-17",
  publisher =   ieee,
}

@Article{AielloHa91,
  title={Statistical Zero-Knowledge Languages Can Be Recognized in Two Rounds},
  author={William Aiello and Johan H{a}stad},
  pages={327-345},
  journal=jcss,
  year=1991,
}

@Article{Goldreich90,
  title={A note on computational indistinguishability},
  author={Oded Goldreich},
  pages={277-281},
  journal=ipl,
  year=199
}

@Article{GoldreichOsPe98,
  title={Computational Complexity and Knowledge Complexity},
  author={Oded Goldreich and Rafail Ostrovsky and Erez Petrank},
  pages={1116-1141},
  journal=sicomp,
  year=1998,
}

@inproceedings{Okamoto96,
  author    = {Tatsuaki Okamoto},
  title     = {On Relationships between Statistical Zero-Knowledge Proofs.},
  booktitle= {stoc28},
  year      = {1996},
  pages     = {649-658},
}

@Article{Okamoto00,
  author =   {Tatsuaki Okamoto},
  title =    {On Relationships Between Statistical Zero-Knowledge Proofs},
  journal =  jcss,
  year =     {2000},
  pages =    {47-108},
  note =     {Preliminary version in {\it STOC'96}},
}


@article{Fortnow89,
  author =   "Lance Fortnow",
  title =    "The Complexity of Perfect Zero-Knowledge",
  journal = "Advances in Computing Research: Randomness and Computation",
  year =     "1989",
  pages =    "327-343",
}

@article{GoldwasserSi89,
  author =   "Shafi Goldwasser and Michael Sipser",
  title =    "Private Coins versus Public Coins in Interactive
          Proof Systems",
  journal = "Advances in Computing Research: Randomness and Computation",
  year =     "1989",
  pages =    "73-90",
}

@Article{FurerGoMaSiZa89,
  author =   "Martin F{\"u}rer and Oded Goldreich and Yishay Mansour
             and Michael Sipser and Stathis Zachos",
  title =    "On Completeness and Soundness in Interactive Proof Systems",
  journal = "Advances in Computing Research",
  year =     "1989",
  pages =    "429-442",
}

@Article{GoldreichKu93,
  author =   "Oded Goldreich and Eyal Kushilevitz3",
  title =    "A Perfect Zero-Knowledge Proof System for a Problem
          Equivalent to the Discrete Logarithm",
  journal =  jcrypt,
  year =     "1993",
  pages =    "97-116",
}


@Article{Ullian67,
  author =   "Joseph S. Ullian",
  title =    "Partial Algorithm Problems for Context Free Languages",
  journal =  infcntrl,
  year =     "1967",
  pages =    "80-101",
}


@InCollection{EvenYa80,
  author =   "S. Even and Y. Yacobi",
  title =    "Cryptocomplexity and {NP}-Completeness",
  booktitle = "Proceedings of the 7th Colloquium on Automata, Languages, and Programming, Lecture Notes in Computer Science",
  publisher = springer,
  year =     "1990",
  pages =    "195-207",

}

@Article{GoldwasserMiRa89,
  author =   {Shafi Goldwasser and Silvio Micali and Charles Rackoff},
  title =    {The Knowledge Complexity of Interactive Proof Systems},
  journal =  sicomp,
  year =     {1989},
  pages =    {186-208},
  note = {Preliminary version in {\it STOC'85}},
}


@InCollection{DamgardGoOkWi95,
  author    = "Ivan Damg{a}rd and Oded Goldreich and Tatsuaki Okamoto and Avi Wigderson",
  title     = "Honest Verifier vs. Dishonest Verifier in Public Coin Zero-Knowledge Proofs",
  booktitle= {crypto95},
  year =     "1995",
  pages = "325-338",
}

@article{DamgardPP97,
  author    = {Ivan Damg{a}rd and
               Torben P. Pedersen and
               Birgit Pfitzmann},
  title     = {On the Existence of Statistically Hiding Bit Commitment
               Schemes and Fail-Stop Signatures.},
  journal   = jcrypt,
  year      = {1997},
  pages     = {163-194},
}

@InProceedings{Damgard93,
title={Interactive Hashing Can Simplify Zero-Knowledge Protocol Design without Computational Assumptions},
author={Ivan B. Damg{a}rd},
pages={100-109},
booktitle= {crypto93},
year=1993,
}

@Article{Shannon67,
title={Communication Theory of Secrecy Systems},
author={Shannon, Claude},
journal="Bell System Technical Journal",
year="1949",
pages = "656-715",
}

@Article{GoldreichMiWi91,
  author =   "Oded Goldreich and Silvio Micali and Avi Wigderson",
  title =    "Proofs that Yield Nothing But Their Validity or All Languages in {NP} Have Zero-Knowledge Proof Systems",
  journal =  jacm,
  year =     1991,
  pages =    "691-729",
  note = {Preliminary version in {\it FOCS'86}},
}




@Article{LundFoKaNi92,
title={Algebraic Methods for Interactive Proof Systems},
author={Carsten Lund and Lance Fortnow and Howard Karloff and Noam Nisan},
pages={859-868},
journal=jacm,
year=1992,
}


@Article{Shamir92,
title={{IP} = {PSPACE}},
author={Adi Shamir},
pages={869-877},
journal=jacm,
year=1992,
}

@InProceedings{Cook71,
title={The Complexity of Theorem-Proving Procedures},
author={Cook, Stephen A.},
pages={151-158},
booktitle=stoc03,
}


@Article{Levin73,
  author =   "Leonid A. Levin",
  title =    " Universal'ny\u{\i}e pereborny\u{\i}ezadachi ({Universal} search problems : in {Russian})",
  journal =  "Problemy Peredachi Informatsii",
  year =     "1973",
  pages =    "265-266",
}

@InCollection{Karp72,
  author =   "Richard M. Karp",
  title =    "Reducibility among Combinatorial Problems",
  booktitle = "Complexity of Computer Computations",
  publisher =    "Plenum Press, Inc.",
  year =     "1972",
  editor =   "J. W. Thatcher and R. E. Miller",
  pages =    "85-103",
}

@InProceedings{Babai85,
title={Trading Group Theory for Randomness},
author={Babai, L{\'a}szl{\'o}},
pages={421-429},
booktitle=stoc17,
}

@Article{BabaiMo88,
  author =   "L{\'{a}}szl{\'{o}} Babai and Shlomo Moran",
  title =    "{A}rthur-{M}erlin Games: A Randomized Proof System and a Hierarchy of Complexity Classes",
  journal =  jcss,
  year =     "1988",
  pages =    "254-276",
}

@InProceedings{Yao82B,
title={Theory and Applications of Trapdoor Functions},
author={Yao, Andrew C.},
pages={80-91},
booktitle=focs,
year = 1982,
}
@inproceedings{Yao82,
  author="A. C. Yao",
  title="Protocols for Secure Computations",
  pages="160-164",
  booktitle=focs,
  year=1982
}




@Article{GoldwasserMi84,
title={Probabilistic Encryption},
author={Shafi Goldwasser and Silvio Micali},
pages={270-299},
journal=jcss,
year=1984,
}

@inproceedings{OstrovskyVeYu93,
  author    = {Rafail Ostrovsky and
               Ramarathnam Venkatesan and
               Moti Yung},
  title     = {Interactive Hashing Simplifies Zero-Knowledge Protocol Design},
  booktitle  = ec93,
  year      = {1993},
  pages     = {267-273},
}

@Article{GoldreichKr96,
title={On the Composition of Zero-Knowledge Proof Systems},
author={Oded Goldreich and Hugo Krawczyk},
pages={169-192},
journal=sicomp,
year=1996,
}

@InProceedings{BellarePe92,
title={Making Zero-Knowledge Provers Efficient},
author={Bellare, Mihir and Petrank, Erez},
pages={711-722},
booktitle=STOC24,
source={http://theory.lcs.mit.edu/~dmjones/STOC/stoc.bib}
}


@Article{BoppanaHaZa87,
  author =   "Ravi B. Boppana and Johan H{a}stad and Stathis Zachos",
  title =    "Does co-{NP} have short interactive proofs?",
  journal =  ipl,
  year =     "1987",
  pages =    "127-132",
}

@Article{BellareGo94,
  Author         = {Bellare, Mihir and Goldwasser, Shafi},
  Title          = {The complexity of decision versus search},
  Journal        = siamjc,
  Pages          = {97-119},
  year           = 1994,
}


@article {Bellare02,
    AUTHOR = {Bellare, Mihir},
     TITLE = {A note on negligible functions},
   JOURNAL = jcrypt,
      YEAR = {2002},
     PAGES = {271-284},
}


@Misc{BellareGoSu97,
  OPTcrossref =  "",
  OPTkey =   "",
  author =   "Mihir Bellare and Oded Goldreich and Madhu Sudan",
  title =    "Personal Communication",
  OPThowpublished = "",
  year =     "1997",
  month =    "June",
  OPTnote =      "",
  OPTannote =    ""
}

@TechReport{DamgardCr96,
  author =   "Ivan Damg{a}rd and Ronald Cramer",
  title =    "On Monotone Function Closure of Perfect and Statistical Zero-Knowledge",
  institution = "Centrum voor Wiskunde en Informatica (CWI)",
  number = "CS-R9618",
  year =     "1996",
  note =     "\url{http://www.cwi.nl/ftp/CWIreports/AA/CS-R9618.pdf}",
}

@inproceedings{BrassardD88,
  author    = {Gilles Brassard and
               Ivan Damg{a}rd},
  title     = {{``Practical IP'' $\Leftarrow$ MA}},
  year      = {1988},
  pages     = {580-582},
  booktitle = crypto88,
}

@Misc{GoldreichGo98b,
  OPTcrossref =  "",
  OPTkey =   "",
  author =   "Oded Goldreich and Shafi Goldwasser",
  title =    "On the possibility of basing cryptography on the
      assumption that $\mathrm{P} \neq \mathrm{NP}$",
  howpublished = "Theory of Cryptography Library: Record 98-05",
  year =     "1998",
  month =    "February",
  note =     "\verb|http://theory.lcs.mit.edu/~tcryptol|",
  OPTannote =    ""
}


@InProceedings{Ben-OrGoGoHaKiMiRo88,
title={Everything Provable is Provable in Zero-Knowledge},
author={Michael {Ben-Or} and Oded Goldreich and Shafi Goldwasser and
Johan H{a}stad and Joe Kilian and Silvio Micali and Phillip
Rogaway},
pages={37-56},
  booktitle = crypto88,
year=1988,
}


@InProceedings{ImpagliazzoYu87,
title={Direct Minimum-Knowledge Computations (Extended Abstract)},
author={Russell Impagliazzo and Moti Yung},
pages={40-51},
  booktitle = crypto87,
year=1987,
}


@InProceedings{DiCrescenzoOkYu97,
title={Keeping the {SZK}-Verifier Honest Unconditionally},
author={Giovanni {Di C}rescenzo and Tatsuaki Okamoto and Moti Yung},
pages={31-45},
booktitle= {crypto97},
year =1997,
}


@Article{GoldreichOr94,
title={Definitions and Properties of Zero-Knowledge Proof Systems},
author={Oded Goldreich and Yair Oren},
pages={1-32},
journal=jcrypt,
year=1994,
}



@Article{GoldreichKa96,
  author =   {Oded Goldreich and Ariel Kahan},
  title =    {How to Construct Constant-Round Zero-Knowledge Proof Systems for {NP}},
  journal =  jcrypt,
  year =     {1996},
  pages =    {167-190},
}

@article {HastadImLeLu99,
   AUTHOR = {H{a}stad, Johan and Impagliazzo, Russell and Levin, Leonid A.
             and Luby, Michael},
    TITLE = {A pseudorandom generator from any one-way function},
  JOURNAL = siamjc,
     YEAR = {1999},
    PAGES = {1364-1396},
}


@article{DolevDwNa00,
  author    = {Danny Dolev and
               Cynthia Dwork and
               Moni Naor},
  title     = {Nonmalleable Cryptography.},
  journal   = siamjc,
  year      = {2000},
  pages     = {391-437},
}




@InProceedings{DolevDwNa91,
title={Non-Malleable Cryptography},
author={Dolev, Danny and Dwork, Cynthia and Naor, Moni},
pages={542-552},
booktitle={Proceedings of the Twenty-Third Annual ACM Symposium on Theory
of Computing, {STOC}},
note={Full version to appear in {\em SIAM J. on Computing}.}
}

@Proceedings{STOC23,
title={Proceedings of the Twenty Third Annual ACM Symposium on Theory
of Computing},
booktitle={Proceedings of the Twenty Third Annual ACM Symposium on
Theory of Computing},
month={6--8 } # may,
year=1991,
address={New Orleans, Louisiana},
c-organization={ACM},
key={ACM},
crossrefonly=1,
source={http://theory.lcs.mit.edu/~dmjones/STOC/stoc.bib}
}

@InProceedings{NaorYu90,
title={Public-key Cryptosystems Provably Secure against Chosen
Ciphertext Attacks},
author={Naor, Moni and Yung, Moti},
pages={427-437},
booktitle=STOC22,
source={http://theory.lcs.mit.edu/~dmjones/STOC/stoc.bib}
}

@Article{Naor91,
   title={Bit Commitment Using Pseudorandomness},
   author={Moni Naor},
   pages={151-158},
   journal=jcrypt,
   year=1991,
}

@TechReport{DamgardGoWi94,
  author =   "Ivan Damg{a}rd and Oded Goldreich and Avi Wigderson",
  title =    "Hashing Functions Can Simplify Zero-Knowledge
          Protocol Design (Too)",
  institution =  "BRICS",
  year =     "1994",
  number =   "RS-94--39",
  month =    "November",
  note =     "See Part~1 of \cite{DamgardGoOkWi95}",
}


@Book{CoverTh91,
  author =   "Thomas M. Cover and Joy A. Thomas",
  title =    "Elements of Information Theory",
  publisher =    "John Wiley \& Sons, Inc.",
  year =     "1991",
  OPTcrossref =  "",
  OPTkey =   "",
  OPTeditor =    "",
  OPTvolume =    "",
  OPTnumber =    "",
  series =   "Wiley Series in Telecommunications",
  OPTaddress =   "",
  edition =  "first",
  OPTmonth =     "",
  OPTnote =      "",
  OPTannote =    ""
}

@InProceedings{Sipser83,
    title={A Complexity Theoretic Approach to Randomness},
    author={Sipser, Michael},
    pages={330-335},
    booktitle=stoc15,
    year =1983,
}

@Proceedings{STOC15,
title={Proceedings of the Fifteenth Annual ACM Symposium on Theory of
Computing},
booktitle={Proceedings of the Fifteenth Annual ACM Symposium on Theory
of Computing},
month={25-27 } # apr,
year=1983,
address={Boston, Massachusetts},
c-organization={ACM},
key={ACM},
crossrefonly=1,
source={http://theory.lcs.mit.edu/~dmjones/STOC/stoc.bib}
}

@Article{EvenSeYa84,
title={The Complexity of Promise Problems with Applications to
Public-Key Cryptography},
author={Shimon Even and Alan L. Selman and Yacov Yacobi},
pages={159-173},
journal=iandc,
year=1984,
}

@InProceedings{GoldreichMW87,
title   = {How to Play any Mental Game or A Completeness Theorem for Protocols with Honest Majority},
author  = {Goldreich, Oded and Micali, Silvio and Wigderson, Avi},
pages   = {218-229},
booktitle= {Proceedings of the Nineteenth Annual ACM Symposium on Theory of Computing, {STOC}},
year    = 1987,
}

@TechReport{GoldreichVa98,
  author =   {Oded Goldreich and Salil Vadhan},
  title =    {Comparing Entropies in Statistical Zero-Knowledge with Applications to the Structure of {SZK}},
  institution =  eccc,
  year =     {1998},
  number =   {TR98-063}
}

@inproceedings{GoldreichVa99,
  author    = {Oded Goldreich and
               Salil P. Vadhan},
  title     = {Comparing Entropies in Statistical Zero Knowledge with Applications
               to the Structure of {SZK}},
  booktitle = {IEEE Conference on Computational Complexity},
  year      = {1999},
  pages =    {54-73},
  publisher = ieee,
}

@inproceedings{GoldreichSu98,
  author    = {Oded Goldreich and
               Madhu Sudan},
  title     = {Computational Indistinguishability: A Sample Hierarchy.},
  booktitle = {IEEE Conference on Computational Complexity},
  year      = {1998},
  pages     = {24-33},
  publisher = ieee,
}

@Article{FeigeFiSh88,
title={Zero-Knowledge Proofs of Identity},
author={Uriel Feige and Amos Fiat and Adi Shamir},
pages={77-94},
journal=jcrypt,
year=1988,
}

@InProceedings{GoldreichSaVa98,
  author    = {Oded Goldreich and Amit Sahai and Salil Vadhan},
  title     = {Honest Verifier Statistical Zero-Knowledge Equals General Statistical Zero-Knowledge},
  booktitle= {stoc},
  pages     = "399-408",
  year      = 1998,
}


@InProceedings{GoldreichGo98,
  author =   {Oded Goldreich and Shafi Goldwasser},
  title =    {On the Limits of Non-Approximability of Lattice Problems},
  booktitle= {stoc},
  pages =    {1-9},
  year = 1998,
}

@Proceedings{STOC30,
title={Proceedings of the Thirtieth Annual ACM Symposium on Theory of
Computing},
booktitle={Proceedings of the Thirtieth Annual ACM Symposium on
Theory of Computing},
month={23-26 } # may,
year=1998,
address={Dallas},
c-organization={ACM},
key={ACM},
crossrefonly=1
}


@article {GoldreichGo00,
   AUTHOR = {Goldreich, Oded and Goldwasser, Shafi},
    TITLE = {On the limits of nonapproximability of lattice problems},
  JOURNAL = jcss,
     YEAR = {2000},
    PAGES = {540-563},
    NOTE = {30th Annual ACM Symposium on Theory of Computing (Dallas, TX,
             1998)},
}


@InProceedings{KlivansMe99,
  author =   {Adam R. Klivans and Dieter van Melkebeek},
  title =    {Graph Nonisomorphism has Subexponential Size Proofs unless the Polynomial-time Hierarchy Collapses},
  booktitle= {stoc31},
  pages =    {659-667},
  year =     1999,
}

@InProceedings{SahaiVa97,
title={A Complete Promise Problem for Statistical Zero-Knowledge},
author={Amit Sahai and Salil P. Vadhan},
pages={448-457},
booktitle= {focs8},
year=1997,
}

@inproceedings{ReingoldTV04,
  author    = {Omer Reingold and
               Luca Trevisan and
               Salil P. Vadhan},
  title     = {Notions of Reducibility between Cryptographic Primitives.},
  booktitle = tcc04,
  pages     = {1-20},
  year      = {2004},
}

@InProceedings{PetrankTa96,
title={On the Knowledge Complexity of {NP}},
author={Erez Petrank and G{\'a}bor Tardos},
pages={494-503},
booktitle= {focs37},
year = 1996,
}

@article{PetrankTa02,
  author    = {Erez Petrank and
               G{\'a}bor Tardos},
  title     = {On the Knowledge Complexity of {NP}},
  journal   = {Combinatorica},
  year      = {2002},
  pages     = {83-121},
  note      = {Preliminary version in {\it FOCS'96}},
}

@InProceedings{SahaiVa99,
  author =   {Amit Sahai and Salil Vadhan},
  title =    {Manipulating Statistical Difference},
  booktitle = {Randomization Methods in Algorithm Design ({DIMACS} Workshop, December 1997)},
  year =     {1999},
   pages =    {251-270},
}


@InProceedings{GoldreichSaVa99,
title={Can Statistical Zero-Knowledge be Made Non-Interactive?, or {O}n the Relationship of {SZK} and {NISZK}},
author={Oded Goldreich and Amit Sahai and Salil Vadhan},
pages={467-484},
booktitle= {crypto99},
year=1999,
}

@InProceedings{Yao86,
title={How to Generate and Exchange Secrets},
author={Yao, Andrew {Chi-Chih}},
pages={162-167},
booktitle= {focs27},
year=1986,
}

@inproceedings{Pedersen91,
  author    = {Torben P. Pedersen},
  title     = {Non-Interactive and Information-Theoretic Secure Verifiable
               Secret Sharing},
  year      = {1991},
  pages     = {129-140},
  booktitle= {crypto91},
}

@Book{Sipser:book,
  author    = {Michael Sipser},
  title     = {Introduction to the Theory of Computation},
  publisher = {Thomson Course Technology},
  address   = {Boston, MA, USA},
  year      = 2005,
  edition   = {Second},
}

@Book{Sipser:book-first,
  author    = {Michael Sipser},
  title     = {Introduction to the Theory of Computation},
  publisher = {PWS Publishing},
  year      = {1997},
  edition   = 1,
}


@Book{Papadimitriou94,
  author =   {Christos H. Papadimitriou},
  title =    {Computational Complexity},
  publisher =    {Addison--Wesley},
  year =     {1994},
}

@InProceedings{AjtaiBe84,
title={A Theorem on Probabilistic Constant Depth Computations},
author={Ajtai, Mikl{\'o}s and {Ben-O}r, Michael},
pages={471-474},
booktitle=STOC16,
source={http://theory.lcs.mit.edu/~dmjones/STOC/stoc.bib}
}

@Proceedings{STOC16,
title={Proceedings of the Sixteenth Annual ACM Symposium on Theory of
Computing},
booktitle={Proceedings of the Sixteenth Annual ACM Symposium on Theory
of Computing},
mont={30 } # apr # {--2 } # may,
year=1984,
address={Washington, D.C.},
c-organization={ACM},
key={ACM},
crossrefonly=1,
source={http://theory.lcs.mit.edu/~dmjones/STOC/stoc.bib}
}

@TechReport{GoldreichNiWi95,
  author =   {Oded Goldreich and Noam Nisan and Avi Wigderson},
  title =    {On {Y}ao's {XOR} lemma},
  institution =  {Electronic Colloquium on Computational Complexity},
  year =     {1995},
  OPTkey =   {},
  OPTtype =      {},
  number =   {TR95--050},
  OPTaddress =   {},
  month =    {March},
  note =     webstart # {http://} # webmid # {www.eccc.uni-trier.de/} # webmid # {eccc} # webend,
  OPTannote =    {}
}


@InProceedings{DeSantisDiPeYu94,
title={On Monotone Formula Closure of {SZK}},
author={Alfredo {De S}antis and Giovanni {Di C}rescenzo and Giuseppe
Persiano and Moti Yung},
pages={454-465},
booktitle= {focs35},
year = 1994,
}

@inproceedings{DeSantisCPY98,
  author    = {Alfredo {De S}antis and
               Giovanni {Di C}rescenzo and
               Giuseppe Persiano and
               Moti Yung},
  title     = {Image {Density} is Complete for Non-Interactive-{SZK}.},
  booktitle = {Automata, Languages and Programming, 25th International Colloquium, ICALP'98},
  year      = {1998},
  pages     = {784-795},
}

@Article{Chernoff52,
  author =   {Hermann Chernoff},
  title =    {A Measure of the Asymptotic Efficiency for Tests of a Hypothesis Based on the Sum of Observations},
  journal =  {Annals of Mathematical Statistics},
  year =     {1952},
  pages =    {493-509},
}


@Article{Hoeffding63,
  author =   {Wassily Hoeffding},
  title =    {Probability Inequalities for Sums of Bounded Random Variables},
  journal =      {Journal of the American Statistical Association},
  year =     {1963},
  pages =    {13-30},
}



@Book{Hofri95,
  author =   {Micha Hofri},
  ALTeditor =    {},
  title =    {Analysis of Algorithms: Computational Methods \& Mathematical Tools},
  publisher =    {Oxford University Press},
  year =     {1995},
  OPTkey =   {},
  OPTvolume =    {},
  OPTnumber =    {},
  OPTseries =    {},
  OPTaddress =   {},
  OPTedition =   {},
  OPTmonth =     {},
  OPTnote =      {},
  OPTannote =    {}
}

@Article{CarterWe79,
title={Universal Classes of Hash Functions},
author={Lawrence J. Carter and Mark N. Wegman},
pages={143-154},
journal=jcss,
year=1979,
}



 @Article{CarterWe81,
  author={Mark N. Wegman and J. Lawrence Carter},
  title =        "New Hash Functions and Their Use in Authentication and
                 Set Equality",
  journal=jcss,
  year =         "1981",
 }


@Article{FurstSaSi84,
title={Parity, Circuits, and the Polynomial-Time Hierarchy},
author={Merrick Furst and James B. Saxe and Michael Sipser},
pages={13-27},
journal=mst,
month=apr,
year=1984,
}

@Article{LadnerLySe75,
title={A Comparison of Polynomial Time Reducibilities},
author={Richard E. Ladner and Nancy A. Lynch and Alan L. Selman},
pages={103-123},
journal=tcs,
year=1975,
}


@InProceedings{ImpagliazzoLu89,
title={One-way Functions are Essential for Complexity Based Cryptography},
author={Impagliazzo, Russell and Luby, Michael},
pages={230-235},
booktitle=focs,
year=1989,
}


@InProceedings{GoldreichGoHa97,
title={Public-Key Cryptosystems from Lattice Reduction Problems},
author={Oded Goldreich and Shafi Goldwasser and Shai Halevi},
pages={112-131},
booktitle= {crypto97},
note={See also ECCC TR96-056}
}

@InProceedings{AjtaiDw97,
title={A Public-Key Cryptosystem with Worst-Case/Average-Case
Equivalence},
author={Mikl{\'o}s Ajtai and Cynthia Dwork},
pages={284-293},
booktitle= {stoc29},
source={http://theory.lcs.mit.edu/~dmjones/STOC/stoc.bib},
note={See also ECCC TR96-065}
}

@Article{DiffieHe76,
  author =   {Whitfield Diffie and Martin E. Hellman},
  title =    {New Directions in Cryptography},
  journal =  tit,
  year =     {1976},
  pages =    {644-654},
}


@InProceedings{ElGamal84,
    title={A Public Key Cryptosystem and a Signature Scheme Based on Discrete Logarithms},
    author={Taher ElGamal},
    pages={10-18},
    booktitle= crypto84,
    year=1984,
}

@Article{GoldreichGoMi86,
title={How to Construct Random Functions},
author={Oded Goldreich and Shafi Goldwasser and Silvio Micali},
area={Theory of Computation},
pages={792-807},
journal=jacm,
year=1986,
}

@Article{Naor1991,
   title    = {Bit Commitment Using Pseudorandomness},
   author   = {Moni Naor},
   pages    = {151-158},
   journal  = jcrypt,
   year     = 1991,
}

@InProceedings{Rompel90,
   title    = {One-Way Functions are Necessary and Sufficient for Secure Signatures},
   author   = {Rompel, John},
   pages    = {387-394},
   booktitle= stoc22,
   year     = 1990,
}

@Article{KilianPe98,
   title    = {An Efficient Noninteractive Zero-Knowledge Proof System for~{NP} with General Assumptions},
   author   = {Joe Kilian and Erez Petrank},
   pages    = {1-27},
   journal  = jcrypt,
   year     = 1998,
}

@InProceedings{Kilian92,
   title    = {A Note on Efficient Zero-Knowledge Proofs and Arguments (Extended Abstract)},
   author   = {Kilian, Joe},
   pages    = {723-732},
   booktitle=stoc24,
   year     = 1992
}

@InProceedings{BoyarPe89,
    title   = {On the Concrete Complexity of Zero-Knowledge Proofs},
    author  = {Joan Boyar and Ren{\'e} Peralta},
    pages   = {507-525},
    booktitle= {crypto89},
    year    = 1989,
}


@InProceedings{Damgard92,
title={Non-Interactive Circuit Based Proofs and Non-Interactive
Perfect Zero-Knowledge with Preprocessing},
author={Ivan Damg{a}rd},
pages={341-355},
booktitle= ec92,
year=1992,
}

@inproceedings{ArbitmanNS10,
  author    = {Yuriy Arbitman and
               Moni Naor and
               Gil Segev},
  title     = {Backyard Cuckoo Hashing: Constant Worst-Case Operations
               with a Succinct Representation},
  booktitle = focs51,
  year      = {2010},
  pages     = {787-796},
}

@InProceedings{Kilian94,
title={On the complexity of Bounded-Interaction and Noninteractive
Zero-Knowledge Proofs},
author={Joe Kilian},
pages={466-477},
booktitle=focs35,
}

@Proceedings{FOCS35,
title={35th Annual Symposium on Foundations of Computer Science},
booktitle={35th Annual Symposium on Foundations of Computer
Science},
month={20-22 } # nov,
year=1994,
address={Santa Fe, New Mexico},
organization={IEEE},
crossrefonly=1,
source={http://theory.lcs.mit.edu/~dmjones/FOCS/focs.bib}
}

@InProceedings{KilianMiOs89,
title={Minimum Resource Zero-Knowledge Proofs (Extended Abstract)},
author={Kilian, Joe and Micali, Silvio and Ostrovsky, Rafail},
pages={474-479},
preliminary={crypto::KilianMO1989},
booktitle=focs,
}

@Proceedings{focs,
booktitle={Proceedings of the 30th Annual Symposium on Foundations of Computer Science},
year=1989,
}

@Article{FeigeLaSh99,
  author =   {Uriel Feige and Dror Lapidot and Adi Shamir},
  title =    {Multiple Non-Interactive Zero Knowledge Proofs Under General Assumptions},
  journal =      sicomp,
  year =     {1999},
  note =     {Preliminary version in {\it FOCS'90}},
}


@InProceedings{FeigeSh89,
title={Zero Knowledge Proofs of Knowledge in Two Rounds},
author={Uriel Feige and Adi Shamir},
pages={526-545},
booktitle=crypto89,
source={http://theory.lcs.mit.edu/~dmjones/hbp/crypto/crypto.bib}
}


@InProceedings{Oren87,
title={On the Cunning Power of Cheating Verifiers: Some Observations
about Zero Knowledge Proofs (Extended Abstract)},
author={Oren, Yair},
pages={462-471},
booktitle=focs28,
year=1987,
}


@InProceedings{FeigeSh90,
title={Witness Indistinguishable and Witness Hiding Protocols},
author={Feige, Uriel and Shamir, Adi},
pages={416-426},
  booktitle = stoc22,
  publisher = acm,
year=1990,
}


@InProceedings{TompaWo87,
title={Random Self-Reducibility and Zero Knowledge Interactive Proofs
of Possession of Information},
author={Tompa, Martin and Woll, Heather},
pages={472-482},
booktitle= {focs28},
source={http://theory.lcs.mit.edu/~dmjones/FOCS/focs.bib},
year=1987,
}

@InProceedings{BellareMiOs90-iso,
author={Bellare, Mihir and Micali, Silvio and Ostrovsky, Rafail},
title={Perfect zero-knowledge in constant rounds},
pages={482-493},
  booktitle = stoc22,
  publisher = acm,
year=1990,
}

@InProceedings{BellareMiOs90-szk,
author={Bellare, Mihir and Micali, Silvio and Ostrovsky, Rafail},
title={The (True) Complexity of Statistical Zero Knowledge},
pages={494-502},
  booktitle = stoc22,
  publisher = acm,
year=1990,
}

@Article{BrassardChCr88,
title={Minimum Disclosure Proofs of Knowledge},
author={Gilles Brassard and David Chaum and Claude Cr{\'e}peau},
pages={156-189},
journal=jcss,
year=1988,
}

@Article{BlumDeMiPe91,
title={Noninteractive Zero-Knowledge},
author={Manuel Blum and Alfredo {De S}antis and Silvio Micali and
Giuseppe Persiano},
pages={1084-1118},
journal=sicomp,
year=1991,
}

@InProceedings{DeSantisMiPe87,
title={Non-Interactive Zero-Knowledge Proof Systems},
author={Alfredo {De S}antis and Silvio Micali and Giuseppe Persiano},
pages={52-72},
booktitle=crypto87,
}

@InProceedings{DeSantisMiPe88,
title={Non-Interactive Zero-Knowledge with Preprocessing},
author={Alfredo {De S}antis and Silvio Micali and Giuseppe Persiano},
pages={269-282},
booktitle=crypto88,
source={http://theory.lcs.mit.edu/~dmjones/hbp/crypto/crypto.bib}
}

@Unpublished{BellareRo90,
  author =   {Mihir Bellare and Phillip Rogaway},
  title =    {Non-Interactive Perfect Zero-Knowledge},
  note =     {Unpublished manuscript},
  year =     {1990},
  month =    {June},
}

@Article{DeSantisDiPe94,
title={The knowledge complexity of quadratic residuosity languages},
author={Alfredo {De S}antis and Giovanni {Di C}rescenzo and Guiseppe
Persiano},
journal=tcs,
pages={291-317},
year=1994,
}

@InProceedings{DeSantisDiPe97,
    title       ={Randomness-Efficient Non-Interactive Zero-Knowledge (Extended Abstract)},
    author      = {Alfredo {De S}antis and
                   Giovanni {Di C}rescenzo and
                   Giuseppe Persiano},
    booktitle = {Automata, Languages and Programming, 24th International Colloquium, ICALP},
    pages       = {716-726},
    year        = 1997,
}

@InProceedings{DeSantisDiPeYu98,
  author =   "{De S}antis, Alfredo and {Di C}rescenzo, Giovanni and
                Giuseppe Persiano and Moti Yung",
  title =    "{I}mage {D}ensity is Complete for Non-interactive-{SZK}",
  booktitle = {Automata, Languages and Programming, 25th International Colloquium, ICALP},
  pages =    "784-795",
  year =     1998,
  note =     "See also preliminary draft of full version, May 1999",
}


@InProceedings{BlumFeMi88,
    title={Non-Interactive Zero-Knowledge and Its Applications (Extended
    Abstract)},
    author={Blum, Manuel and Feldman, Paul and Micali, Silvio},
    pages={103-112},
    booktitle=stoc20,
    year = 1988,
}


@InProceedings{DeSantisYu90,
title={Cryptographic Applications of the Non-Interactive Metaproof and
Many-prover Systems},
author={Alfredo {De S}antis and Moti Yung},
pages={366-377},
booktitle=crypto90,
year=1990,
}


@InProceedings{Brassard79,
title={Relativized Cryptography},
author={Brassard, Gilles},
pages={383-391},
booktitle=focs20,
year=1979,
}


@Article{Schoening88,
title={Graph Isomorphism Is in the Low Hierarchy},
author={Uwe Sch{\"o}ning},
pages={312-323},
journal=jcss,
year=1988,
}


@Misc{Goldreich99,
  author =   {Oded Goldreich},
  title =    {Some Useful Trivial Tricks},
  howpublished = {\verb|http://www.wisdom.weizmann.ac.il/~oded/tricks.html|},
  month =    {September},
  year =     {1999},
}

@InProceedings{Spira71,
  author =   {Philip M. Spira},
  title =    {On time-hardware complexity tradeoffs for {B}oolean functions},
  booktitle = {Proceedings of the 4th Hawaii Conference on Systems Sciences},
  pages =    {525-527},
  year =     {1971},
}


@article {Rabin80,
   AUTHOR = {Rabin, Michael O.},
    TITLE = {Probabilistic algorithm for testing primality},
  JOURNAL = {Journal of Number Theory},
     YEAR = {1980},
    PAGES = {128-138},
}


@article {Miller76,
   AUTHOR = {Miller, Gary L.},
    TITLE = {Riemann's hypothesis and tests for primality},
  JOURNAL = jcss,
     YEAR = {1976},
    PAGES = {300--317},
}

@article {SolovaySt77,
   AUTHOR = {Solovay, R. and Strassen, V.},
    TITLE = {A fast {M}onte-{C}arlo test for primality},
  JOURNAL = siamjc,
     YEAR = {1977},
   NUMBER = {1},
    PAGES = {84--85},
}

@incollection {GutfreundBe00,
   AUTHOR = {Danny Gutfreund and Michael {Ben-Or}},
    TITLE = {Increasing the Power of the Dealer in Non-interactive Zero-Knowledge Proof Systems},
    BOOKTITLE = asiacrypt00,
    YEAR = {2000},
}

@PhdThesis{Ong-thesis,
  author =   {Shien Jin Ong},
  title =    {Unconditional Relationships within Zero Knowledge},
  school =   {Harvard University},
  address =  {Cambridge, MA, USA},
  month   =  may,
  year =     {2007},
}

@PhdThesis{Nguyen-thesis,
  author =   {Nguyen, Minh-Huyen},
  title =    {Zero knowledge and efficient provers},
  school =   {Harvard University},
  address =  {Cambridge, MA, USA},
  year =     {2006},
}

@PhdThesis{Barak-thesis,
  author =   {Boaz Barak},
  title =    {Non-Black-Box Techniques in Cryptography},
  school =   {Weizmann Institute of Science},
  address =  {Rehovot, Israel},
  year =     {2004},
}

@PhdThesis{Vadhan-thesis,
  author =   {Salil P. Vadhan},
  title =    {A Study of Statistical Zero-Knowledge Proofs},
  school =   {Massachusetts Institute of Technology},
  address =  {Cambridge, MA, USA},
  year =     {1999},
}

@PhdThesis{Sahai-thesis,
  author =   {Amit Sahai},
  title =    {Frontiers in Zero Knowledge},
  school =   {Massachusetts Institute of Technology},
  address =  {Cambridge, MA, USA},
  year =     {2000},
}

@InProceedings{Vadhan00,
  author    = {Salil P. Vadhan},
  title     = {On Transformations of Interactive Proofs that Preserve the Prover's Complexity},
  booktitle= {Proceedings of the Thirty-Second Annual ACM Symposium on Theory of Computing, {STOC}},
  pages     = "200--207",
  year      = 2000,
}

@InProceedings{DiCrescenzoSaYu00,
  author =   {Giovanni {Di~C}rescenzo  and Kouichi Sakurai and Moti Yung},
  title =    {On Zero-Knowledge Proofs: ``From Membership to Decision''},
  booktitle= {Proceedings of the Thirty-Second Annual ACM Symposium on Theory of Computing, {STOC}},
  pages =    "255--264",
  year =     "2000",
}

@article{NaorOsVeYu98,
  author    = {Moni Naor and
               Rafail Ostrovsky and
               Ramarathnam Venkatesan and
               Moti Yung},
  title     = {Perfect Zero-Knowledge Arguments for {NP} Using Any One-Way Permutation},
  journal   = jcrypt,
  year      = {1998},
  pages     = {87-108},
}




@InProceedings{DHRS,
  author =   {Y.Z. Ding and D. Harnik and A. Rosen and R. Shaltiel},
  title =    {Constant-Round Oblivious Transfer in the Bounded Storage Model},
  pages =   "446-472",
  year =     "2004",
}

@InProceedings{MiltersenVi,
  author =   {P. B. Miltersen and N. V. Vinodchandran},
  title =    {Derandomizing Arthur-Merlin Games Using Hitting Sets},
  booktitle= {focs40},
  pages =    "71-80",
  year =     "1999",
}



@article{BHZ87,
  author    = {Ravi B. Boppana and
               Johan H{a}stad and
               Stathis Zachos},
  title     = {Does co-{NP} Have Short Interactive Proofs?},
  journal   = ipl,
  year      = {1987},
  pages     = {127-132},
  bibsource = {DBLP, http://dblp.uni-trier.de}
}

@techreport{NOV06-eccc,
   title       = {Statistical Zero-Knowledge Arguments for {NP} from Any One-Way Function},
   author      = {{Minh-Huyen} Nguyen and Shien Jin Ong and Salil Vadhan},
   institution = eccc,
   number      = "TR06-075",
   year        = 2006,
}

@inproceedings{ImpagliazzoLe90,
  author    = {Russell Impagliazzo and
               Leonid A. Levin},
  title     = {No Better Ways to Generate Hard {NP} Instances than Picking
               Uniformly at Random},
  booktitle= {focs31},
  year      = {1990},
  pages     = {812-821},
}

@inproceedings{BarakGo02,
  author    = {Boaz Barak and
               Oded Goldreich},
  title     = {Universal Arguments and their Applications.},
  booktitle= {coco17},
  year      = {2002},
  pages     = {194-203},
}

@article{Micali00,
  author    = {Silvio Micali},
  title     = {Computationally Sound Proofs.},
  journal   = sicomp,
  year      = {2000},
  pages     = {1253-1298},
  note      = {Preliminary version in {\it FOCS'94}}
}

@book{CoverTh:InfoTheory,
  author    = {Cover, Thomas  M.  and
               Thomas, Joy  A. },
  title     = {Elements of information theory},
  publisher = {Wiley-Interscience},
  address   = {New York, NY, USA},
  year      = {2006},
  edition   = {second},
}



@inproceedings{DingHRS04,
  author    = {Yan Zong Ding and
               Danny Harnik and
               Alon Rosen and
               Ronen Shaltiel},
  title     = {Constant-Round Oblivious Transfer in the Bounded Storage Model},
  booktitle = tcc04,
  booktitle= {tcc04},
  year      = {2004},
  pages     = {446-472},
}

@inproceedings{CrepeauS06,
  author    = {Claude Cr{\'e}peau and
               George Savvides},
  title     = {Optimal Reductions Between Oblivious Transfers Using Interactive Hashing},
  booktitle  = ec06,
  year      = {2006},
  pages     = {201-221},
}

@inproceedings{BellareP92,
  author    = {Mihir Bellare and
               Erez Petrank},
  title     = {Making Zero-Knowledge Provers Efficient},
  booktitle  =  stoc24,
  year      = {1992},
  pages     = {711-722},
}

@inproceedings{KMS07,
  author     =  {Bruce Kapron and
                Lior Malka and
                Venkatesh Srinivasan},
  title     =  {A Characterization of Non-interactive Instance-Dependent Commitment-Schemes ({NIC})},
  booktitle =  {Automata, Languages and Programming, 34th International
               Colloquium, ICALP 2007},
  year      =  2007,
  publisher =  springer,
  series    = {Lecture Notes in Computer Science},
}

@article{Maurer92,
  author    = {Ueli M. Maurer},
  title     = {Conditionally-Perfect Secrecy and a Provably-Secure Randomized
               Cipher.},
  journal   = jcrypt,
  year      = {1992},
  pages     = {53-66},
}

@inproceedings{CachinM97,
  author    = {Christian Cachin and
               Ueli M. Maurer},
  title     = {Unconditional Security Against Memory-Bounded Adversaries.},
  booktitle = {Advances in Cryptology - CRYPTO '97},
  year      = {1997},
  pages     = {292-306},
}

@inproceedings{Damgard89,
  author    = {Ivan Damg{a}rd},
  title     = {On the Existence of Bit Commitment Schemes and Zero-Knowledge
               Proofs.},
  booktitle = {Advances in Cryptology - CRYPTO '89},
  year      = {1989},
  pages     = {17-27},
}

@inproceedings{PassSh05,
  author    = {Rafael Pass and
               Abhi Shelat},
  title     = {Unconditional Characterizations of Non-interactive Zero-Knowledge.},
  booktitle = {Advances in Cryptology - CRYPTO 2005},
  year      = {2005},
  pages     = {118-134},
}

@article{Levin86,
  author    = {Leonid A. Levin},
  title     = {Average Case Complete Problems.},
  journal   = sicomp,
  year      = {1986},
  pages     = {285-286},
}

@unpublished{Vadhan:PCMI,
  author    = {Salil P. Vadhan},
  title     = {Interactive Proofs \& Zero-Knowledge Proofs},
  year      = {2000},
  note      = {\url{http://www.eecs.harvard.edu/~salil/papers/pcmi-abs.html}},
}

@article{PedersenP97,
  author    = {Torben P. Pedersen and
               Birgit Pfitzmann},
  title     = {Fail-Stop Signatures.},
  journal   = siamjc,
  year      = {1997},
  pages     = {291-330},
}

@inproceedings{DingR02,
  author    = {Yan Zong Ding and
               Michael O. Rabin},
  title     = {Hyper-Encryption and Everlasting Security.},
  booktitle = {Proceedings of the 19th Annual Symposium on Theoretical Aspects
               of Computer Science (STACS 2002)},
  year      = {2002},
  pages     = {1-26},
}

@inproceedings{Impagliazzo95,
  author    = {Russell Impagliazzo},
  title     = {A Personal View of Average-Case Complexity.},
  booktitle = {Proceedings of the Tenth Annual Structure in Complexity Theory Conference},
  year      = {1995},
  pages     = {134-147},
  publisher = {IEEE Computer Society},
}

@article{BarakL04,
  author    = {Boaz Barak and
               Yehuda Lindell},
  title     = {Strict Polynomial-Time in Simulation and Extraction.},
  journal   = sicomp,
  year      = {2004},
  pages     = {738-818},
  note      = {Preliminary version in {\it STOC'02}.},
}

@unpublished{Gol:zk-survey,
    author  = "Oded Goldreich",
    title   = "Zero-Knowledge twenty years after its invention",
    month   = "March",
    year    = 2004,
    note    = {\url{http://www.wisdom.weizmann.ac.il/~oded/zk-tut02.html}},
}

@inproceedings{DinurSa02,
  author    = {Irit Dinur and
               Shmuel Safra},
  title     = {The importance of being biased},
  booktitle= stoc34,
  year      = {2002},
  pages     = {33-42},
}

@article{FortnowRS94,
  author    = {Lance Fortnow and
               John Rompel and
               Michael Sipser},
  title     = {On the Power of Multi-Prover Interactive Protocols.},
  journal   = tcs,
  year      = {1994},
  pages     = {545-557},
}

@inproceedings{BGKW88,
  author    = {Michael Ben-Or and
               Shafi Goldwasser and
               Joe Kilian and
               Avi Wigderson},
  title     = {Multi-prover interactive proofs: how to remove intractability
               assumptions},
  year      = {1988},
  pages     = {113-131},
  booktitle= stoc20,
}

@article{FeigeGLSS96,
  author    = {Uriel Feige and
               Shafi Goldwasser and
               L{\'a}szl{\'o} Lov{\'a}sz and
               Shmuel Safra and
               Mario Szegedy},
  title     = {Interactive Proofs and the Hardness of Approximating Cliques.},
  journal   = jacm,
  year      = {1996},
  pages     = {268-292},
}

@article{AroraLMSS98,
  author    = {Sanjeev Arora and
               Carsten Lund and
               Rajeev Motwani and
               Madhu Sudan and
               Mario Szegedy},
  title     = {Proof Verification and the Hardness of Approximation Problems.},
  journal   = jacm,
  number    = {3},
  year      = {1998},
  pages     = {501-555},
  note      = {Preliminary version in {\it FOCS'92}.},
}

@article{AroraS98,
  author    = {Sanjeev Arora and
               Shmuel Safra},
  title     = {Probabilistic checking of proofs: a new characterization
               of {NP}},
  journal   = jacm,
  VOLUME    = {45},
  number    = {1},
  year      = {1998},
  pages     = {70-122},
  note      = {Preliminary version in {\it FOCS'92}.},
}

@inproceedings{BellareR97,
  author    = {Mihir Bellare and
               Phillip Rogaway},
  title     = {Collision-resistant hashing: towards making {UOWHFs} practical},
  booktitle = crypto97,
  year      = {1997},
  pages     = {470-484},
  publisher = {Springer},
  series    = {Lecture Notes in Computer Science},
  VOLUME    = {1294},
}



 

@Article{Lindell03,
  author =   {Yehuda Lindell},
  title =    {Parallel Coin-Tossing and Constant-Round Secure Two-Party
        Computation},
  journal =      jcrypt,
  year =     {2003},
  pages = "143--184",
}


@Article{Lindell06,
  title =   "A Simpler Construction of {CCA2}-Secure
         Public-Key Encryption under General Assumptions",
  author =  "Yehuda Lindell",
  journal = "J. Cryptology",
  year =    "2006",
  number =  "3",
  VOLUME =  "19",
  bibdate = "2007-02-09",
  pages =   "359--377",
}


@InProceedings{Sahai99,
  title =   "Non-Malleable Non-Interactive Zero Knowledge and
         Adaptive Chosen-Ciphertext Security",
  author =  "Amit Sahai",
  year =    "1999",
  booktitle =   focs40,
  pages =   "543--553",
  URL =     "http://computer.org/proceedings/focs/0409/04090543abs.htm",
}

@article{EvenGL85,
    author={Shimon Even and Oded Goldreich and Abraham Lempel},
    title={A Randomized Protocol for Signing Contracts.},
    journal={Communications of the ACM},
    VOLUME={28},
    year={1985},
    pages={637-647},
    number={6}
}




@inproceedings{Kilian88,
    author={Joe Kilian},
    title={Founding Cryptography on Oblivious Transfer},
     booktitle = stoc20,
    year={1988},
    pages={20-31}
}

@InProceedings{IshaiEtAl06,
  author =  "Yuval Ishai and Eyal Kushilevitz and Yehuda Lindell and Erez Petrank",
  title =   "Black-box Constructions for Secure Computation",
  booktitle = stoc38,
  year =    "2006",
}

@InProceedings{DiCMalOst00,
  author =  "Giovanni {Di C}rescenzo and Tal Malkin and Rafail Ostrovsky",
  title =   "Single Database Private Information Retrieval Implies
         Oblivious Transfer",
  booktitle=ec00,
  year =    "2000",
}


@InProceedings{KushilevitzO97,
  title =   "Replication is {NOT} Needed: {SINGLE} Database,
         Computationally-Private Information Retrieval",
  author =  "Eyal Kushilevitz and Rafail Ostrovsky",
  year =    "1997",
  booktitle =   focs38,
  pages =   "364--373",
}

@InProceedings{Stern98,
  author =  "Julien. P. Stern",
  title =   "A New and Efficient All-Or-Nothing Disclosure of Secrets Protocol",
  booktitle = ac98,
  year =    "1998",
}


@inproceedings{WolfW06,
    author={Stefan Wolf and J{\"u}rg Wullschleger},
    title={Oblivious Transfer Is Symmetric},
    booktitle=ec06,
    year={2006},
    pages={222-232}
}



@misc{Rabin81,
author = "M. O. Rabin",
title = "How to Exchange Secrets by Oblivious Transfer",
howpublished = "TR-81, Harvard",
year = "1981"}

}


@InProceedings{CreKil88,
  author =  "Crepeau and Kilian",
  title =   "Weakening Security Assumptions and Oblivious Transfer",
  booktitle =  crypto88,
  year =    "1988",
}


@InProceedings{Crepeau87,
  title =        "Equivalence between Two Flavours of Oblivious
                 Transfers",
  author =       "Claude Cr{\'e}peau",
  booktitle =  crypto87,
  year =         "1987",
 }

 @InProceedings{BraCreRob86a,
  author =  "Brassard and Crepeau and Robert",
  title =   "Information Theoretic Reductions Among Disclosure
         Problems",
  booktitle =   focs27,
  year =    "1986",
}

@InProceedings{CreSan91,
  author =  "Crepeau and Santha",
  title =   "On the Reversibility of Oblivious Transfer",
  booktitle =ec91,
  year =    "1991",
}

@Article{Blum83,
  title =   "How to Exchange (Secret) Keys",
  author =  "Manuel Blum",
  journal = "ACM Transactions on Computer Systems",
  year =    "1983",
}


@inproceedings{GertnerKMRV00,
    author={Yael Gertner and Sampath Kannan and Tal Malkin and Omer Reingold and Mahesh
        Viswanathan},
    title={The Relationship between Public Key Encryption and Oblivious Transfer},
    booktitle={Proceedings of the 41st Annual IEEE Symposium on Foundations of Computer
    Science},
    year={2000},
}


@inproceedings{HaitnerHR06a,
  author="Iftach Haitner and Danny Harnik and Omer Reingold",
  title={On the Power of the Randomized Iterate},
  booktitle = crypto06,
  pages =   "22-40",
  year=2006,
}

@inproceedings{HaitnerHR06b,
  author="Iftach Haitner and Danny Harnik and Omer Reingold",
  title={Efficient Pseudorandom Generators from Exponentially Hard One-Way Functions},
  booktitle = {Automata, Languages and Programming, 24th International Colloquium, ICALP},
  year=2006,
}


@article{GoldreichKL93,
author = "Oded Goldreich and Hugo Krawczyk and Michael Luby",
title = "On the Existence of Pseudorandom Generators",
JOURNAL   = siamjc,
VOLUME = "22",
number = 6,
pages = "1163--1175",
year = 1993
}


@inproceedings{Holenstein06,
    author     = {Thomas Holenstein},
    title      = {Pseudorandom Generators from One-Way Functions: A Simple Construction for Any Hardness},
    booktitle = tcc,
    year       = 2006,
}

@inproceedings{Fischlin02,
    author={Marc Fischlin},
    title={On the Impossibility of Constructing Non-Interactive Statistically-Secret
        Protocols from any Trapdoor One-Way Function},
    booktitle={Topics in Cryptology - The Cryptographers' Track at the RSA Conference},
    year={2002},
    pages={79-95}
}


@inproceedings{GoldreichILVZ90,
  author="Oded Goldreich and Russell Impagliazzo and Leonid A. Levin and Ramarathnam Venkatesan and David Zuckerman",
  title="Security Preserving Amplification of Hardness",
  pages="318-326",
  booktitle = focs,
  year=1990
}
@InProceedings{BlumM82,
  author =       "Manuel Blum and Silvio Micali",
  title =        "How to Generate Cryptographically Strong Sequences of
                 Pseudo Random Bits",
  pages =        "112--117",
  booktitle =    focs,
  year =         "1982",
}



@InProceedings{GoldreichL89,
author={Oded Goldreich and Leonid A. Levin},
title={A Hard-Core Predicate for all One-Way Functions},
booktitle= stoc21,
pages={25--32},
year=1989
}

@article{Levin87,
  author    = {Leonid A. Levin},
  title     = {One-way functions and pseudorandom generators},
  journal   = {Combinatorica},
  volume    = {7},
  number    = {4},
  year      = {1987},
  pages     = {357-363},
  ee        = {http://dx.doi.org/10.1007/BF02579323},
  bibsource = {DBLP, http://dblp.uni-trier.de}
}

@InProceedings{ImpagliazzoLL89,
author = "Russell Impagliazzo and Leonid A. Levin and Michael Luby",
title = "Pseudo-random Generation from One-Way Functions",
booktitle=stoc21,
pages={12--24},
year=1989
}


@InProceedings{Hastad90,
author={Johan H{a}stad},
title = "Pseudo-random Generators under Uniform Assumptions",
booktitle=stoc22,
pages={387--394},
year=1990
}

@Article{Nisan92,
author={Noam Nisan},
title={Pseudorandom generators for space-bounded computation},
journal={Combinatorica},
VOLUME={12},
number={4},
pages = "449-461",
year={1992}
}


@inproceedings{ImpagliazzoZ89,
  author="Russell Impagliazzo and David Zuckerman",
  title="How to Recycle Random Bits",
  pages="248--253",
  booktitle=focs,
  year=1989
}


@inproceedings{Holenstein05,
    author     = {Thomas Holenstein},
    title      = {Key Agreement from Weak Bit Agreement},
    booktitle  = stoc37,
    pages      = {664--673},
    year       = 2005
}

@misc{Holenstein06b,
    author     = {Thomas Holenstein},
    title      = {Strengthening key agreement using hard-core sets - {PhD} thesis},
    year       = 2006
}

@Article{ApplebaumIK06a,
  author    = {Benny Applebaum and Yuval Ishai and Eyal Kushilevitz},
  title     = {Cryptography in {NC}$^{\mbox{0}}$.},
  journal = siamjc,
  VOLUME =  "36",
  year =    "2006",
}

@misc{Phillips93,
  autohr="S. Phillips",
  title="Security Preserving Hardness Amplification using {PRG}s for Bounded Space",
  howpublished="Preliminary Report, Unpublished",
  year=1993
}


@InProceedings{DiCrescenzoI99,
author={Giovanni {Di Crescenzo} and Russell Impagliazzo},
title={Security-Preserving Hardness-Amplification for Any Regular One-Way Function},
booktitle={31st STOC},
pages={169-178},
year=1999
}


@inproceedings{HerzbergL92,
  author="Amir Herzberg and Michael Luby",
  title="Pubic Randomness in Cryptography",
  pages="421-432",
  booktitle = crypto92,
  year=1992
}


@Article{NaorN93,
  title =        "Small-Bias Probability Spaces: Efficient Constructions
                 and Applications.",
  author =       "Joseph Naor and Moni Naor",
  year =         1993,
  journal =      siamjc,
}


@InProceedings{ImpagliazzoNW94,
author={Russell Impagliazzo and Noam Nisan and Avi Wigderson},
title={Pseudorandomness for network algorithms},
booktitle= stoc26,
pages={356-364},
year=1994
}

@Article{Topsoe01,
  title =   "Bounds for Entropy and Divergence for Distributions over a Two-Element Set",
  author =  "Flemming Tops{\o}e",
  journal = "Journal of Inequalities in Pure and Applid Mathematics",
  year =    "2001",
}

@inproceedings{KimST99,
    author={Jeong Han Kim and Daniel R. Simon and Prasad Tetali},
    title={Limits on the Efficiency of One-Way Permutation-Based Hash Functions},
    booktitle= focs40,
    year={1999},
    pages={535-542}
}


@inproceedings{GoldreichMiWi87,
  author    = {Oded Goldreich and
               Silvio Micali and
               Avi Wigderson},
  title     = {How to Play any Mental Game or A Completeness Theorem for
               Protocols with Honest Majority},
  pages     = {218-229},
  booktitle= {Proceedings of the Nineteenth Annual ACM Symposium on Theory of Computing, {STOC}},
  year = {1987},
}


@inproceedings{Wee07,
  author    = {Hoeteck Wee},
  title     = {One-Way Permutations, Interactive Hashing and Statistically
               Hiding Commitments},
  year      = {2007},
  pages     = {419-433},
booktitle= tcc07}





@ARTICLE{HNORV08,
  AUTHOR =       {Iftach Haitner and Minh Nguyen and Shien Jin Ong and Omer Reingold and Salil Vadhan},
  TITLE =        {Statistically Hiding Commitments and Statistical Zero-Knowledge Arguments from any One-Way Function},
  JOURNAL =      siamjc,
  YEAR =         {2009},
 pages     = {1153-1218},
}

@article{GennaroGKT05,
  author    = {Rosario Gennaro and
               Yael Gertner and
               Jonathan Katz and
               Luca Trevisan},
  title     = {Bounds on the Efficiency of Generic Cryptographic Constructions},
  journal   = siamjc,
  VOLUME    = {35},
  number    = {1},
  year      = {2005},
  pages     = {217-246},
  ee        = {http://epubs.siam.org/SICOMP/VOLUME-35/art_44327.html},
  bibsource = {DBLP, http://dblp.uni-trier.de}
}

@inproceedings{HorvitzK05,
  author    = {Omer Horvitz and
               Jonathan Katz},
  title     = {Bounds on the Efficiency of "Black-Box" Commitment Schemes},
  booktitle = {ICALP '05},
  year      = {2005},
  pages     = {128-139},
}



@InProceedings{OstrovskyVY1992,
  title =   "Secure Commitment Against All Powerful Adversary",
  author =  "Rafail Ostrovsky and Ramarathnam Venkatesan and Moti Yung",
  booktitle =   "9th Annual Symposium on Theoretical Aspects of Computer Science",
  year =    "1992",
  pages =   "439--448",
}


@inproceedings{CachinCM98,
  author    = {Christian Cachin and
               Claude Cr{\'e}peau and
               Julien Marcil},
  title     = {Oblivious Transfer with a Memory-Bounded Receiver},
  booktitle  = focs39,
  year      = {1998},
  pages     = {493-502},
}




@Article{GoldreichLN2001,
  author =       "Oded Goldreich",
  title =        "Randomized Methods in Computation - Lecture Notes",
  booktitle =    "www.wisdom.weizmann.ac.il/~oded/rnd.html",
  year =         "2001",
 }

 @techreport{KoshibaS06,
  author="Takeshi Koshiba and Yoshiharu Seri",
  title={Round-Efficient One-Way Permutation Based Perfectly Concealing Bit Commitment Scheme},
  howpublished="ECCC, TR06-093",
  year=2006,
}



@Article{GoldreichGolLin98,
  author =  "Oded Goldreich and Shafii Goldwasser and Nathan Linial",
  title =   "Fault-Tolerant Computation in the Full Information
         Model",
  JOURNAL   = siamjc,
  year =    "1998",
}


@Article{OstrovskyVY:IH,
  author    = {Rafail Ostrovsky and
               Ramarathnam Venkatesan and
               Moti Yung},
  title     = {Fair Games Against an All-Powerful Adversary},
  journal   = {AMS DIMACS Series in Discrete Mathematics and Theoretical Computer Science},
  pages     = "155-169",
  year      = 1993,
}

@inproceedings{OVY91,
  title =   "Fair Games Against an All-Powerful Adversary",
  author =  "Rafail Ostrovsky and Ramarathnam Venkatesan and Moti
         Yung",
   booktitle =    "Sequences",
  year =    "1991",
  PAGES = {155-169},

}


@InProceedings{HaitnerReVaWe09,
  author =       {Iftach Haitner and Omer Reingold and Salil Vadhan and Hoeteck Wee},
  title =        {Inaccessible Entropy},
  booktitle  = stoc41,
  PAGES = {611--620},
  year = {2009},
 }

@techreport{HaitnerReVaWe19,
	title={Inaccessible Entropy I: Inaccessible Entropy Generators and Statistically Hiding Commitments from One-Way Functions}, 
	author={Iftach Haitner and Omer Reingold and Salil Vadhan and Hoeteck Wee},
	institution = arxiv,
	number      = {2010.05586},
	year={2019},
	note =  {Preliminary version in {STOC} '09},
}

@inproceedings{ChoLO10,
  author    = {Chongwon Cho and Chen-Kuei Lee and Rafail Ostrovsky},
  title     = {Equivalence of Uniform Key Agreement and Composition Insecurity},
  booktitle = crypto10,
  year      = {2010},
  pages     = {447-464},
}

@inproceedings{Myers04,
  author    = {Steven Myers},
  title     = {Black-Box Composition Does Not Imply Adaptive Security},
  booktitle = ec04,
  year      = {2004},
  pages     = {189-206},
}

@inproceedings{Pietrzak05,
  author    = {Krzysztof Pietrzak},
  title     = {Composition Does Not Imply Adaptive Security},
  booktitle = crypto05,
  year      = {2005},
  pages     = {55-65},
}

@inproceedings{Pietrzak06,
  author    = {Krzysztof Pietrzak},
  title     = {Composition Implies Adaptive Security in Minicrypt},
  booktitle = ec06,
  year      = {2006},
  pages     = {328-338},
}

@inproceedings{MaurerP04,
  author    = {Ueli M. Maurer and
               Krzysztof Pietrzak},
  title     = {Composition of Random Systems: When Two Weak Make One Strong},
  booktitle = tcc04,
  year      = {2004},
  pages     = {410-427},
}

@inproceedings{NaorR95,
  author    = {Moni Naor and
               Omer Reingold},
  title     = {Synthesizers and Their Application to the Parallel Construction
               of Psuedo-Random Functions},
  booktitle = focs36,
  year      = {1995},
  pages     = {170-181},
}

@inproceedings{GoldreichGM84,
  author    = {Oded Goldreich and
               Shafi Goldwasser and
               Silvio Micali},
  title     = {On the Cryptographic Applications of Random Functions},
  booktitle = crypto84,
  year      = {1984},
  pages     = {276-288},
}

@book{Luby96,
  author    = {Michael Luby},
  title     = {Pseudorandomness and cryptographic applications},
  publisher = {Princeton University Press},
  series    = {Princeton computer science notes},
  year      = {1996},
  pages     = {I-XVI, 1-234},
}

@inproceedings{BellareG89,
  author    = {Mihir Bellare and
               Shafi Goldwasser},
  title     = {New Paradigms for Digital Signatures and Message Authentication
               Based on Non-Interative Zero Knowledge Proofs},
  booktitle = crypto89,
  year      = {1989},
  pages     = {194-211},
}

@article{BlumEGKN94,
  author    = {Manuel Blum and
               William S. Evans and
               Peter Gemmell and
               Sampath Kannan and
               Moni Naor},
  title     = {Checking the Correctness of Memories},
  journal   = {Algorithmica},
  volume    = {12},
  number    = {2/3},
  year      = {1994},
  pages     = {225-244},
}

@article{ChorFNP00,
  author    = {Benny Chor and
               Amos Fiat and
               Moni Naor and
               Benny Pinkas},
  title     = {Tracing traitors},
  journal   = {IEEE Transactions on Information Theory},
  volume    = {46},
  number    = {3},
  year      = {2000},
  pages     = {893-910},
}

@inproceedings{Goldreich86a,
  author    = {Oded Goldreich},
  title     = {Towards a Theory of Software Protection},
  booktitle = crypto86,
  year      = {1986},
  pages     = {426-439},
}

@article{LubyR88,
  author    = {Michael Luby and
               Charles Rackoff},
  title     = {How to Construct Pseudorandom Permutations from Pseudorandom
               Functions},
  journal   = siamjc,
  volume    = {17},
  number    = {2},
  year      = {1988},
  pages     = {373-386},
}

@inproceedings{Ostrovsky89,
  author    = {Rafail Ostrovsky},
  title     = {An Efficient Software Protection Scheme},
  booktitle = crypto89,
  year      = {1989},

}

@inproceedings{BellareCK96,
  author    = {Mihir Bellare and
               Ran Canetti and
               Hugo Krawczyk},
  title     = {Pseudorandom Functions Revisited: The Cascade Construction
               and Its Concrete Security},
  booktitle = {FOCS},
  year      = {1996},
  pages     = {514-523},
}

@article{PaghP08,
  author    = {Anna Pagh and
               Rasmus Pagh},
  title     = {Uniform Hashing in Constant Time and Optimal Space},
  journal   = siamjc,
  volume    = {38},
  number    = {1},
  year      = {2008},
  pages     = {85-96},
}

@inproceedings{BilletEG10,
  author    = {Olivier Billet and
               Jonathan Etrog and
               Henri Gilbert},
  title     = {Lightweight Privacy Preserving Authentication for RFID Using
               a Stream Cipher},
  booktitle = fse18,
  year      = {2010},
  pages     = {55-74},
}

@inproceedings{JetchevOS12,
  author    = {Dimitar Jetchev and
               Onur {\"O}zen and
               Martijn Stam},
  title     = {Understanding Adaptivity: Random Systems Revisited},
  booktitle = ac12,
  year      = {2012},
  pages     = {313-330},

}


@inproceedings{JainPT12,
  author    = {Abhishek Jain and
               Krzysztof Pietrzak and
               Aris Tentes},
  title     = {Hardness Preserving Constructions of Pseudorandom Functions},
  booktitle = tcc12,
  year      = {2012},
  pages     = {369-382},
}

@inproceedings{BermanH12,
  author    = {Itay Berman and
               Iftach Haitner},
  title     = {From Non-adaptive to Adaptive Pseudorandom Functions},
  booktitle = tcc12,
  year      = {2012},
  pages     = {357-368},
}

@article{WegmanC81,
  author    = {Mark N. Wegman and
               Larry Carter},
  title     = {New Hash Functions and Their Use in Authentication and Set
               Equality},
  journal   = {J. Comput. Syst. Sci.},
  volume    = {22},
  number    = {3},
  year      = {1981},
  pages     = {265-279},
}

@inproceedings{Nandi10,
  author    = {Mridul Nandi},
  title     = {A Unified Method for Improving PRF Bounds for a Class of
               Blockcipher Based MACs},
  booktitle = {Fast Software Encryption, 17th International Workshop, FSE
               2010, Seoul, Korea},
  year      = {2010},
  pages     = {212-229},
}

@article{Patarin10b,
  author    = {Jacques Patarin},
  title     = {Security of balanced and unbalanced Feistel Schemes with
               Linear Non Equalities},
  journal   = {IACR Cryptology ePrint Archive},
  volume    = {2010},
  year      = {2010},
  pages     = {293},
}

@inproceedings{OstlinP03,
  author    = {Anna {\"O}stlin and
               Rasmus Pagh},
  title     = {Uniform hashing in constant time and linear space},
  booktitle = stoc35,
  year      = {2003},
  pages     = {622-628},
}

@inproceedings{DietzfelbingerW03,
  author    = {Martin Dietzfelbinger and
               Philipp Woelfel},
  title     = {Almost random graphs with simple hash functions},
  booktitle = stoc35,
  year      = {2003},
  pages     = {629-638},
}

@inproceedings{DietzfelbingerR09,
  author    = {Martin Dietzfelbinger and
               Michael Rink},
  title     = {Applications of a Splitting Trick},
  booktitle = {Automata, Languages and Programming, 36th International
               Colloquium, ICALP 2009},
  year      = {2009},
  pages     = {354-365},
}

@inproceedings{AumullerDW12,
  author    = {Martin Aum{\"u}ller and
               Martin Dietzfelbinger and
               Philipp Woelfel},
  title     = {Explicit and Efficient Hash Families Suffice for Cuckoo
               Hashing with a Stash},
  booktitle = {ESA},
  year      = {2012},
  pages     = {108-120},
  ee        = {http://dx.doi.org/10.1007/978-3-642-33090-2_11},
  crossref  = {DBLP:conf/esa/2012},
  bibsource = {DBLP, http://dblp.uni-trier.de}
}
@proceedings{DBLP:conf/esa/2012,
  editor    = {Leah Epstein and
               Paolo Ferragina},
  title     = {Algorithms - ESA 2012 - 20th Annual European Symposium,
               Ljubljana, Slovenia, September 10-12, 2012. Proceedings},
  booktitle = {ESA},
  publisher = {Springer},
  series    = {Lecture Notes in Computer Science},
  volume    = {7501},
  year      = {2012},
  ee        = {http://dx.doi.org/10.1007/978-3-642-33090-2},
  bibsource = {DBLP, http://dblp.uni-trier.de}
}
@inproceedings{AiolloV96,
  author    = {William Aiello and
               Ramarathnam Venkatesan},
  title     = {Foiling Birthday Attacks in Length-Doubling Transformations
               - Benes: A Non-Reversible Alternative to Feistel},
  booktitle = ec96,
  year      = {1996},
  pages     = {307-320},
}

@inproceedings{Patarin04,
  author    = {Jacques Patarin},
  title     = {Security of Random Feistel Schemes with 5 or More Rounds},
  booktitle = crypto04,
  year      = {2004},
  pages     = {106-122},
}

@article{PaghR04,
  author    = {Rasmus Pagh and
               Flemming Friche Rodler},
  title     = {Cuckoo hashing},
  journal   = {J. Algorithms},
  volume    = {51},
  number    = {2},
  year      = {2004},
  pages     = {122-144},
}

@inproceedings{BellareGK99,
  author    = {Mihir Bellare and
               Oded Goldreich and
               Hugo Krawczyk},
  title     = {Stateless Evaluation of Pseudorandom Functions: Security
               beyond the Birthday Barrier},
  booktitle = crypto99,
  year      = {1999},
  pages     = {270-287},
}

@article{KaplanNR09,
  author    = {Eyal Kaplan and
               Moni Naor and
               Omer Reingold},
  title     = {Derandomized Constructions of {\it k}-Wise (Almost) Independent
               Permutations},
  journal   = {Algorithmica},
  volume    = 55,
  number    = 1,
  year      = 2009,
  pages     = {113-133},
  ee        = {http://dx.doi.org/10.1007/s00453-008-9267-y},
  bibsource = {DBLP, http://dblp.uni-trier.de}
}

@article{NaorR02,
  author    = {Moni Naor and
               Omer Reingold},
  title     = {Constructing Pseudo-Random Permutations with a Prescribed
               Structure},
  journal   = jcrypt,
  volume    = {15},
  number    = {2},
  year      = {2002},
  pages     = {97-102},
  ee        = {http://dx.doi.org/10.1007/s00145-001-0008-5},
  bibsource = {DBLP, http://dblp.uni-trier.de}
}

@article{NaorR99,
  author    = {Moni Naor and
               Omer Reingold},
  title     = {On the Construction of Pseudorandom Permutations: Luby-Rackoff
               Revisited},
  journal   = jcrypt,
  volume    = {12},
  number    = {1},
  year      = {1999},
  pages     = {29-66},
}

@article{Siegel04,
  author    = {Alan Siegel},
  title     = {On Universal Classes of Extremely Random Constant-Time Hash
               Functions},
  journal   = siamjc,
  volume    = {33},
  number    = {3},
  year      = {2004},
  pages     = {505-543},
}

@inproceedings{MaurerT07,
  author    = {Ueli M. Maurer and
               Stefano Tessaro},
  title     = {Domain Extension of Public Random Functions: Beyond the
               Birthday Barrier},
  booktitle = crypto07,
  year      = {2007},
  pages     = {187-204},
}

@inproceedings{DodisS11,
  author    = {Yevgeniy Dodis and
               John P. Steinberger},
  title     = {Domain Extension for MACs Beyond the Birthday Barrier},
  booktitle = ec11,
  year      = {2011},
  pages     = {323-342},
}

@article{AlonGHP93,
  title={Simple Constructions of Almost k-wise Independent Random Variables},
  author={Noga Alon and Oded Goldreich and Johan H{a}stad and Ren{\'e} Peralta},
  journal=rsa,
  volume={3},
  number={3},
  pages={289--304},
  year={1992},
  publisher={Wiley Online Library}
}

@article{Hastad06,
  author    = {Johan H{a}stad},
  title     = {The square lattice shuffle},
  journal   = rsa,
  volume    = {29},
  number    = {4},
  year      = {2006},
  pages     = {466-474},
  ee        = {http://dx.doi.org/10.1002/rsa.20131},
  bibsource = {DBLP, http://dblp.uni-trier.de}
}

@inproceedings{HoangMR12,
  author    = {Viet Tung Hoang and
               Ben Morris and
               Phillip Rogaway},
  title     = {An Enciphering Scheme Based on a Card Shuffle},
  booktitle = crypto12,
  year      = {2012},
  pages     = {1-13},
}

@inproceedings{MaurerPR07,
  author    = {Ueli M. Maurer and
               Krzysztof Pietrzak and
               Renato Renner},
  title     = {Indistinguishability Amplification},
  booktitle = crypto07,
  year      = {2007},
  pages     = {130-149},
}

@inproceedings{Patarin08,
  author    = {Jacques Patarin},
  title     = {A Proof of Security in O(2$^{\mbox{n}}$) for the Benes Scheme},
  booktitle = afc08,
  year      = {2008},
  pages     = {209-220},
}

@inproceedings{Maurer02,
  author    = {Ueli M. Maurer},
  title     = {Indistinguishability of Random Systems},
  booktitle = ec02,
  year      = {2002},
  pages     = {110-132},
}

@article{ChandranG12,
  author    = {Nishanth Chandran and
               Sanjam Garg},
  title     = {Hardness Preserving Constructions of Pseudorandom Functions,
               Revisited},
  journal   = {IACR Cryptology ePrint Archive},
  volume    = {2012},
  year      = {2012},
  pages     = {616},
}

@article{PatrascuT12,
  author    = {Mihai P\v{a}tra\c{s}cu and
               Mikkel Thorup},
  title     = {The Power of Simple Tabulation Hashing},
  journal   = {J. ACM},
  volume    = {59},
  number    = {3},
  year      = {2012},
  pages     = {14},
  ee        = {http://doi.acm.org/10.1145/2220357.2220361},
  bibsource = {DBLP, http://dblp.uni-trier.de}
}




@InProceedings{BeimelOO10,
  author =       {Amos Beimel and Eran Omri and Ilan Orlov},
  title =        {Protocols for Multiparty Coin Toss with Dishonest Majority},
  booktitle =    CRYPTO10,
  pages =        {538-557},
  year =         {2010},
  volume =       {6223},
}

@Article{Canetti00,
  author = "Ran Canetti",
  title = "Security and Composition of Multiparty Cryptographic Protocols",
  journal = jcrypt,
  volume = "13",
  number = "1",
  pages = "143--202",
  year = "2000",
}

@Article{MoranNS09,
    author={Tal Moran and and Moni Naor and Gil Segev},
    title="An Optimally Fair Coin Toss",
    journal="Journal of Cryptology",
    year="2016",
    volume="29",
    number="3",
    pages="491--513",
    issn="1432-1378",
    doi="10.1007/s00145-015-9199-z",
    url="http://dx.doi.org/10.1007/s00145-015-9199-z"
}

@article{MoranNS16,
	title={An Optimally Fair Coin Toss},
	author={Moran, Tal and Naor, Moni and Segev, Gil},
	journal=jcrypt,
	volume={29},
	number={3},
	pages={491--513},
	year={2016},

}


@InProceedings{NaorPinkas01,
  author =	{Moni Naor and Benny Pinkas},
  title =	{Efficient Oblivious Transfer Protocols},
  booktitle = {SODA},
  pages =	{448--457},
  year = 	"2001",
}


@InProceedings{AieIshRei01,
  author =	{William Aiello and  Yuval Ishai and Omer Reingold.},
  title =	"Priced Oblivious Transfer: How to Sell Digital Goods",
  booktitle =	ec01,
  year = 	{2001},
}
@InProceedings{Kalai05,
  author =	{Yael Kalai},
  title =	{Smooth Projective Hashing and Two-Message Oblivious
		 Transfer},
  booktitle =	ec05,
  year = 	{2005},
}




@inproceedings{GentryPV2008,
  title={Trapdoors for hard lattices and new cryptographic constructions},
  author={Craig Gentry  and Chris Peikert  and Vinod Vaikuntanathan},
  booktitle= stoc40,
  pages={197--206},
  year={2008}
}



@InProceedings{Cleve86,
  author = {Richard Cleve},
  title =  {Limits on the Security  of Coin Flips When  Half the Processors
                  are Faulty},
  pages = {364--369},
  booktitle = stoc20,
  year = "1986",
}


@InProceedings{BenGolWig88,
  author =	{Michael {Ben-Or} and Shafi Goldwasser and Avi Wigderson},
  title =	{Completeness Theorems for Non-Cryptographic
		 Fault-Tolerant Distributed Computation},
  booktitle =	STOC20,
  year = 	{1988},
}





@InProceedings{Katz07,
	author = {Jonathan Katz},
	title = {On achieving the ``best of both worlds'' in secure multiparty computation},
	booktitle = stoc37,
	year = {2007},
	pages = {11--20},
}


@InProceedings{BeimelLOO11,
  author =       {Amos Beimel and Yehuda Lindell and Eran Omri and Ilan Orlov},
  title =        {1/{\it p}-Secure Multiparty Computation without Honest
               Majority and the Best of Both Worlds},
  booktitle =    CRYPTO11,
  pages =        {277-296},
  year =         {2011},
}



@inproceedings{GordonKatz10,
  author    = {S. Dov Gordon and Jonathan Katz},
  title     = {Partial Fairness in Secure Two-Party Computation},
  booktitle = ec10,
  year      = {2010},
  pages     = {157-176},
}



@unpublished{CleveI93,
    author = {Richard Cleve and Russell Impagliazzo},
    title = {Martingales, collective coin flipping and discrete control processes },
    note = {Manuscript},
    URL =     "https://pdfs.semanticscholar.org/7c7f/244d2ef064d75b3d23c88472ee1226461695.pdf",
    year = {1993}
}


@inproceedings{DachmanLMM11,
  author    = {Dana Dachman-Soled and
               Yehuda Lindell and
               Mohammad Mahmoody and
               Tal Malkin},
  title     = {On the Black-Box Complexity of Optimally-Fair Coin Tossing},
  booktitle = {tcc11},
  year      = {2011},
  pages     = {450-467},
 }


@InProceedings{HaitnerOmri11,
  title={{Coin Flipping with Constant Bias Implies One-Way Functions}},
  author={Iftach Haitner and Eran Omri},
  booktitle=focs52,
  pages={110--119},
  year={2011},
}


@InProceedings{Maji10,
  title={{On the Computational Complexity of Coin Flipping}},
  author={Hemanta K. Maji and Manoj Prabhakaran and Amit Sahai},
  booktitle=focs51,
  pages={613--622},
  year={2010},
}



@Article{AlonNaor93,
	author = {Noga Alon and Moni Naor},
	title = {Coin-flipping games immune against linear-sized coalitions},
	journal = siamjc,
	year = {1993},
	pages = {46--54}
}


@Article{BenLin89,
  author =	{M. Ben-Or and N. Linial},
  title =	{Collective Coin Flipping},
  journal =	"ADVCR: Advances in Computing Research",
  volume =	{5},
  year = 	{1989},
}



@InProceedings{Feige99a,
  author =	{Uriel Feige},
  title =	{Noncryptographic Selection Protocols},
  booktitle =	focs40,
  year = 	{1999},
}

@InProceedings{RussellZuc98,
  author =	{A. Russell and D. Zuckerman},
  title =	{Perfect Information Leader Election in {log{*} n +
		 0 (1)} Rounds},
  booktitle =	focs39,
   pages={576--583},
  year = 	{1999},
}

@InProceedings{FOCS98*576,
  author =	"A. Russell and D. Zuckerman",
  title =	"Perfect Information Leader Election in {log{*} n +
		 0 (1)} Rounds",
  pages =	"576--585",
  ISBN = 	"0-8186-9172-7",
  booktitle =	"Proceedings of the 39th Annual Symposium on
		 Foundations of Computer Science({FOCS}-98)",
  month =	nov # "8--11",
  publisher =	"IEEE Computer Society",
  address =	"Los Alamitos, CA",
  year = 	"1998",
}


@Article{Saks89,
  author =	"M. Saks",
  title =	"A Robust Noncryptographic Protocol for Collective Coin
		 Flipping",
  journal =	"SIJDM: SIAM Journal on Discrete Mathematics",
  volume =	"2",
  year = 	"1989",
}


@InProceedings{MoranNaor05,
  author =	"Tal Moran and Moni Naor",
  title =	"Basing Cryptographic Protocols on Tamper-Evident
		 Seals",
  booktitle =	"ICALP: Annual International Colloquium on Automata,
		 Languages and Programming",
  year = 	"2005",
}


@InProceedings{AharonovEtAl00,
  author =	"Dorit Aharonov and Amnon Ta-Shma and Umesh Vazirani and Andrew C. Yao",
  title =	"Quantum Bit Escrow",
  booktitle =	"STOC: ACM Symposium on Theory of Computing (STOC)",
  year = 	"2000",
}


@Article{Ambainis04,
  title =	"A new protocol and lower bounds for quantum coin
		 flipping",
  author =	"Andris Ambainis",
  journal = {J. Comput. Syst. Sci.},
  year = 	"2004",
  number =	"2",
  volume =	"68",
  pages =	"398--416",

}


@InProceedings{AmbainisBDR04,
  title =	"Multiparty Quantum Coin Flipping",
  author =	"Andris Ambainis and Harry Buhrman and Yevgeniy Dodis
		 and Hein R{\"o}hrig",
  year = 	"2004",
  booktitle =	coco19,
  pages =	"250--259",
}

@inproceedings{GordonHKL08,
  author    = {S. D. Gordon and
               C. Hazay and
               J. Katz and
               Y. Lindell},
  title     = {Complete fairness in secure two-party computation},
  booktitle = stoc38,
  pages     = {413-422},
  year      = {2008},
}


@Book{AbramowitzS64,
  editor =	"{Abramowitz, M.} and {Stegun, I. A.}",
  title =	"Handbook of Mathematical Functions",
  publisher =	"Dover Publications",
  year = 	"1964",
}


@article{scala2009hypergeometric,
  title={Hypergeometric tail inequalities: ending the insanity},
  author={Scala, M},
  	journal={arXiv preprint arXiv:1311.5939},
  year={2009},
}

@misc{Hoeffding1963,
	title={Probability inequalities for sums of bounded random variables},
	author={Hoeffding, Wassily},
	year={1963},
}


@Unpublished{BellareRo90,
  author =   {Mihir Bellare and Phillip Rogaway},
  title =    {Non-Interactive Perfect Zero-Knowledge},
  note =     {Unpublished manuscript},
  year =     {1990},
  month =    {June},
}




@Article{BuchbinderN09,
  title =	"The Design of Competitive Online Algorithms via a
		 Primal-Dual Approach",
  author =	"Niv Buchbinder and Joseph Naor",
  journal =	"Foundations and Trends in Theoretical Computer
		 Science",
  year = 	"2009",
  number =	"2-3",
  volume =	"3",
}


@Article{BuchbinderJS09,
  title =	"Secretary problems and incentives via linear
		 programming",
  author =	"Niv Buchbinder and Kamal Jain and Mohit Singh",
  journal =	"Mathematics of Operations Research",
  year = 	"2013"
  }


@article{dynkin63,
author={E. B. Dynkin},
title={{The Optimum Choice of the Instant for Stopping a Markov Process}},
journal={Sov. Math. Dokl.},
volume={4},
year={1963}
}


@article{ferguson89,
author={T. S. Ferguson},
title={{Who Solved the Secretary Problem?}},
journal={Statist. Sci.},
volume= {4},
issue={3},
pages={282--289},
year={1989}
}



@article{lindley61,
author={D. V. Lindley},
year={1961},
title={{Dynamic Programming and Decision Theory}},
journal={Applied Statistics},
volume= {10},
pages={39--51}
}


@INPROCEEDINGS{BermanHT14,
  AUTHOR =      {Itay Berman and  Iftach Haitner and Aris Tentes},
  TITLE =        {Coin Flipping of Any Constant Bias Implies One-Way Functions},
  BOOKTITLE = stoc46,
  pages     = {817-836},
  year = {2014},
}


@article{gordonHKL11,
  title={Complete fairness in secure two-party computation},
  author={Gordon, S Dov and Hazay, Carmit and Katz, Jonathan and Lindell, Yehuda},
  journal=jacm,
  volume={58},
  number={6},
  pages={24},
  year={2011},
}



@Misc{HaitnerT14Full,
  AUTHOR =      {Iftach Haitner and Eliad Tsfadia},
  TITLE =        {An Almost-Optimally Fair Three-Party Coin-Flipping Protocol},
  howpublished = "\url{www.cs.tau.ac.il/~iftachh/papers/3PartyCF/QuasiOptimalCF_Full.pdf}",
  note =     {Manuscript. Preliminary version in {\em STOC '14}.}},
  year = {2014},
}


@INPROCEEDINGS{HaitnerT14,
  AUTHOR =      {Iftach Haitner and Eliad Tsfadia},
  TITLE =        {An Almost-Optimally Fair Three-Party Coin-Flipping Protocol},
  BOOKTITLE = stoc46,
  pages     = {817-836},
  year = {2014},
}


@inproceedings{MR91,
  author    = {Silvio Micali and
               Phillip Rogaway},
  title     = {Secure Computation (Abstract)},
  booktitle = {CRYPTO},
  year      = {1991},
  pages     = {392-404},
}

@article{BuchbinderJS14,
  author    = {Niv Buchbinder and
               Kamal Jain and
               Mohit Singh},
  title     = {Secretary Problems via Linear Programming},
  journal   = {Math. Oper. Res.},
  volume    = {39},
  number    = {1},
  pages     = {190--206},
  year      = {2014}
}

@inproceedings{Ash14,
	author    = {Gilad Asharov},
	title     = {Towards Characterizing Complete Fairness in Secure Two-Party Computation},
	booktitle = {Theory of Cryptography - 11th Theory of Cryptography Conference, {TCC}
	2014, San Diego, CA, USA, February 24-26, 2014. Proceedings},
	pages     = {291--316},
	year      = {2014},
	doi       = {10.1007/978-3-642-54242-8_13}
}

@inproceedings{ABMO15,
	author    = {Gilad Asharov and
	Amos Beimel and
	Nikolaos Makriyannis and
	Eran Omri},
	title     = {Complete Characterization of Fairness in Secure Two-Party Computation
	of Boolean Functions},
	booktitle = tcc,
	pages     = {199--228},
	year      = {2015}
}


@unpublished{AwerbuchBCGM1985,
title={How to implement Brachaâ€™s O (log n) byzantine agreement algorithm},
author={Awerbuch, Baruch and Blum, Manuel and Chor, Benny and Goldwasser, Shafi and Micali, Silvio},
year={1985}
}




@inproceedings{BMR90,
	title={The round complexity of secure protocols},
	author={Beaver, Donald and Micali, Silvio and Rogaway, Phillip},
	booktitle=stoc22,
	pages={503--513},
	year={1990}
}

@misc{AlonOmri16Full,
	author = {Bar Alon and Eran Omri},
	title = {Almost-Optimally Fair Multiparty Coin-Tossing with Nearly Three-Quarters Malicious},
	howpublished = {Cryptology ePrint Archive, Report 2016/800},
	year = {2016},
	note = {\url{http://eprint.iacr.org/2016/800}},
}


@Misc{BuchbinderHLT16Full,
	AUTHOR =      {Niv Buchbinder and Iftach Haitner and Nissan Levi and Eliad Tsfadia},
	TITLE =        {Fair Coin Flipping: Tighter Analysis  and the Many-Party Case},
	howpublished = "\url{www.cs.tau.ac.il/~iftachh/papers/3PartyCF/ManyPartyCF_Full.pdf}",
	note =     {Manuscript. Preliminary version in {\em SODA '17}.}},
year = {2016},
}


@inproceedings{CohenHOR2016,
	title={Characterization of secure multiparty computation without broadcast},
	author={Cohen, Ran and Haitner, Iftach and Omri, Eran and Rotem, Lior},
	booktitle=tcc16,
	pages={596--616},
	year={2016},
}


@article{HaitnerPR13,
	author    = {Iftach Haitner},
	title     = {A Parallel Repetition Theorem for Any Interactive Argument},
	journal   = {{SIAM} J. Comput.},
	volume    = {42},
	number    = {6},
	pages     = {2487--2501},
	year      = {2013},
	url       = {https://doi.org/10.1137/100810630},
	doi       = {10.1137/100810630},
	timestamp = {Sat, 27 May 2017 14:22:59 +0200},
	biburl    = {https://dblp.org/rec/bib/journals/siamcomp/Haitner13},
	bibsource = {dblp computer science bibliography, https://dblp.org}
}

@inproceedings{HastadPWP10,
	author    = {Johan H{a}stad and Rafael Pass and Douglas Wikstr{\"{o}}m and Krzysztof Pietrzak},
	title     = {An Efficient Parallel Repetition Theorem},
	booktitle = tcc10,
	pages     = {1--18},
	year      = {2010},
}

@ARTICLE{2010arXiv1011.3027V,
   author = {{Vershynin}, R.},
    title = "{Introduction to the non-asymptotic analysis of random matrices}",
  journal = {ArXiv e-prints},
archivePrefix = "arXiv",
   eprint = {1011.3027},
 primaryClass = "math.PR",
 keywords = {Mathematics - Probability, Computer Science - Numerical Analysis, Mathematics - Functional Analysis, 60B20, 46B09},
     year = 2010,
    month = nov,
   url = {https://arxiv.org/abs/1011.3027},
  adsnote = {Provided by the SAO/NASA Astrophysics Data System}
}

@article{Duchi13,
	author    = {John Duchi},
	title     = {Lecture Notes for Statistics 311/Electrical Engineering 377},
	year      = {2016},
	url       = {https://stanford.edu/class/stats311/Lectures/full_notes.pdf},
}


@article{PW13,
	author    = {Y. Polyanskiyi and Y. Wu},
	title     = {Lecture Notes on Information Theroy},
	year      = {2017},
	url       = {http://people.lids.mit.edu/yp/homepage/data/itlectures_v5.pdf},
}


@misc{Mulzer,
	author = {Wolfgang Mulzer},
	title = {Chernoff Bounds},
	url = {https://page.mi.fu-berlin.de/mulzer/notes/misc/chernoff.pdf},
}

@book{DasGupta,
	author = {AnirBan DasGupta},
	title = {Probability for Statistics and Machine Learning. Chapter 14: Discrete Time Martingales and Concentration Inequalities},
	year = {2011},
	url = {https://www.researchgate.net/publication/226263860_Discrete_Time_Martingales_and_Concentration_Inequalities},
}

@article{ChungLu,
	author    = {Fan Chung and Linyuan Lu},
	title     = {Connected Components in Random Graphs with Given Expected Degree Sequences},
	year      = {2002},
	url       = {https://link.springer.com/content/pdf/10.1007/PL00012580.pdf},
}

@article{AminCO,
	author = {Amin Coja-Oghlan},
	title = {Probabilistic Combinatorics},
	year = {2013},
	url = {https://www.math.uni-frankfurt.de/~acoghlan/probcomb.pdf},
}

@inproceedings{BellareIN97,
	author    = {Mihir Bellare and
	Russell Impagliazzo and
	Moni Naor},
	title     = {Does Parallel Repetition Lower the Error in Computationally Sound
	Protocols?},
	booktitle = {38th Annual Symposium on Foundations of Computer Science, {FOCS} '97,
	Miami Beach, Florida, USA, October 19-22, 1997},
	pages     = {374--383},
	year      = {1997},
}




@inproceedings{ChungP15,
	author    = {Kai{-}Min Chung and Rafael Pass},
	title     = {Tight Parallel Repetition Theorems for Public-Coin Arguments Using
	KL-Divergence},
	booktitle =tcc15,
	pages     = {229--246},
	year      = {2015},
}

@article{PietrzakW12,
	author    = {Krzysztof Pietrzak and
	Douglas Wikstr{\"{o}}m},
	title     = {Parallel Repetition of Computationally Sound Protocols Revisited},
	journal   = jcrypt,
	volume    = {25},
	number    = {1},
	pages     = {116--135},
	year      = {2012},
}




@InProceedings{DamPfi98,
	author =  "Ivan B. Damg{\"a}rd and Birgit Pfitzmann",
	title =   "Sequential Iteration Arguments and an EfficientZero-Knowledge Argument for {NP}",
	booktitle =   "Annual International Colloquium on Automata,
	Languages and Programming (ICALP)",
	pages =   "772--783",
	year =    "1998",
}

@Book{GoldreichModernCrypto,
	author =  "Oded Goldreich",
	title =   "Modern Cryptography, Probabilistic Proofs and
	Pseudorandomness",
	Publisher      = {Springer},
	year =    "1999",
}



@inproceedings{Dodis12,
	title={Counterexamples to hardness amplification beyond negligible},
	author={Dodis, Yevgeniy and Jain, Abhishek and Moran, Tal and Wichs, Daniel},
	booktitle=tcc12,
	pages={476--493},
	year={2012},
}

@inproceedings{ChungL10,
  author    = {Kai{-}Min Chung and
               Feng{-}Hao Liu},
  title     = {Parallel Repetition Theorems for Interactive Arguments},
  booktitle = tcc10,
  pages     = {19--36},
  year      = {2010},
}

@article{Raz98,
  author    = {Ran Raz},
  title     = {A Parallel Repetition Theorem},
  journal   = {{SIAM} J. Comput.},
  volume    = {27},
  number    = {3},
  pages     = {763--803},
  year      = {1998},
}

@InProceedings{PasVen07,
	author =  "Rafael Pass and Muthuramakrishnan Venkitasubramaniam",
	title =   "An Efficient Parallel Repetition Theorem for
	Arthur-Merlin Games",
	booktitle =   stoc39,
	year =    "2007",
}


@inproceedings{ChungP11,
	title={The randomness complexity of parallel repetition},
	author={Chung, Kai-Min and Pass, Rafael},
	booktitle=focs52,
	pages={658--667},
	year={2011},
}

@article{DonskerV83,
author = {Donsker, M. D. and Varadhan, S. R. S.},
title = {Asymptotic evaluation of certain markov process expectations for large time. IV},
journal = {Communications on Pure and Applied Mathematics},
volume = {36},
number = {2},
pages = {183-212},
year = {1983},
}


@inproceedings{CanettiHS05,
  author    = {Ran Canetti and
               Shai Halevi and
               Michael Steiner},
  title     = {Hardness Amplification of Weakly Verifiable Puzzles},
  booktitle = tcc05,
  pages     = {17--33},
  year      = {2005},
}

@article{PassV12,
  author    = {Rafael Pass and
               Muthuramakrishnan Venkitasubramaniam},
  title     = {A Parallel Repetition Theorem for Constant-Round Arthur-Merlin Proofs},
  journal   = {{TOCT}},
  volume    = {4},
  number    = {4},
  pages     = {10:1--10:22},
  year      = {2012},
}



@article{brakerski2014efficient,
	title={Efficient fully homomorphic encryption from (standard) LWE},
	author={Brakerski, Zvika and Vaikuntanathan, Vinod},
	journal= jacm,
	volume={43},
	number={2},
	pages={831--871},
	year={2014},
}


@inproceedings{Patarin2008,
	title={The "coefficients H" technique},
	author={Patarin, Jacques},
	booktitle={International Workshop on Selected Areas in Cryptography},
	pages={328--345},
	year={2008},
}



@inproceedings{chung2013simultaneous,
	title={Simultaneous resettability from one-way functions},
	author={Chung, Kai-Min and Ostrovsky, Rafail and Pass, Rafael and Visconti, Ivan},
	booktitle={2013 IEEE 54th Annual Symposium on Foundations of Computer Science},
	pages={60--69},
	year={2013},
}

@inproceedings{bitansky2012succinct,
	title={Succinct arguments from multi-prover interactive proofs and their efficiency benefits},
	author={Bitansky, Nir and Chiesa, Alessandro},
	booktitle={Annual Cryptology Conference},
	pages={255--272},
	year={2012},
}

@inproceedings{Patarin90,
  author    = {Jacques Patarin},
  title     = {Pseudorandom permutations based on the {DES} scheme},
  booktitle = {{EUROCODE} '90, International Symposium on Coding Theory and Applications,
               Udine, Italy, November 5-9, 1990, Proceedings},
  pages     = {193--204},
  year      = {1990},
  url       = {https://doi.org/10.1007/3-540-54303-1\_131},
  doi       = {10.1007/3-540-54303-1\_131},
}


@inproceedings{Feige91,
	author    = {Uriel Feige},
	title     = {On the Success Probability of the Two Provers in One-Round Proof Systems},
	booktitle = {Proceedings of the Sixth Annual Structure in Complexity Theory Conference,
	Chicago, Illinois, USA, June 30 - July 3, 1991},
	pages     = {116--123},
	year      = {1991},
}

@article{FeigeV02,
	author    = {Uriel Feige and
	Oleg Verbitsky},
	title     = {Error Reduction by Parallel Repetition - {A} Negative Result},
	journal   = {Combinatorica},
	volume    = {22},
	number    = {4},
	pages     = {461--478},
	year      = {2002},
}

@inproceedings{FortnowRS90,
	author    = {Lance Fortnow and
	John Rompel and
	Michael Sipser},
	title     = {Errata for On the Power of Multi-Prover Interactive Protocols},
	booktitle = {Proceedings: Fifth Annual Structure in Complexity Theory Conference,
	Universitat Polit{\`{e}}cnica de Catalunya, Barcelona, Spain, July
	8-11, 1990},
	pages     = {318--319},
	year      = {1990},
}


@article{Holenstein09,
	author    = {Thomas Holenstein},
	title     = {Parallel Repetition: Simplification and the No-Signaling Case},
	journal   = {Theory of Computing},
	volume    = {5},
	number    = {1},
	pages     = {141--172},
	year      = {2009},
}

@article{HaitnerHRVW20,
	author    = {Iftach Haitner and
	Thomas Holenstein and
	Omer Reingold and
	Salil P. Vadhan and
	Hoeteck Wee},
	title     = {Inaccessible Entropy {II:} {IE} Functions and Universal One-Way Hashing},
	journal   = toc,
	year      = {2020},
	 note =    {Preliminary version in {Eurocrypt}  '10},
}

@article{Rao11,
	author    = {Anup Rao},
	title     = {Parallel Repetition in Projection Games and a Concentration Bound},
	journal   = {{SIAM} J. Comput.},
	volume    = {40},
	number    = {6},
	pages     = {1871--1891},
	year      = {2011},
}

@inproceedings{BravermanK18,
	author    = {Mark Braverman and
	Young Kun{-}Ko},
	title     = {Information Value of Two-Prover Games},
	booktitle = {9th Innovations in Theoretical Computer Science Conference, {ITCS}
	2018, January 11-14, 2018, Cambridge, MA, {USA}},
	pages     = {12:1--12:15},
	year      = {2018},
}


@inproceedings{BarakRRRS09,
	author    = {Boaz Barak and
	Anup Rao and
	Ran Raz and
	Ricky Rosen and
	Ronen Shaltiel},
	title     = {Strong Parallel Repetition Theorem for Free Projection Games},
	booktitle = {Approximation, Randomization, and Combinatorial Optimization. Algorithms
	and Techniques, 12th International Workshop, {APPROX} 2009, and 13th
	International Workshop, {RANDOM} 2009, Berkeley, CA, USA, August 21-23,
	2009. Proceedings},
	pages     = {352--365},
	year      = {2009},
}

@inproceedings{RazR12,
	author    = {Ran Raz and
	Ricky Rosen},
	title     = {A Strong Parallel Repetition Theorem for Projection Games on Expanders},
	booktitle = {Proceedings of the 27th Conference on Computational Complexity, {CCC}
	2012, Porto, Portugal, June 26-29, 2012},
	pages     = {247--257},
	year      = {2012},
}

@inproceedings{TulsianiWZ14,
	author    = {Madhur Tulsiani and
	John Wright and
	Yuan Zhou},
	title     = {Optimal Strong Parallel Repetition for Projection Games on Low Threshold
	Rank Graphs},
	booktitle = {Automata, Languages, and Programming - 41st International Colloquium,
	{ICALP} 2014, Copenhagen, Denmark, July 8-11, 2014, Proceedings, Part
	{I}},
	pages     = {1003--1014},
	year      = {2014},
}


@inproceedings{BarakHHRRS08,
	author    = {Boaz Barak and
	Moritz Hardt and
	Ishay Haviv and
	Anup Rao and
	Oded Regev and
	David Steurer},
	title     = {Rounding Parallel Repetitions of Unique Games},
	booktitle = {49th Annual {IEEE} Symposium on Foundations of Computer Science, {FOCS}
	2008, October 25-28, 2008, Philadelphia, PA, {USA}},
	pages     = {374--383},
	year      = {2008},
}


@inproceedings{Steurer10,
	author    = {David Steurer},
	title     = {Improved Rounding for Parallel Repeated Unique Games},
	booktitle = {Approximation, Randomization, and Combinatorial Optimization. Algorithms
	and Techniques, 13th International Workshop, {APPROX} 2010, and 14th
	International Workshop, {RANDOM} 2010, Barcelona, Spain, September
	1-3, 2010. Proceedings},
	pages     = {724--737},
	year      = {2010},
}

@inproceedings{DinurS14,
	author    = {Irit Dinur and
	David Steurer},
	title     = {Analytical approach to parallel repetition},
	booktitle = {Symposium on Theory of Computing, {STOC} 2014, New York, NY, USA,
	May 31 - June 03, 2014},
	pages     = {624--633},
	year      = {2014},
}


@inproceedings{Moshkovitz14,
	author    = {Dana Moshkovitz},
	title     = {Parallel Repetition from Fortification},
	booktitle = {55th {IEEE} Annual Symposium on Foundations of Computer Science, {FOCS}
	2014, Philadelphia, PA, USA, October 18-21, 2014},
	pages     = {414--423},
	year      = {2014},
}


@techreport{BermanHT19-ECCC,
	 AUTHOR =      {Itay Berman  and Iftach Haitner and Eliad Tsfadia},
	title={A Tight Parallel-Repetition Theorem for Random-Terminating Interactive Arguments},
	institution=eccc,
	number = "TR19-049",
	year= 2019,
}

@techreport{BermanHT19-eprint,
	AUTHOR =      {Itay Berman  and Iftach Haitner and Eliad Tsfadia},
	title={A Tight Parallel-Repetition Theorem for Random-Terminating Interactive Arguments},
	institution={{IACR} Cryptol. ePrint Arch.},
	number = "2019/393",
	year= 2019,
}


@inproceedings{McGregorMPRTV10,
	title={The limits of two-party differential privacy},
	author={McGregor, Andrew and Mironov, Ilya and Pitassi, Toniann and Reingold, Omer and Talwar, Kunal and Vadhan, Salil},
	booktitle=focs51,
	pages={81--90},
	year={2010},
}


@inproceedings{dinur2003revealing,
  title={Revealing information while preserving privacy},
  author={Irit Dinur and Kobbi Nissim},
  booktitle={Proceedings of the twenty-second ACM SIGMOD-SIGACT-SIGART symposium on Principles of database systems},
  pages={202--210},
  year={2003}
}

@inproceedings{KOS16,
  author    = {Marcel Keller and
               Emmanuela Orsini and
               Peter Scholl},
  title     = {{MASCOT:} Faster Malicious Arithmetic Secure Computation with Oblivious
               Transfer},
  booktitle = ccs,
  pages     = {830--842},
  year      = {2016},
}

@inproceedings{BCGIKRS19,
  author    = {Elette Boyle and  Geoffroy Couteau and    Niv Gilboa and     Yuval Ishai and       Lisa Kohl and
               Peter Rindal and    Peter Scholl},
  title     = {Efficient Two-Round {OT} Extension and Silent Non-Interactive Secure         Computation},
  booktitle = ccs,
  pages     = {291--308},
  year      = {2019}, 
}

@inproceedings{IPS09,
  author    = {Yuval Ishai and
               Manoj Prabhakaran and
               Amit Sahai},
  title     = {Secure Arithmetic Computation with No Honest Majority},
  booktitle = tcc,
  pages     = {294--314},
  year      = {2009},
}

@inproceedings{LN18,
  author    = {Yehuda Lindell and
               Ariel Nof},
  title     = {Fast Secure Multiparty {ECDSA} with Practical Distributed Key Generation
               and Applications to Cryptocurrency Custody},
  booktitle = ccs,
  pages     = {1837--1854},
  year      = {2018},
}

@inproceedings{Gilboa99,
  author    = {Niv Gilboa},
  title     = {Two Party {RSA} Key Generation},
  booktitle = crypto,
  pages     = {116--129},
  year      = {1999},
}



@techreport{R++19,
	 author    = {Dragos Rotaru and
	Nigel P. Smart and
	Titouan Tanguy and
	Frederik Vercauteren and
	Tim Wood},
	title     = {Actively Secure Setup for {SPDZ}},
    institution={{IACR} Cryptol. ePrint Arch.},
	number = "2019/1300",
	year= 2019,
}



@inproceedings{BGI15,
  author    = {Elette Boyle and           Niv Gilboa and           Yuval Ishai},
  title     = {Function Secret Sharing},
  booktitle = ec,
  pages     = {337--367},
  year      = {2015}, 
}

@inproceedings{BGI16,
  author    = {Elette Boyle and              Niv Gilboa and             Yuval Ishai},
  title     = {Breaking the Circuit Size Barrier for Secure Computation Under {DDH}},
  booktitle = crypto,
  pages     = {509--539},
  year      = {2016}, 
}

@inproceedings{BKS19,
  author    = {Elette Boyle and
               Lisa Kohl and
               Peter Scholl},
  title     = {Homomorphic Secret Sharing from Lattices Without {FHE}},
  booktitle = ec,
  pages     = {3--33},
  year      = {2019}, 
}

@article{NP06,
  author    = {Moni Naor and Benny Pinkas},
  title     = {Oblivious Polynomial Evaluation},
  journal   = sicomp,
  volume    = {35},
  number    = {5},
  pages     = {1254--1281},
  year      = {2006}, 
}

@article{DBLP:journals/tit/KY08,
  author    = {Aggelos Kiayias and Moti Yung},
  title     = {Cryptographic Hardness Based on the Decoding of Reed-Solomon Codes},
  journal   = {{IEEE} Trans. Inf. Theory},
  volume    = {54},
  number    = {6},
  pages     = {2752--2769},
  year      = {2008}, 
}

@inproceedings{BCGI18,
  author    = {Elette Boyle and Geoffroy Couteau and    Niv Gilboa and        Yuval Ishai},
  title     = {Compressing Vector {OLE}},
  booktitle = ccs,
  pages     = {896--912},
  year      = {2018}, 
}

@inproceedings{BSW11,
  author    = {Dan Boneh and Amit Sahai and     Brent Waters},
  title     = {Functional Encryption: Definitions and Challenges},
  booktitle = tcc,
  pages     = {253--273},
  year      = {2011}, 
}

 

@inproceedings{LN17+,
  author    = {Yehuda Lindell and Ariel Nof},
  title     = {A Framework for Constructing Fast {MPC} over Arithmetic Circuits with
               Malicious Adversaries and an Honest-Majority},
  booktitle = ccs,
  pages     = {259--276},
  year      = {2017}, 
}

@inproceedings{FPY18,
  author    = {Tore Kasper Frederiksen and
               Benny Pinkas and
               Avishay Yanai},
  title     = {Committed {MPC} - Maliciously Secure Multiparty Computation from Homomorphic
               Commitments},
  booktitle = pkc,
  pages     = {587--619},
  year      = {2018}, 
}

@inproceedings{Bea91a,
  author    = {Donald Beaver},
  title     = {Efficient Multiparty Protocols Using Circuit Randomization},
  booktitle = crypto,
  pages     = {420--432},
  year      = {1991}, 
}

@inproceedings{DO10,
  author    = {Ivan Damg{a}rd and
               Claudio Orlandi},
  title     = {Multiparty Computation for Dishonest Majority: From Passive to Active
               Security at Low Cost},
  booktitle = crypto,
  pages     = {558--576},
  year      = {2010}, 
}

@inproceedings{BEPST20,
  author    = {Carsten Baum and
               Daniel Escudero and
               Alberto Pedrouzo{-}Ulloa and
               Peter Scholl and
               Juan Ram{\'{o}}n Troncoso{-}Pastoriza},
  title     = {Efficient Protocols for Oblivious Linear Function Evaluation from
               Ring-{LWE}},
  booktitle = scn,
  pages     = {130--149},
  year      = {2020}, 
}

@inproceedings{GNN17,
  author    = {Satrajit Ghosh and
               Jesper Buus Nielsen and
               Tobias Nilges},
  title     = {Maliciously Secure Oblivious Linear Function Evaluation with Constant
               Overhead},
  booktitle = ac,
  pages     = {629--659},
  year      = {2017}, 
}

@inproceedings{SPDZ12,
  author    = {Ivan Damgard and
               Valerio Pastro and
               Nigel P. Smart and
               Sarah Zakarias},
  title     = {Multiparty Computation from Somewhat Homomorphic Encryption},
  booktitle =  crypto,
  pages     = {643--662},
  year      = {2012},
}

@ARTICLE{HaitnerReVa13,
	author = {Iftach Haitner and Omer Reingold and Salil Vadhan},
	title = {Efficiency Improvements in Constructing Pseudorandom Generators from
	One-Way Functions},
	journal = sicomp,
	year = {2013},
	volume = {42},
	pages = {1405--1430},
	number = {3},
}

@inproceedings{VadhanZheng2012,
	title={Characterizing pseudoentropy and simplifying pseudorandom generator constructions},
	author={Vadhan, Salil and Zheng, Colin Jia},
	booktitle=stoc,
	pages={817--836},
	year={2012},
}

@inproceedings{wee2004pseudoentropy,
  title={On pseudoentropy versus compressibility},
  author={Wee, Hoeteck},
  booktitle={Proceedings. 19th IEEE Annual Conference on Computational Complexity, 2004.},
  pages={29--41},
  year={2004},
  organization={IEEE}
}



@incollection{BarakSW03,
	title={Computational analogues of entropy},
	author={Barak, Boaz and Shaltiel, Ronen and Wigderson, Avi},
	booktitle=approx,
	pages={200--215},
	year={2003},
}

@inproceedings{HsiaoLL07,
	title={Conditional computational entropy, or toward separating pseudoentropy from compressibility},
	author={Hsiao, Chun-Yuan and Lu, Chi-Jen and Reyzin, Leonid},
	booktitle=ec,
	pages={169--186},
	year={2007},
}


@inproceedings{Wee04,
	title={On pseudoentropy versus compressibility},
	author={Wee, Hoeteck},
	booktitle=coco,
	pages={29--41},
	year={2004},
}


@article{trevisan2005compression,
  title={Compression of samplable sources},
  author={Trevisan, Luca and Vadhan, Salil and Zuckerman, David},
  journal={computational complexity},
  volume={14},
  number={3},
  pages={186--227},
  year={2005},
  publisher={Springer}
}



@article{Huffman52,
	title={A method for the construction of minimum-redundancy codes},
	author={Huffman, David A},
	journal={Proceedings of the IRE},
	volume={40},
	number={9},
	pages={1098--1101},
	year={1952},
}


@book{Fano49,
	title={The transmission of information},
	author={Fano, Robert M},
publisher={Massachusetts Institute of Technology, Research Laboratory of Electronics},
	year={1949},
}

@article{Shannon48,
	title={A mathematical theory of communication},
	author={Shannon, Claude Elwood},
	journal={The Bell system technical journal},
	volume={27},
	number={3},
	pages={379--423},
	year={1948},
}


@article{TrevisanVZ05,
	title={Compression of samplable sources},
	author={Trevisan, Luca and Vadhan, Salil and Zuckerman, David},
	journal=Jcomplexity,
	volume={14},
	number={3},
	pages={186--227},
	year={2005},
}


@inproceedings{GoldbergS85,
	title={Compression and ranking},
	author={Goldberg, Andrew and Sipser, Michael},
	booktitle=stoc,
	pages={440--448},
	year={1985}
}


@article{szpankowski2011minimum,
  title={Minimum expected length of fixed-to-variable lossless compression without prefix constraints},
  author={Szpankowski, Wojciech and Verd{\'u}, Sergio},
  journal={IEEE Transactions on Information Theory},
  volume={57},
  number={7},
  pages={4017--4025},
  year={2011},
}

@inproceedings{wul07,
  title={Oblivious-transfer amplification},
  author={Wullschleger, J{\"u}rg},
  booktitle={Advances in Cryptology-EUROCRYPT 2007: 26th Annual International Conference on the Theory and Applications of Cryptographic Techniques. Proceedings},
  pages={555--572},
  year={2007}
}