@article{BangaloreCV24,
  author       = {Laasya Bangalore and
                  Albert Cheu and
                  Muthuramakrishnan Venkitasubramaniam},
  title        = {{PRIME:} Differentially Private Distributed Mean Estimation with Malicious
                  Security},
  journal      = {{IACR} Cryptol. ePrint Arch.},
  pages        = {1771},
  year         = {2024}
}

@inproceedings{BittauEMMRLRKTS17,
author = {Bittau, Andrea and Erlingsson, \'{U}lfar and Maniatis, Petros and Mironov, Ilya and Raghunathan, Ananth and Lie, David and Rudominer, Mitch and Kode, Ushasree and Tinnes, Julien and Seefeld, Bernhard},
title = {Prochlo: Strong Privacy for Analytics in the Crowd},
year = {2017},
booktitle = {Proceedings of the 26th Symposium on Operating Systems Principles},
pages = {441â€“459},
numpages = {19},
series = {SOSP '17}
}

@inproceedings{BohlerK20,
  author       = {Jonas B{\"{o}}hler and
                  Florian Kerschbaum},
  title        = {Secure Multi-party Computation of Differentially Private Median},
  booktitle    = {29th {USENIX} Security Symposium, {USENIX} Security 2020},
  pages        = {2147--2164},
  publisher    = {{USENIX} Association},
  year         = {2020}
}

@inproceedings{BunCV16,
	title={Separating computational and statistical differential privacy in the client-server model},
	author={Bun, Mark and Chen, Yi-Hsiu and Vadhan, Salil},
	booktitle={Theory of Cryptography Conference},
	pages={607--634},
	year={2016},
	organization={Springer}
}

@inproceedings{CheuSUZZ19,
  author       = {Albert Cheu and
                  Adam D. Smith and
                  Jonathan R. Ullman and
                  David Zeber and
                  Maxim Zhilyaev},
  title        = {Distributed Differential Privacy via Shuffling},
  booktitle    = {Advances in Cryptology - {EUROCRYPT} 2019 - 38th Annual International
                  Conference on the Theory and Applications of Cryptographic Techniques,
                  Proceedings, Part {I}},
  volume       = {11476},
  pages        = {375--403},
  year         = {2019}
}

@article{CheuSurvey22,
  author       = {Albert Cheu},
  title        = {Differential Privacy in the Shuffle Model: {A} Survey of Separations},
  journal      = {CoRR},
  volume       = {abs/2107.11839},
  year         = {2021},
  eprinttype    = {arXiv}
}

@inproceedings{DamgardKNOP24,
  author       = {Ivan Damg{\aa}rd and
                  Hannah Keller and
                  Boel Nelson and
                  Claudio Orlandi and
                  Rasmus Pagh},
  title        = {Differentially Private Selection from Secure Distributed Computing},
  booktitle    = {Proceedings of the {ACM} on Web Conference 2024, {WWW} 2024},
  pages        = {1103--1114},
  publisher    = {{ACM}},
  year         = {2024}
}

@inproceedings{GKMPS16,
	title={Do distributed differentially-private protocols require oblivious transfer?},
	author={Goyal, Vipul and Khurana, Dakshita and Mironov, Ilya and Pandey, Omkant and Sahai, Amit},
	booktitle={43rd International Colloquium on Automata, Languages, and Programming (ICALP 2016)},
	year={2016}
}

@inproceedings{GKY11,
	title={Limits of computational differential privacy in the client/server setting},
	author={Groce, Adam and Katz, Jonathan and Yerukhimovich, Arkady},
	booktitle={Theory of Cryptography Conference},
	pages={417--431},
	year={2011},
	organization={Springer}
}

@inproceedings{GMPS13,
	title={Accuracy-Privacy Tradeoffs for Two-Party Differentially Private Protocols},
	booktitle={CRYPTO},
	publisher={Springer},
	pages={298--315},
	author={Vipul Goyal and Ilya Mironov and Omkant Pandey and Amit Sahai},
	year=2013
}

@inproceedings{GhaziIK0M23,
  author       = {Badih Ghazi and
                  Rahul Ilango and
                  Pritish Kamath and
                  Ravi Kumar and
                  Pasin Manurangsi},
  title        = {Towards Separating Computational and Statistical Differential Privacy},
  booktitle    = {64th {IEEE} Annual Symposium on Foundations of Computer Science, {FOCS}
                  2023},
  pages        = {580--599},
  year         = {2023}
}

@inproceedings{HMSS19,
	title={Channels of small log-ratio leakage and characterization of two-party differentially private computation},
	author={Haitner, Iftach and Mazor, Noam and Shaltiel, Ronen and Silbak, Jad},
	booktitle={Theory of Cryptography Conference},
	pages={531--560},
	year={2019},
	organization={Springer}
}

@article{HNOSS20,
	author    = {Iftach Haitner and
	Kobbi Nissim and
	Eran Omri and
	Ronen Shaltiel and
	Jad Silbak},
	title     = {Computational Two-Party Correlation: {A} Dichotomy for Key-Agreement
	Protocols},
	journal   = siamjc,
	volume    = {49},
	number    = {6},
	pages     = {1041--1082},
	year      = {2020},
}

@inproceedings{HaitnerMST22,
	author       = {Iftach Haitner and
	Noam Mazor and
	Jad Silbak and
	Eliad Tsfadia},
	title        = {On the complexity of two-party differential privacy},
	booktitle    = {{STOC} '22: 54th Annual {ACM} {SIGACT} Symposium on Theory of Computing},
	pages        = {1392--1405},
	publisher    = {{ACM}},
	year         = {2022}
}

@inproceedings{MPRV09,
	title={Computational differential privacy},
	author={Mironov, Ilya and Pandey, Omkant and Reingold, Omer and Vadhan, Salil},
	booktitle={Annual International Cryptology Conference},
	pages={126--142},
	year={2009},
	organization={Springer}
}

@article{MeisingsethR25,
  author       = {Fredrik Meisingseth and
                  Christian Rechberger},
  title        = {SoK: Computational and Distributed Differential Privacy for {MPC}},
  journal      = {Proc. Priv. Enhancing Technol.},
  volume       = {2025},
  number       = {1},
  pages        = {420--439},
  year         = {2025}
}

@inproceedings{chan2012optimal,
	title={Optimal lower bound for differentially private multi-party aggregation},
	author={Chan, TH Hubert and Shi, Elaine and Song, Dawn},
	booktitle={European Symposium on Algorithms},
	pages={277--288},
	year={2012},
	organization={Springer}
}

@article{haitner2016limits,
	title={Limits on the usefulness of random oracles},
	author={Haitner, Iftach and Omri, Eran and Zarosim, Hila},
	journal={Journal of Cryptology},
	volume={29},
	number={2},
	pages={283--335},
	year={2016},
	publisher={Springer}
}

