@ARTICLE{10601183,
  author={Ahn, Woo-Jin and Park, So-Yeon and Pae, Dong-Sung and Choi, Hyun-Duck and Lim, Myo-Taeg},
  journal={IEEE Transactions on Geoscience and Remote Sensing}, 
  title={Bridging Viewpoints in Cross-View Geo-Localization With Siamese Vision Transformer}, 
  year={2024},
  volume={62},
  number={},
  pages={1-12},
  }

@ARTICLE{10703072,
  author={Zhang, Xinyu and Zhang, Peng and Shan, Caifeng},
  journal={IEEE Transactions on Circuits and Systems for Video Technology}, 
  title={Corruption-Invariant Person Re-Identification via Coarse-to-Fine Feature Alignment}, 
  year={2025},
  volume={35},
  number={2},
  pages={1084-1097}}

@ARTICLE{10882953,
  author={Ye, Mang and Wu, Zesen and Du, Bo},
  journal={IEEE Transactions on Pattern Analysis and Machine Intelligence}, 
  title={Dual-Level Matching with Outlier Filtering for Unsupervised Visible-Infrared Person Re-Identification}, 
  year={2025},
  volume={},
  number={},
  pages={1-14}}

@INPROCEEDINGS{2019Lending,
  author={Liu, Liu and Li, Hongdong},
  booktitle={Proceedings of the IEEE/CVF Conference on Computer Vision and Pattern Recognition}, 
  title={Lending orientation to neural networks for cross-view geo-localization}, 
  year={2019},
  volume={},
  number={},
  pages={5617-5626}}

@ARTICLE{9585547,
  author={Eom, Chanho and Lee, Wonkyung and Lee, Geon and Ham, Bumsub},
  journal={IEEE Transactions on Pattern Analysis and Machine Intelligence}, 
  title={Disentangled Representations for Short-Term and Long-Term Person Re-Identification}, 
  year={2022},
  volume={44},
  number={12},
  pages={8975-8991}}

@ARTICLE{9840394,
  author={Zhang, Hongwei and Zhang, Guoqing and Chen, Yuhao and Zheng, Yuhui},
  journal={IEEE Transactions on Circuits and Systems for Video Technology}, 
  title={Global Relation-Aware Contrast Learning for Unsupervised Person Re-Identification}, 
  year={2022},
  volume={32},
  number={12},
  pages={8599-8610}}

@article{DenseUAV,
  author={Dai, Ming and Zheng, Enhui and Feng, Zhenhua and Qi, Lei and Zhuang, Jiedong and Yang, Wankou},
  journal={IEEE Transactions on Image Processing},
  title={Vision-Based UAV Self-Positioning in Low-Altitude Urban Environments},
  year={2024},
  volume={33},
  number={},
  pages={493-508}
}

@InProceedings{He_2020_CVPR,
author = {He, Kaiming and Fan, Haoqi and Wu, Yuxin and Xie, Saining and Girshick, Ross},
title = {Momentum Contrast for Unsupervised Visual Representation Learning},
booktitle = {Proceedings of the IEEE/CVF Conference on Computer Vision and Pattern Recognition},
year = {2020},
pages = {9729-9738}
}

@InProceedings{Hu_2018_CVPR,
author = {Hu, Sixing and Feng, Mengdan and Nguyen, Rang M. H. and Lee, Gim Hee},
title = {CVM-Net: Cross-View Matching Network for Image-Based Ground-to-Aerial Geo-Localization},
booktitle = {Proceedings of the IEEE Conference on Computer Vision and Pattern Recognition},
pages = {7258-7267},
year = {2018}
}

@InProceedings{Li_2024_CVPR,
    author    = {Li, Guopeng and Qian, Ming and Xia, Gui-Song},
    title     = {Unleashing Unlabeled Data: A Paradigm for Cross-View Geo-Localization},
    booktitle = {Proceedings of the IEEE/CVF Conference on Computer Vision and Pattern Recognition},
    year      = {2024},
    pages     = {16719-16729}
}

@InProceedings{Shi_Yu_Liu_Zhang_Li_2020, 
title={Optimal Feature Transport for Cross-View Image Geo-Localization}, 
volume={34},
booktitle={Proceedings of the AAAI Conference on Artificial Intelligence}, 
author={Shi, Yujiao and Yu, Xin and Liu, Liu and Zhang, Tong and Li, Hongdong}, 
year={2020}, 
pages={11990-11997} }

@InProceedings{Wu_2018_CVPR,
author = {Wu, Zhirong and Xiong, Yuanjun and Yu, Stella X. and Lin, Dahua},
title = {Unsupervised Feature Learning via Non-Parametric Instance Discrimination},
booktitle = {Proceedings of the IEEE Conference on Computer Vision and Pattern Recognition},
year = {2018}
}

@InProceedings{Yang_2023_ICCV,
    author    = {Yang, Bin and Chen, Jun and Ye, Mang},
    title     = {Towards Grand Unified Representation Learning for Unsupervised Visible-Infrared Person Re-Identification},
    booktitle = {Proceedings of the IEEE/CVF International Conference on Computer Vision},
    year      = {2023},
    pages     = {11069-11079}
}

@InProceedings{Zhu_2017_ICCV,
author = {Zhu, Jun-Yan and Park, Taesung and Isola, Phillip and Efros, Alexei A.},
title = {Unpaired Image-To-Image Translation Using Cycle-Consistent Adversarial Networks},
booktitle = {Proceedings of the IEEE International Conference on Computer Vision},
year = {2017}
}

@inproceedings{adca,
  title={Augmented Dual-Contrastive Aggregation Learning for Unsupervised Visible-Infrared Person Re-Identification},
  author={Yang, Bin and Ye, Mang and Chen, Jun and Wu, Zesen},
  pages = {2843–2851},
  booktitle = {Proceedings of the ACM International Conference on Multimedia},
  year={2022}
}

@inproceedings{arandjelovic2016netvlad,
  title={NetVLAD: CNN architecture for weakly supervised place recognition},
  author={Arandjelovic, Relja and Gronat, Petr and Torii, Akihiko and Pajdla, Tomas and Sivic, Josef},
  booktitle={Proceedings of the IEEE Conference on Computer Vision and pattern recognition},
  pages={5297--5307},
  year={2016}
}

@inproceedings{chen2021ice,
  title={Ice: Inter-instance contrastive encoding for unsupervised person re-identification},
  author={Chen, Hao and Lagadec, Benoit and Bremond, Francois},
  booktitle={Proceedings of the IEEE/CVF International Conference on Computer Vision},
  pages={14960--14969},
  year={2021}
}

@article{chen2024multi,
  title={Multi-Level Embedding and Alignment Network with Consistency and Invariance Learning for Cross-View Geo-Localization},
  author={Chen, Zhongwei and Yang, Zhao-Xu and Rong, Hai-Jun},
  journal={arXiv preprint arXiv:2412.14819},
  year={2024}
}

@article{chen2025limited,
  title={From Limited Labels to Open Domains: An Efficient Learning Paradigm for UAV-view Geo-Localization},
  author={Chen, Zhongwei and Yang, Zhao-Xu and Rong, Hai-Jun and Lang, Jiawei},
  journal={arXiv preprint arXiv:2503.07520},
  year={2025}
}

@inproceedings{cheng2023efficient,
  title={Efficient bilateral cross-modality cluster matching for unsupervised visible-infrared person reid},
  author={Cheng, De and He, Lingfeng and Wang, Nannan and Zhang, Shizhou and Wang, Zhen and Gao, Xinbo},
  booktitle={Proceedings of the ACM International Conference on Multimedia},
  pages={1325--1333},
  year={2023}
}

@inproceedings{dai2022cluster,
  title={Cluster contrast for unsupervised person re-identification},
  author={Dai, Zuozhuo and Wang, Guangyuan and Yuan, Weihao and Zhu, Siyu and Tan, Ping},
  booktitle={Proceedings of the Asian Conference on Computer Vision},
  pages={1142-1160},
  year={2022}
}

@inproceedings{deuser2023sample4geo,
  title={Sample4{G}eo: {H}ard negative sampling for cross-view geo-localisation},
  author={Deuser, Fabian and Habel, Konrad and Oswald, Norbert},
  booktitle = {Proceedings of the IEEE/CVF International Conference on Computer Vision},
  year= {2023},
  pages= {16847-16856}
}

@article{du2024ccr,
  title={{CCR}: A counterfactual causal reasoning-based method for cross-view geo-localization},
  author={Du, Haolin and He, Jingfei and Zhao, Yuanqing},
  journal={IEEE Transactions on Circuits and Systems for Video Technology},
  year={2024},
  volume={34},
  number={11},
  pages={11630-11643},
}

@article{ge2024multibranch,
  title={Multibranch joint representation learning based on information fusion strategy for cross-view geo-localization},
  author={Ge, Fawei and Zhang, Yunzhou and Liu, Yixiu and Wang, Guiyuan and Coleman, Sonya and Kerr, Dermot and Wang, Li},
  journal={IEEE Transactions on Geoscience and Remote Sensing},
  volume={62},
  pages={1-16},
  year={2024},
  publisher={IEEE}
}

@ARTICLE{li2024learning,
  author={Li, Haoyuan and Xu, Chang and Yang, Wen and Yu, Huai and Xia, Gui-Song},
  journal={IEEE Transactions on Geoscience and Remote Sensing}, 
  title={Learning Cross-View Visual Geo-Localization Without Ground Truth}, 
  year={2024},
  volume={62},
  number={},
  pages={1-17}
}

@inproceedings{liu2022swin,
  title={Swin transformer v2: {S}caling up capacity and resolution},
  author={Liu, Ze and Hu, Han and Lin, Yutong and Yao, Zhuliang and Xie, Zhenda and Wei, Yixuan and Ning, Jia and Cao, Yue and Zhang, Zheng and Dong, Li and others},
    booktitle = {IEEE/CVF Conference on Computer Vision and Pattern Recognition},
    year      = {2022},
    pages     = {12009-12019}
}

@article{lv2024direction,
  title={Direction-guided multi-scale feature fusion network for geo-localization},
  author={Lv, Hongxiang and Zhu, Hai and Zhu, Runzhe and Wu, Fei and Wang, Chunyuan and Cai, Meiyu and Zhang, Kaiyu},
  journal={IEEE Transactions on Geoscience and Remote Sensing},
  year={2024},
  volume={62},
  number={},
  pages={1-13},
  publisher={IEEE}
}

@article{oquab2023dinov2,
  title={Dinov2: Learning robust visual features without supervision},
  author={Oquab, Maxime and Darcet, Timoth{\'e}e and Moutakanni, Th{\'e}o and Vo, Huy and Szafraniec, Marc and Khalidov, Vasil and Fernandez, Pierre and Haziza, Daniel and Massa, Francisco and El-Nouby, Alaaeldin and others},
  journal={arXiv preprint arXiv:2304.07193},
  year={2023}
}

@inproceedings{radford2021learning,
  title={Learning transferable visual models from natural language supervision},
  author={Radford, Alec and Kim, Jong Wook and Hallacy, Chris and Ramesh, Aditya and Goh, Gabriel and Agarwal, Sandhini and Sastry, Girish and Askell, Amanda and Mishkin, Pamela and Clark, Jack and others},
  booktitle={International Conference on Machine Learning},
  pages={8748--8763},
  year={2021},
}

@inproceedings{shi2019spatial,
  title={Spatial-aware feature aggregation for image based cross-view geo-localization},
  author={Shi, Yujiao and Liu, Liu and Yu, Xin and Li, Hongdong},
  booktitle={Advances in Neural Information Processing Systems},
  pages= {10090–10100},
  year={2019}
}

@article{wang2021each,
  title={Each part matters: {L}ocal patterns facilitate cross-view geo-localization},
  author={Wang, Tingyu and Zheng, Zhedong and Yan, Chenggang and Zhang, Jiyong and Sun, Yaoqi and Zheng, Bolun and Yang, Yi},
  journal={IEEE Transactions on Circuits and Systems for Video Technology},
  volume={32},
  number={2},
  pages={867-879},
  year={2021},
  publisher={IEEE}
}

@inproceedings{wang2022optimal,
  title={Optimal transport for label-efficient visible-infrared person re-identification},
  author={Wang, Jiangming and Zhang, Zhizhong and Chen, Mingang and Zhang, Yi and Wang, Cong and Sheng, Bin and Qu, Yanyun and Xie, Yuan},
  booktitle={Proceedings of the European Conference on Computer Vision},
  pages={93--109},
  year={2022}
}

@article{wu2024camp,
  title={{CAMP}: {A}cross-view geo-localization method using contrastive attributes mining and position-aware partitioning},
  author={Wu, Qiong and Wan, Yi and Zheng, Zhi and Zhang, Yongjun and Wang, Guangshuai and Zhao, Zhenyang},
  journal={IEEE Transactions on Geoscience and Remote Sensing},
  year={2024},
  volume={62},
  number={},
  pages={1-14},
}

@article{xia2024enhancing,
  title={Enhancing cross-view geo-localization with domain alignment and scene consistency},
  author={Xia, Panwang and Wan, Yi and Zheng, Zhi and Zhang, Yongjun and Deng, Jiwei},
  journal={IEEE Transactions on Circuits and Systems for Video Technology},
  year={2024},
  volume={34},
  number={12},
  pages={1-12},
  publisher={IEEE}
}

@inproceedings{yang2024shallow,
  title={Shallow-Deep Collaborative Learning for Unsupervised Visible-Infrared Person Re-Identification},
  author={Yang, Bin and Chen, Jun and Ye, Mang},
  booktitle={Proceedings of the IEEE/CVF Conference on Computer Vision and Pattern Recognition},
  pages={16870-16879},
  year={2024}
}

@article{yin2023real,
  title={A real-time memory updating strategy for unsupervised person re-identification},
  author={Yin, Junhui and Zhang, Xinyu and Ma, Zhanyu and Guo, Jun and Liu, Yifan},
  journal={IEEE Transactions on Image Processing},
  volume={32},
  pages={2309-2321},
  year={2023},
  publisher={IEEE}
}

@inproceedings{zhai2017predicting,
  title={Predicting ground-level scene layout from aerial imagery},
  author={Zhai, Menghua and Bessinger, Zachary and Workman, Scott and Jacobs, Nathan},
  booktitle={Proceedings of the IEEE Conference on Computer Vision and Pattern Recognition},
  pages={867--875},
  year={2017}
}

@inproceedings{zhang2023cross,
  title={{C}ross-view geo-localization via learning disentangled geometric layout correspondence},
  author={Zhang, Xiaohan and Li, Xingyu and Sultani, Waqas and Zhou, Yi and Wshah, Safwan},
  booktitle={Proceedings of the AAAI Conference on Artificial Intelligence},
  volume={37},
  number={3},
  pages={3480-3488},
  year={2023}
}

@inproceedings{zheng2020university,
author = {Zheng, Zhedong and Wei, Yunchao and Yang, Yi},
title = {University-1652: {A} Multi-view Multi-source Benchmark for Drone-based Geo-localization},
year = {2020},
booktitle = {Proceedings of the ACM International Conference on Multimedia},
pages = {1395–1403},
}

@inproceedings{zhu2021vigor,
  title={Vigor: Cross-view image geo-localization beyond one-to-one retrieval},
  author={Zhu, Sijie and Yang, Taojiannan and Chen, Chen},
  booktitle={Proceedings of the IEEE/CVF Conference on Computer Vision and Pattern Recognition},
  pages={3640--3649},
  year={2021}
}

@inproceedings{zhu2022transgeo,
  title={{T}rans{G}eo: {T}ransformer is all you need for cross-view image geo-localization},
  author={Zhu, Sijie and Shah, Mubarak and Chen, Chen},           
  booktitle = { Proceedings of the IEEE/CVF Conference on Computer Vision and Pattern Recognition},
  year      = {2022},
  pages     = {1162-1171}
}

@article{zhu2023sues,
  title={{SUES}-200: {A} multi-height multi-scene cross-view image benchmark across drone and satellite},
  author={Zhu, Runzhe and Yin, Ling and Yang, Mingze and Wu, Fei and Yang, Yuncheng and Hu, Wenbo},
  journal={IEEE Transactions on Circuits and Systems for Video Technology},
  volume={33},
  number={9},
  pages={4825-4839},
  year={2023},
  publisher={IEEE}
}

