@String(PAMI = {IEEE Trans. Pattern Anal. Mach. Intell.})
@String(IJCV = {Int. J. Comput. Vis.})
@String(CVPR= {IEEE Conf. Comput. Vis. Pattern Recog.})
@String(ICCV= {Int. Conf. Comput. Vis.})
@String(ECCV= {Eur. Conf. Comput. Vis.})
@String(NIPS= {Adv. Neural Inform. Process. Syst.})
@String(ICPR = {Int. Conf. Pattern Recog.})
@String(BMVC= {Brit. Mach. Vis. Conf.})
@String(TOG= {ACM Trans. Graph.})
@String(TIP  = {IEEE Trans. Image Process.})
@String(TVCG  = {IEEE Trans. Vis. Comput. Graph.})
@String(TMM  = {IEEE Trans. Multimedia})
@String(ACMMM= {ACM Int. Conf. Multimedia})
@String(ICME = {Int. Conf. Multimedia and Expo})
@String(ICASSP=	{ICASSP})
@String(ICIP = {IEEE Int. Conf. Image Process.})
@String(ACCV  = {ACCV})
@String(ICLR = {Int. Conf. Learn. Represent.})
@String(IJCAI = {IJCAI})
@String(PR   = {Pattern Recognition})
@String(AAAI = {AAAI})
@String(CVPRW= {IEEE Conf. Comput. Vis. Pattern Recog. Worksh.})
@String(CSVT = {IEEE Trans. Circuit Syst. Video Technol.})

@String(SPL	= {IEEE Sign. Process. Letters})
@String(VR   = {Vis. Res.})
@String(JOV	 = {J. Vis.})
@String(TVC  = {The Vis. Comput.})
@String(JCST  = {J. Comput. Sci. Tech.})
@String(CGF  = {Comput. Graph. Forum})
@String(CVM = {Computational Visual Media})


@String(PAMI  = {IEEE TPAMI})
@String(IJCV  = {IJCV})
@String(CVPR  = {CVPR})
@String(ICCV  = {ICCV})
@String(ECCV  = {ECCV})
@String(NIPS  = {NeurIPS})
@String(ICPR  = {ICPR})
@String(BMVC  =	{BMVC})
@String(TOG   = {ACM TOG})
@String(TIP   = {IEEE TIP})
@String(TVCG  = {IEEE TVCG})
@String(TCSVT = {IEEE TCSVT})
@String(TMM   =	{IEEE TMM})
@String(ACMMM = {ACM MM})
@String(ICME  =	{ICME})
@String(ICASSP=	{ICASSP})
@String(ICIP  = {ICIP})
@String(ACCV  = {ACCV})
@String(ICLR  = {ICLR})
@String(IJCAI = {IJCAI})
@String(PR = {PR})
@String(AAAI = {AAAI})
@String(CVPRW= {CVPRW})
@String(CSVT = {IEEE TCSVT})



@misc{Authors14,
 author = {FirstName LastName},
 title = {The frobnicatable foo filter},
 note = {Face and Gesture submission ID 324. Supplied as supplemental material {\tt fg324.pdf}},
 year = 2014
}

@misc{Authors14b,
 author = {FirstName LastName},
 title = {Frobnication tutorial},
 note = {Supplied as supplemental material {\tt tr.pdf}},
 year = 2014
}

@article{Alpher02,
author = {FirstName Alpher},
title = {Frobnication},
journal = PAMI,
volume = 12,
number = 1,
pages = {234-778},
year = 2002
}

@article{Alpher03,
author = {FirstName Alpher and  FirstName Fotheringham-Smythe},
title = {Frobnication revisited},
journal = {Journal of Foo},
volume = 13,
number = 1,
pages = {234-778},
year = 2003
}

@article{Alpher04,
author = {FirstName Alpher and FirstName Fotheringham-Smythe and FirstName Gamow},
title = {Can a machine frobnicate?},
journal = {Journal of Foo},
volume = 14,
number = 1,
pages = {234-778},
year = 2004
}

@inproceedings{Alpher05,
author = {FirstName Alpher and FirstName Gamow},
title = {Can a computer frobnicate?},
booktitle = ICCV,
pages = {234-778},
year = 2005
}
@article{zhang2024geodtr+,
  title={{G}eo{DTR}+: {T}oward generic cross-view geolocalization via geometric disentanglement},
  author={Zhang, Xiaohan and Li, Xingyu and Sultani, Waqas and Chen, Chen and Wshah, Safwan},
  journal={IEEE Transactions on Pattern Analysis and Machine Intelligence},
  volume={46},
  number={12},
  pages={10419-10433},
  year={2024},
  publisher={IEEE}
}

@inproceedings{deuser2023sample4geo,
  title={Sample4{G}eo: {H}ard negative sampling for cross-view geo-localisation},
  author={Deuser, Fabian and Habel, Konrad and Oswald, Norbert},
  booktitle = {Proceedings of the IEEE/CVF International Conference on Computer Vision},
  year= {2023},
  pages= {16847-16856}
}

@article{shen2023mccg,
  title={{MCCG}: {A} convNeXt-based multiple-classifier method for cross-view geo-localization},
  author={Shen, Tianrui and Wei, Yingmei and Kang, Lai and Wan, Shanshan and Yang, Yee-Hong},
  journal={IEEE Transactions on Circuits and Systems for Video Technology},
  volume={34},
  number={3},
  pages={1456-1468},
  year={2023},
  publisher={IEEE}
}
@article{zhao2024transfg,
  title={{T}rans{FG}: {A} cross-view geo-localization of satellite and {UAV}s imagery pipeline using transformer-based feature aggregation and gradient guidance},
  author={Zhao, Hu and Ren, Keyan and Yue, Tianyi and Zhang, Chun and Yuan, Shuai},
  journal={IEEE Transactions on Geoscience and Remote Sensing},
  volume={62},
  number={},
  pages={1-12},
  year={2024},
  publisher={IEEE}
}
@article{chen2024sdpl,
  title={{SDPL}: {S}hifting-dense partition learning for {UAV}-view geo-localization},
  author={Chen, Quan and Wang, Tingyu and Yang, Zihao and Li, Haoran and Lu, Rongfeng and Sun, Yaoqi and Zheng, Bolun and Yan, Chenggang},
  journal={IEEE Transactions on Circuits and Systems for Video Technology}, 
  volume={34},
  number={11},
  pages={11810-11824},
  year={2024},
  publisher={IEEE}
}
@article{ge2024multibranch,
  title={Multibranch joint representation learning based on information fusion strategy for cross-view geo-localization},
  author={Ge, Fawei and Zhang, Yunzhou and Liu, Yixiu and Wang, Guiyuan and Coleman, Sonya and Kerr, Dermot and Wang, Li},
  journal={IEEE Transactions on Geoscience and Remote Sensing},
  volume={62},
  pages={1-16},
  year={2024},
  publisher={IEEE}
}
@article{long2017accurate,
  title={Accurate object localization in remote sensing images based on convolutional neural networks},
  author={Long, Yang and Gong, Yiping and Xiao, Zhifeng and Liu, Qing},
  journal={IEEE Transactions on Geoscience and Remote Sensing},
  volume={55},
  number={5},
  pages={2486-2498},
  year={2017},
  publisher={IEEE}
}
@article{humenberger2022investigating,
  title={Investigating the role of image retrieval for visual localization},
  author={Humenberger, Martin and Cabon, Yohann and Pion, No{\'e} and Weinzaepfel, Philippe and Lee, Donghwan and Gu{\'e}rin, Nicolas and Sattler, Torsten and Csurka, Gabriela},
  journal={International Journal of Computer Vision},
  volume={130},
  number={7},
  pages={1811-1836},
  year={2022},
  publisher={Springer}
}
@article{mcenroe2022survey,
  title={A survey on the convergence of edge computing and {AI} for {UAV}s: {O}pportunities and challenges},
  author={McEnroe, Patrick and Wang, Shen and Liyanage, Madhusanka},
  journal={IEEE Internet of Things Journal},
  volume={9},
  number={17},
  pages={15435-15459},
  year={2022},
  publisher={IEEE}
}
@article{lin2022joint,
  title={Joint representation learning and keypoint detection for cross-view geo-localization},
  author={Lin, Jinliang and Zheng, Zhedong and Zhong, Zhun and Luo, Zhiming and Li, Shaozi and Yang, Yi and Sebe, Nicu},
  journal={IEEE Transactions on Image Processing},
  volume={31},
  pages={3780-3792},
  year={2022},
  publisher={IEEE}
}
@article{ding2020practical,
  title={A practical cross-view image matching method between {UAV} and satellite for {UAV}-based geo-localization},
  author={Ding, Lirong and Zhou, Ji and Meng, Lingxuan and Long, Zhiyong},
  journal={Remote Sensing},
  volume={13},
  number={1-20},
  pages={47},
  year={2020},
  publisher={MDPI}
}
@article{wang2021each,
  title={Each part matters: {L}ocal patterns facilitate cross-view geo-localization},
  author={Wang, Tingyu and Zheng, Zhedong and Yan, Chenggang and Zhang, Jiyong and Sun, Yaoqi and Zheng, Bolun and Yang, Yi},
  journal={IEEE Transactions on Circuits and Systems for Video Technology},
  volume={32},
  number={2},
  pages={867-879},
  year={2021},
  publisher={IEEE}
}
@inproceedings{hu2022beyond,
  title={Beyond geo-localization: {F}ine-grained orientation of street-view images by cross-view matching with satellite imagery},
  author={Hu, Wenmiao and Zhang, Yichen and Liang, Yuxuan and Yin, Yifang and Georgescu, Andrei and Tran, An and Kruppa, Hannes and Ng, See-Kiong and Zimmermann, Roger},
  booktitle={ Proceedings of the ACM International Conference on Multimedia},
  pages={6155-6164},
  year={2022}
}
@inproceedings{zhu2022transgeo,
  title={{T}rans{G}eo: {T}ransformer is all you need for cross-view image geo-localization},
  author={Zhu, Sijie and Shah, Mubarak and Chen, Chen},           
  booktitle = { Proceedings of the IEEE/CVF Conference on Computer Vision and Pattern Recognition},
  year      = {2022},
  pages     = {1162-1171}
}
@article{yang2021cross,
  title={{C}ross-view geo-localization with layer-to-layer transformer},
  author={Yang, Hongji and Lu, Xiufan and Zhu, Yingying},
  journal={Advances in Neural Information Processing Systems},
  volume={34},
  pages={29009-29020},
  year={2021}
}
@inproceedings{shi2020optimal,
  title={Optimal feature transport for cross-view image geo-localization},
  author={Shi, Yujiao and Yu, Xin and Liu, Liu and Zhang, Tong and Li, Hongdong},
  booktitle={Proceedings of the Conference on Artificial Intelligence},
  volume={34},
  number={07},
  pages={11990-11997},
  year={2020}
}
@article{xia2024enhancing,
  title={Enhancing cross-view geo-localization with domain alignment and scene consistency},
  author={Xia, Panwang and Wan, Yi and Zheng, Zhi and Zhang, Yongjun and Deng, Jiwei},
  journal={IEEE Transactions on Circuits and Systems for Video Technology},
  year={2024},
  volume={34},
  number={12},
  pages={1-12},
  publisher={IEEE}
}
@article{tian2021uav,
  title={{UAV}-satellite view synthesis for cross-view geo-localization},
  author={Tian, Xiaoyang and Shao, Jie and Ouyang, Deqiang and Shen, Heng Tao},
  journal={IEEE Transactions on Circuits and Systems for Video Technology},
  volume={32},
  number={7},
  pages={4804-4815},
  year={2021},
  publisher={IEEE}
}

@article{dai2021transformer,
  title={A transformer-based feature segmentation and region alignment method for {UAV}-view geo-localization},
  author={Dai, Ming and Hu, Jianhong and Zhuang, Jiedong and Zheng, Enhui},
  journal={IEEE Transactions on Circuits and Systems for Video Technology},
  volume={32},
  number={7},
  pages={4376-4389},
  year={2021},
  publisher={IEEE}
}
@article{sun2023f3,
  title={F3-{N}et: {M}ultiview scene matching for drone-based geo-localization},
  author={Sun, Bo and Liu, Ganchao and Yuan, Yuan},
  journal={IEEE Transactions on Geoscience and Remote Sensing},
  volume={61},
  pages={1-11},
  year={2023},
  publisher={IEEE}
}

@inproceedings{liu2022convnet,
  title={A convNet for the 2020s},
  author={Liu, Zhuang and Mao, Hanzi and Wu, Chao-Yuan and Feichtenhofer, Christoph and Darrell, Trevor and Xie, Saining},
  booktitle = {Proceedings of IEEE/CVF Conference on Computer Vision and Pattern Recognition},
  year= {2022},
  pages = {11976-11986}

}
@article{du2024ccr,
  title={{CCR}: A counterfactual causal reasoning-based method for cross-view geo-localization},
  author={Du, Haolin and He, Jingfei and Zhao, Yuanqing},
  journal={IEEE Transactions on Circuits and Systems for Video Technology},
  year={2024},
  volume={34},
  number={11},
  pages={11630-11643},
}
@article{wu2024camp,
  title={{CAMP}: {A}cross-view geo-localization method using contrastive attributes mining and position-aware partitioning},
  author={Wu, Qiong and Wan, Yi and Zheng, Zhi and Zhang, Yongjun and Wang, Guangshuai and Zhao, Zhenyang},
  journal={IEEE Transactions on Geoscience and Remote Sensing},
  year={2024},
  volume={62},
  number={},
  pages={1-14},
}


@article{ge2024multi,
  title={Multilevel feedback joint representation learning network based on adaptive area elimination for cross-view geo-localization},
  author={Ge, Fawei and Zhang, Yunzhou and Wang, Li and Liu, Wei and Liu, Yixiu and Coleman, Sonya and Kerr, Dermot},
  journal={IEEE Transactions on Geoscience and Remote Sensing},
  year={2024},
  volume={62},
  number={},
  pages={1-15},
  publisher={IEEE}
}
@article{lv2024direction,
  title={Direction-guided multi-scale feature fusion network for geo-localization},
  author={Lv, Hongxiang and Zhu, Hai and Zhu, Runzhe and Wu, Fei and Wang, Chunyuan and Cai, Meiyu and Zhang, Kaiyu},
  journal={IEEE Transactions on Geoscience and Remote Sensing},
  year={2024},
  volume={62},
  number={},
  pages={1-13},
  publisher={IEEE}
}
@inproceedings{liu2021swin,
  title={{S}win transformer: {H}ierarchical vision transformer using shifted Windows},
  author={Liu, Ze and Lin, Yutong and Cao, Yue and Hu, Han and Wei, Yixuan and Zhang, Zheng and Lin, Stephen and Guo, Baining},
    booktitle = {IEEE/CVF International Conference on Computer Vision (ICCV)},
    year      = {2021},
    pages     = {10012-10022}
}
@inproceedings{zhang2024aligning,
  title={Aligning geometric spatial layout in cross-view geo-localization via feature recombination},
  author={Zhang, Qingwang and Zhu, Yingying},
  booktitle={Proceedings of the AAAI Conference on Artificial Intelligence (AAAI)},
  volume={38},
  number={7},
  pages={7251-7259},
  year={2024}
}
@inproceedings{tian2022smdt,
  title={{SMDT}: {C}ross-view geo-localization with image alignment and transformer},
  author={Tian, Xiaoyang and Shao, Jie and Ouyang, Deqiang and Zhu, Anjie and Chen, Feiyu},
  booktitle={2022 IEEE International Conference on Multimedia and Expo (ICME)},
  pages={1-6},
  year={2022},
  publisher={IEEE}
}
@article{shi2022accurate,
  title={Accurate 3-{D}o{F} camera geo-localization via ground-to-satellite image matching},
  author={Shi, Yujiao and Yu, Xin and Liu, Liu and Campbell, Dylan and Koniusz, Piotr and Li, Hongdong},
  journal={IEEE transactions on pattern analysis and machine intelligence},
  volume={45},
  number={3},
  pages={2682-2697},
  year={2022},
  publisher={IEEE}
}
@article{oord2018representation,
  title={Representation learning with contrastive predictive coding},
  author={Oord, Aaron van den and Li, Yazhe and Vinyals, Oriol},
  journal={arXiv preprint arXiv:1807.03748},
  year={2018}
}
@article{wang2024multiple,
  title={Multiple-environment self-adaptive network for aerial-view geo-localization},
  author={Wang, Tingyu and Zheng, Zhedong and Sun, Yaoqi and Yan, Chenggang and Yang, Yi and Chua, Tat-Seng},
  journal={Pattern Recognition},
  volume={152},
  pages={110363},
  year={2024},
  publisher={Elsevier}
}
@article{zhu2023sues,
  title={{SUES}-200: {A} multi-height multi-scene cross-view image benchmark across drone and satellite},
  author={Zhu, Runzhe and Yin, Ling and Yang, Mingze and Wu, Fei and Yang, Yuncheng and Hu, Wenbo},
  journal={IEEE Transactions on Circuits and Systems for Video Technology},
  volume={33},
  number={9},
  pages={4825-4839},
  year={2023},
  publisher={IEEE}
}

@inproceedings{zheng2020university,
author = {Zheng, Zhedong and Wei, Yunchao and Yang, Yi},
title = {University-1652: {A} Multi-view Multi-source Benchmark for Drone-based Geo-localization},
year = {2020},
booktitle = {Proceedings of the ACM International Conference on Multimedia},
pages = {1395–1403},
}




@article{dai2023vision,
  title={Vision-based {UAV} self-positioning in low-altitude urban environments},
  author={Dai, Ming and Zheng, Enhui and Feng, Zhenhua and Qi, Lei and Zhuang, Jiedong and Yang, Wankou},
  journal={IEEE Transactions on Image Processing},
  year={2024},
  volume={33},
  number={},
  pages={493-508},
  publisher={IEEE}
}
@inproceedings{liu2022swin,
  title={Swin transformer v2: {S}caling up capacity and resolution},
  author={Liu, Ze and Hu, Han and Lin, Yutong and Yao, Zhuliang and Xie, Zhenda and Wei, Yixuan and Ning, Jia and Cao, Yue and Zhang, Zheng and Dong, Li and others},
    booktitle = {IEEE/CVF Conference on Computer Vision and Pattern Recognition},
    year      = {2022},
    pages     = {12009-12019}
}
@article{van2008visualizing,
  title={{V}isualizing data using {t-SNE}.},
  author={Van der Maaten, Laurens and Hinton, Geoffrey},
  journal={Journal of Machine Learning Research},
  volume={9},
  number={11},
  pages={2579-2605},
  year={2008}
}




@INPROCEEDINGS{2019Lending,
  author={Liu, Liu and Li, Hongdong},
  booktitle={Proceedings of the IEEE/CVF Conference on Computer Vision and Pattern Recognition}, 
  title={Lending orientation to neural networks for cross-view geo-localization}, 
  year={2019},
  volume={},
  number={},
  pages={5617-5626}}




@article{cui2021cross,
  title={Cross-modality image matching network With modality-invariant feature representation for airborne-ground thermal infrared and visible datasets},
  author={Cui, Song and Ma, Ailong and Wan, Yuting and Zhong, Yanfei and Luo, Bin and Xu, Miaozhong},
  journal={IEEE Transactions on Geoscience and Remote Sensing},
  volume={60},
  pages={1-14},
  year={2021},
  publisher={IEEE}
}

@article{chen2024multi,
  title={Multi-Level Embedding and Alignment Network with Consistency and Invariance Learning for Cross-View Geo-Localization},
  author={Chen, Zhongwei and Yang, Zhao-Xu and Rong, Hai-Jun},
  journal={arXiv preprint arXiv:2412.14819},
  year={2024}
}
@article{DenseUAV,
  author={Dai, Ming and Zheng, Enhui and Feng, Zhenhua and Qi, Lei and Zhuang, Jiedong and Yang, Wankou},
  journal={IEEE Transactions on Image Processing},
  title={Vision-Based UAV Self-Positioning in Low-Altitude Urban Environments},
  year={2024},
  volume={33},
  number={},
  pages={493-508}
}

@article{yin2023real,
  title={A real-time memory updating strategy for unsupervised person re-identification},
  author={Yin, Junhui and Zhang, Xinyu and Ma, Zhanyu and Guo, Jun and Liu, Yifan},
  journal={IEEE Transactions on Image Processing},
  volume={32},
  pages={2309-2321},
  year={2023},
  publisher={IEEE}
}
@inproceedings{dai2022cluster,
  title={Cluster contrast for unsupervised person re-identification},
  author={Dai, Zuozhuo and Wang, Guangyuan and Yuan, Weihao and Zhu, Siyu and Tan, Ping},
  booktitle={Proceedings of the Asian Conference on Computer Vision},
  pages={1142-1160},
  year={2022}
}
@inproceedings{wu2018unsupervised,
  title={Unsupervised feature learning via non-parametric instance discrimination},
  author={Wu, Zhirong and Xiong, Yuanjun and Yu, Stella X and Lin, Dahua},
  booktitle={Proceedings of the IEEE Conference on Computer Vision and pattern recognition},
  pages={3733-3742},
  year={2018}
}
@article{fang2024source,
  title={Source-free unsupervised domain adaptation: A survey},
  author={Fang, Yuqi and Yap, Pew-Thian and Lin, Weili and Zhu, Hongtu and Liu, Mingxia},
  journal={Neural Networks},
  pages={106230},
  year={2024},
  publisher={Elsevier}
}
@inproceedings{chen2023unveiling,
  title={Unveiling the power of clip in unsupervised visible-infrared person re-identification},
  author={Chen, Zhong and Zhang, Zhizhong and Tan, Xin and Qu, Yanyun and Xie, Yuan},
  booktitle={Proceedings of the 31st ACM International Conference on Multimedia},
  pages={3667-3675},
  year={2023}
}

@inproceedings{Pang2024Cross,
  author={Pang, Zhiqi and Wang, Chunyu and Zhao, Lingling and Liu, Yang and Sharma, Gaurav},
  booktitle={IEEE Transactions on Circuits and Systems for Video Technology}, 
  title={Cross-Modality Hierarchical Clustering and Refinement for Unsupervised Visible-Infrared Person Re-Identification}, 
  year={2024},
  volume={34},
  number={4},
  pages={2706-2718},
  }
@inproceedings{Zheng_2021_ICCV,
    author    = {Zheng, Yi and Tang, Shixiang and Teng, Guolong and Ge, Yixiao and Liu, Kaijian and Qin, Jing and Qi, Donglian and Chen, Dapeng},
    title     = {Online Pseudo Label Generation by Hierarchical Cluster Dynamics for Adaptive Person Re-Identification},
    booktitle = {Proceedings of the IEEE/CVF International Conference on Computer Vision (ICCV)},
    year      = {2021},
    pages     = {8371-8381}
}
@InProceedings{Cho_2022_CVPR,
    author    = {Cho, Yoonki and Kim, Woo Jae and Hong, Seunghoon and Yoon, Sung-Eui},
    title     = {Part-Based Pseudo Label Refinement for Unsupervised Person Re-Identification},
    booktitle = {Proceedings of the IEEE/CVF Conference on Computer Vision and Pattern Recognition},
    year      = {2022},
    pages     = {7308-7318}
}
@inproceedings{sha2023rethinking,
  title={Rethinking Pseudo-Label-Based Unsupervised Person Re-ID with Hierarchical Prototype-based Graph},
  author={Sha, Ben and Li, Baopu and Chen, Tao and Fan, Jiayuan and Sheng, Tao},
  booktitle={Proceedings of the 31st ACM International Conference on Multimedia},
  pages={2090-2100},
  year={2023}
}
@InProceedings{Chen_2021_CVPR,
    author    = {Chen, Hao and Wang, Yaohui and Lagadec, Benoit and Dantcheva, Antitza and Bremond, Francois},
    title     = {Joint Generative and Contrastive Learning for Unsupervised Person Re-Identification},
    booktitle = {Proceedings of the IEEE/CVF Conference on Computer Vision and Pattern Recognition},
    year      = {2021},
    pages     = {2004-2013}
}
@article{Chen2023Learning,
  author={Chen, Hao and Wang, Yaohui and Lagadec, Benoit and Dantcheva, Antitza and Bremond, Francois},
  journal={IEEE Transactions on Pattern Analysis and Machine Intelligence}, 
  title={Learning Invariance From Generated Variance for Unsupervised Person Re-Identification}, 
  year={2023},
  volume={45},
  number={6},
  pages={7494-7508}}
@article{PHAM2024GAN-based,
title = {GAN-based data augmentation and pseudo-label refinement with holistic features for unsupervised domain adaptation person re-identification},
journal = {Knowledge-Based Systems},
volume = {288},
pages = {111471},
year = {2024},
issn = {0950-7051},
author = {Dang H. Pham and Anh D. Nguyen and Hoa N. Nguyen}
}
@article{goodfellow2014generative,
  title={Generative adversarial nets},
  author={Goodfellow, Ian and Pouget-Abadie, Jean and Mirza, Mehdi and Xu, Bing and Warde-Farley, David and Ozair, Sherjil and Courville, Aaron and Bengio, Yoshua},
  journal={Advances in Neural Information Processing Systems},
  volume={27},
  pages={2672–2680},
  year={2014},
}
@inproceedings{ester1996density,
  title={A density-based algorithm for discovering clusters in large spatial databases with noise},
  author={Ester, Martin and Kriegel, Hans-Peter and Sander, J{\"o}rg and Xu, Xiaowei and others},
  booktitle={Proceedings of the ACM SIGKDD International Conference on Knowledge Discovery and Data Mining},
  volume={96},
  number={34},
  pages={226-231},
  year={1996}
}
@inproceedings{macqueen1967some,
  title={Some methods for classification and analysis of multivariate observations},
  author={MacQueen, James and others},
  booktitle={Proceedings of the Fifth Berkeley Symposium on Mathematical Statistics and Probability},
  volume={1},
  number={14},
  pages={281-297},
  year={1967},
}
@InProceedings{Li_2024_CVPR,
    author    = {Li, Guopeng and Qian, Ming and Xia, Gui-Song},
    title     = {Unleashing Unlabeled Data: A Paradigm for Cross-View Geo-Localization},
    booktitle = {Proceedings of the IEEE/CVF Conference on Computer Vision and Pattern Recognition},
    year      = {2024},
    pages     = {16719-16729}
}
@inproceedings{adca,
  title={Augmented Dual-Contrastive Aggregation Learning for Unsupervised Visible-Infrared Person Re-Identification},
  author={Yang, Bin and Ye, Mang and Chen, Jun and Wu, Zesen},
  pages = {2843–2851},
  booktitle = {Proceedings of the ACM International Conference on Multimedia},
  year={2022}
}
@InProceedings{Hu_2018_CVPR,
author = {Hu, Sixing and Feng, Mengdan and Nguyen, Rang M. H. and Lee, Gim Hee},
title = {CVM-Net: Cross-View Matching Network for Image-Based Ground-to-Aerial Geo-Localization},
booktitle = {Proceedings of the IEEE Conference on Computer Vision and Pattern Recognition},
pages = {7258-7267},
year = {2018}
}
@inproceedings{zhang2023cross,
  title={{C}ross-view geo-localization via learning disentangled geometric layout correspondence},
  author={Zhang, Xiaohan and Li, Xingyu and Sultani, Waqas and Zhou, Yi and Wshah, Safwan},
  booktitle={Proceedings of the AAAI Conference on Artificial Intelligence},
  volume={37},
  number={3},
  pages={3480-3488},
  year={2023}
}
@InProceedings{Zhu_2017_ICCV,
author = {Zhu, Jun-Yan and Park, Taesung and Isola, Phillip and Efros, Alexei A.},
title = {Unpaired Image-To-Image Translation Using Cycle-Consistent Adversarial Networks},
booktitle = {Proceedings of the IEEE International Conference on Computer Vision},
year = {2017}
}
@inproceedings{yang2024shallow,
  title={Shallow-Deep Collaborative Learning for Unsupervised Visible-Infrared Person Re-Identification},
  author={Yang, Bin and Chen, Jun and Ye, Mang},
  booktitle={Proceedings of the IEEE/CVF Conference on Computer Vision and Pattern Recognition},
  pages={16870-16879},
  year={2024}
}


@article{asano2019self,
  title={Self-labelling via simultaneous clustering and representation learning},
  author={Asano, Yuki Markus and Rupprecht, Christian and Vedaldi, Andrea},
  journal={arXiv preprint arXiv:1911.05371},
  year={2019}
}
@inproceedings{li2021prototypical,
  title={Prototypical contrastive learning of unsupervised representations (2020)},
  author={Li, Junnan and Zhou, Pan and Xiong, Caiming and Hoi, Steven CH},
  booktitle={Proceedings of the Ninth International Conference on Learning Representations: ICLR},
  pages={4-8},
  year={2021}
}
@InProceedings{He_2020_CVPR,
author = {He, Kaiming and Fan, Haoqi and Wu, Yuxin and Xie, Saining and Girshick, Ross},
title = {Momentum Contrast for Unsupervised Visual Representation Learning},
booktitle = {Proceedings of the IEEE/CVF Conference on Computer Vision and Pattern Recognition},
year = {2020},
pages = {9729-9738}
}
@InProceedings{Wu_2018_CVPR,
author = {Wu, Zhirong and Xiong, Yuanjun and Yu, Stella X. and Lin, Dahua},
title = {Unsupervised Feature Learning via Non-Parametric Instance Discrimination},
booktitle = {Proceedings of the IEEE Conference on Computer Vision and Pattern Recognition},
year = {2018}
}
@article{bachman2019learning,
  title={Learning representations by maximizing mutual information across views},
  author={Bachman, Philip and Hjelm, R Devon and Buchwalter, William},
  journal={Advances in Neural Information Processing Systems},
  volume={32},
  year={2019}
}
@inproceedings{chen2020simple,
  title={A simple framework for contrastive learning of visual representations},
  author={Chen, Ting and Kornblith, Simon and Norouzi, Mohammad and Hinton, Geoffrey},
  booktitle={International conference on machine learning},
  pages={1597-1607},
  year={2020},
  organization={PMLR}
}
@InProceedings{Yang_2023_ICCV,
    author    = {Yang, Bin and Chen, Jun and Ye, Mang},
    title     = {Towards Grand Unified Representation Learning for Unsupervised Visible-Infrared Person Re-Identification},
    booktitle = {Proceedings of the IEEE/CVF International Conference on Computer Vision},
    year      = {2023},
    pages     = {11069-11079}
}
@article{yang2023dual,
  title={Dual Consistency-Constrained Learning for Unsupervised Visible-Infrared Person Re-Identification},
  author={Yang, Bin and Chen, Jun and Chen, Cuiqun and Ye, Mang},
  journal={IEEE Transactions on Information Forensics and Security},
  year={2023},
  publisher={IEEE}
}
@inproceedings{hu2022feature,
  title={Feature Representation Learning for Unsupervised Cross-domain Image Retrieval},
  author={Hu, Conghui and Lee, Gim Hee},
  booktitle={Proceedings of the European Conference on Computer Vision (ECCV)},
  year={2022}}

@inproceedings{deng2009imagenet,
  title={Imagenet: A large-scale hierarchical image database},
  author={Deng, Jia and Dong, Wei and Socher, Richard and Li, Li-Jia and Li, Kai and Fei-Fei, Li},
  booktitle={Proceedings of the IEEE Conference on Computer Vision and Pattern Recognition},
  pages={248-255},
  year={2009}
}
@InProceedings{Wei_2018_CVPR,
author = {Wei, Longhui and Zhang, Shiliang and Gao, Wen and Tian, Qi},
title = {Person Transfer GAN to Bridge Domain Gap for Person Re-Identification},
booktitle = {Proceedings of the IEEE Conference on Computer Vision and Pattern Recognition},
year = {2018}
}
@article{zheng2017discriminatively,
  title={A discriminatively learned cnn embedding for person reidentification},
  author={Zheng, Zhedong and Zheng, Liang and Yang, Yi},
  journal={ACM Transactions on Multimedia Computing, Communications, and Applications},
  volume={14},
  number={1},
  pages={1-20},
  year={2017},
}
@article{sun2014deep,
  title={Deep learning face representation by joint identification-verification},
  author={Sun, Yi and Chen, Yuheng and Wang, Xiaogang and Tang, Xiaoou},
  journal={Advances in Neural Information Processing Systems},
  volume={27},
  pages={1988-1996},
  year={2014}
}
@inproceedings{zheng2015scalable,
  title={Scalable person re-identification: A benchmark},
  author={Zheng, Liang and Shen, Liyue and Tian, Lu and Wang, Shengjin and Wang, Jingdong and Tian, Qi},
  booktitle={Proceedings of the IEEE International Conference on Computer Vision},
  pages={1116-1124},
  year={2015}
}
@InProceedings{Wu_2023_CVPR,
    author    = {Wu, Zesen and Ye, Mang},
    title     = {Unsupervised Visible-Infrared Person Re-Identification via Progressive Graph Matching and Alternate Learning},
    booktitle = {Proceedings of the IEEE/CVF Conference on Computer Vision and Pattern Recognition},
    year      = {2023},
    pages     = {9548-9558}
}

@InProceedings{Cai_2019_ICCV,
author = {Cai, Sudong and Guo, Yulan and Khan, Salman and Hu, Jiwei and Wen, Gongjian},
title = {Ground-to-Aerial Image Geo-Localization With a Hard Exemplar Reweighting Triplet Loss},
booktitle = {Proceedings of the IEEE/CVF International Conference on Computer Vision (ICCV)},
year = {2019},
pages= {8391-8400}
}
@InProceedings{Qian_2023_ICCV,
    author    = {Qian, Ming and Xiong, Jincheng and Xia, Gui-Song and Xue, Nan},
    title     = {Sat2Density: Faithful Density Learning from Satellite-Ground Image Pairs},
    booktitle = {Proceedings of the IEEE/CVF International Conference on Computer Vision (ICCV)},
    year      = {2023},
    pages     = {3683-3692}
}
@InProceedings{Shi_2020_CVPR,
author = {Shi, Yujiao and Yu, Xin and Campbell, Dylan and Li, Hongdong},
title = {Where Am I Looking At? Joint Location and Orientation Estimation by Cross-View Matching},
booktitle = {Proceedings of the IEEE/CVF Conference on Computer Vision and Pattern Recognition},
year = {2020},
pages ={4064-4072}
}

@inproceedings{Hu,
author = {Hu, Wenmiao and Zhang, Yichen and Liang, Yuxuan and Yin, Yifang and Georgescu, Andrei and Tran, An and Kruppa, Hannes and Ng, See-Kiong and Zimmermann, Roger},
title = {Beyond Geo-localization: Fine-grained Orientation of Street-view Images by Cross-view Matching with Satellite Imagery},
year = {2022},
booktitle = {Proceedings of the ACM International Conference on Multimedia},
pages = {6155–6164},
numpages = {10}
}
@InProceedings{Liu_2019_CVPR,
author = {Liu, Liu and Li, Hongdong},
title = {Lending Orientation to Neural Networks for Cross-View Geo-Localization},
booktitle = {Proceedings of the IEEE/CVF Conference on Computer Vision and Pattern Recognition},
pages = {5624–5633},
year = {2019}
}
@InProceedings{Shi_Yu_Liu_Zhang_Li_2020, 
title={Optimal Feature Transport for Cross-View Image Geo-Localization}, 
volume={34},
booktitle={Proceedings of the AAAI Conference on Artificial Intelligence}, 
author={Shi, Yujiao and Yu, Xin and Liu, Liu and Zhang, Tong and Li, Hongdong}, 
year={2020}, 
pages={11990-11997} }
@article{ji2024game4loc,
    title  = {Game4Loc: A UAV Geo-Localization Benchmark from Game Data},
    author = {Ji, Yuxiang and He, Boyong and Tan, Zhuoyue and Wu, Liaoni},
    journal= {arXiv preprint arXiv:2409.16925},
    year   = {2024},
}

@InProceedings{Baldrati_2022_CVPR,
    author    = {Baldrati, Alberto and Bertini, Marco and Uricchio, Tiberio and Del Bimbo, Alberto},
    title     = {Effective Conditioned and Composed Image Retrieval Combining CLIP-Based Features},
    booktitle = {Proceedings of the IEEE/CVF Conference on Computer Vision and Pattern Recognition},
    year      = {2022},
    pages     = {21466-21474}
}
@InProceedings{Chen,
author="Chen, Yanbei
and Bazzani, Loris",
title="Learning Joint Visual Semantic Matching Embeddings for Language-Guided Retrieval",
booktitle=" Proceedings of the European Conference on Computer Vision (ECCV)",
year="2020",
pages="136-152",
}
@InProceedings{Zhang_2023_CVPR,
    author    = {Zhang, Yukang and Wang, Hanzi},
    title     = {Diverse Embedding Expansion Network and Low-Light Cross-Modality Benchmark for Visible-Infrared Person Re-Identification},
    booktitle = {Proceedings of the IEEE/CVF Conference on Computer Vision and Pattern Recognition},
    year      = {2023},
    pages     = {2153-2162}
}

@article{yang2023translation,
  title={Translation, association and augmentation: Learning cross-modality re-identification from single-modality annotation},
  author={Yang, Bin and Chen, Jun and Ma, Xianzheng and Ye, Mang},
  journal={IEEE Transactions on Image Processing},
  volume={32},
  pages={5099-5113},
  year={2023},
  publisher={IEEE}
}
@InProceedings{Xu_2023_ICCV,
    author    = {Xu, Peng and Zhu, Xiatian},
    title     = {DeepChange: A Long-Term Person Re-Identification Benchmark with Clothes Change},
    booktitle = {Proceedings of the IEEE/CVF International Conference on Computer Vision (ICCV)},
    year      = {2023},
    pages     = {11196-11205}
}
@InProceedings{Fang_2023_ICCV,
    author    = {Fang, Xingye and Yang, Yang and Fu, Ying},
    title     = {Visible-Infrared Person Re-Identification via Semantic Alignment and Affinity Inference},
    booktitle = {Proceedings of the IEEE/CVF International Conference on Computer Vision (ICCV)},
    year      = {2023},
    pages     = {11270-11279}
}


@article{caron2020unsupervised,
  title={Unsupervised learning of visual features by contrasting cluster assignments},
  author={Caron, Mathilde and Misra, Ishan and Mairal, Julien and Goyal, Priya and Bojanowski, Piotr and Joulin, Armand},
  journal={Advances in Neural Information Processing Systems},
  volume={33},
  pages={9912-9924},
  year={2020},
}



@InProceedings{Caron_2018_ECCV,
author = {Caron, Mathilde and Bojanowski, Piotr and Joulin, Armand and Douze, Matthijs},
title = {Deep Clustering for Unsupervised Learning of Visual Features},
booktitle = {Proceedings of the European Conference on Computer Vision (ECCV)},
pages = {132-149},
year = {2018}
}




@inproceedings{yang2022augmented,
  title={Augmented dual-contrastive aggregation learning for unsupervised visible-infrared person re-identification},
  author={Yang, Bin and Ye, Mang and Chen, Jun and Wu, Zesen},
  booktitle={Proceedings of the ACM International Conference on Multimedia},
  pages={2843-2851},
  year={2022}
}

@inproceedings{zhong2020random,
  title={Random erasing data augmentation},
  author={Zhong, Zhun and Zheng, Liang and Kang, Guoliang and Li, Shaozi and Yang, Yi},
  booktitle={Proceedings of the AAAI conference on artificial intelligence (AAAI)},
  volume={34},
  number={07},
  pages={13001-13008},
  year={2020}
}

@InProceedings{Liu_Multi,
    author    = {Liu, Shuai and Li, Xin and Lu, Huchuan and He, You},
    title     = {Multi-Object Tracking Meets Moving UAV},
    booktitle = {Proceedings of the IEEE/CVF Conference on Computer Vision and Pattern Recognition},
    year      = {2022},
    pages     = {8876-8885}
}
@InProceedings{Li_PVT++,
    author    = {Li, Bowen and Huang, Ziyuan and Ye, Junjie and Li, Yiming and Scherer, Sebastian and Zhao, Hang and Fu, Changhong},
    title     = {PVT++: A Simple End-to-End Latency-Aware Visual Tracking Framework},
    booktitle = {Proceedings of the IEEE/CVF International Conference on Computer Vision (ICCV)},
    year      = {2023},
    pages     = {10006-10016}
}
@inproceedings{regmi2019bridging,
  title={Bridging the domain gap for ground-to-aerial image matching},
  author={Regmi, Krishna and Shah, Mubarak},
  booktitle={Proceedings of the IEEE/CVF International Conference on Computer Vision (ICCV)},
  pages={470-479},
  year={2019}
}
@InProceedings{Toker_2021_CVPR,
    author    = {Toker, Aysim and Zhou, Qunjie and Maximov, Maxim and Leal-Taixe, Laura},
    title     = {Coming Down to Earth: Satellite-to-Street View Synthesis for Geo-Localization},
    booktitle = {Proceedings of the IEEE/CVF Conference on Computer Vision and Pattern Recognition},
    year      = {2021},
    pages     = {6488-6497}
}
@inproceedings{shi2019spatial,
  title={Spatial-aware feature aggregation for image based cross-view geo-localization},
  author={Shi, Yujiao and Liu, Liu and Yu, Xin and Li, Hongdong},
  booktitle={Advances in Neural Information Processing Systems},
  pages= {10090–10100},
  year={2019}
}
@ARTICLE{10601183,
  author={Ahn, Woo-Jin and Park, So-Yeon and Pae, Dong-Sung and Choi, Hyun-Duck and Lim, Myo-Taeg},
  journal={IEEE Transactions on Geoscience and Remote Sensing}, 
  title={Bridging Viewpoints in Cross-View Geo-Localization With Siamese Vision Transformer}, 
  year={2024},
  volume={62},
  number={},
  pages={1-12},
  }
@ARTICLE{10483064,
  author={Sun, Jian and Sun, Hao and Lei, Lin and Ji, Kefeng and Kuang, Gangyao},
  journal={IEEE Transactions on Circuits and Systems for Video Technology}, 
  title={TirSA: A Three Stage Approach for UAV-Satellite Cross-View Geo-Localization Based on Self-Supervised Feature Enhancement}, 
  year={2024},
  volume={34},
  number={9},
  pages={7882-7895},
 }

@InProceedings{Chen_2021_ICCV,
    author    = {Chen, Hao and Lagadec, Benoit and Bremond, Fran\c{c}ois},
    title     = {ICE: Inter-Instance Contrastive Encoding for Unsupervised Person Re-Identification},
    booktitle = {Proceedings of the IEEE/CVF International Conference on Computer Vision (ICCV)},
    year      = {2021},
    pages     = {14960-14969}
}

@InProceedings{Xuan_2021_CVPR,
    author    = {Xuan, Shiyu and Zhang, Shiliang},
    title     = {Intra-Inter Camera Similarity for Unsupervised Person Re-Identification},
    booktitle = {Proceedings of the IEEE/CVF Conference on Computer Vision and Pattern Recognition},
    year      = {2021},
    pages     = {11926-11935}
}
@inproceedings{arandjelovic2016netvlad,
  title={NetVLAD: CNN architecture for weakly supervised place recognition},
  author={Arandjelovic, Relja and Gronat, Petr and Torii, Akihiko and Pajdla, Tomas and Sivic, Josef},
  booktitle={Proceedings of the IEEE Conference on Computer Vision and pattern recognition},
  pages={5297--5307},
  year={2016}
}
@inproceedings{zhai2017predicting,
  title={Predicting ground-level scene layout from aerial imagery},
  author={Zhai, Menghua and Bessinger, Zachary and Workman, Scott and Jacobs, Nathan},
  booktitle={Proceedings of the IEEE Conference on Computer Vision and Pattern Recognition},
  pages={867--875},
  year={2017}
}
@inproceedings{zhu2021vigor,
  title={Vigor: Cross-view image geo-localization beyond one-to-one retrieval},
  author={Zhu, Sijie and Yang, Taojiannan and Chen, Chen},
  booktitle={Proceedings of the IEEE/CVF Conference on Computer Vision and Pattern Recognition},
  pages={3640--3649},
  year={2021}
}

@ARTICLE{li2024learning,
  author={Li, Haoyuan and Xu, Chang and Yang, Wen and Yu, Huai and Xia, Gui-Song},
  journal={IEEE Transactions on Geoscience and Remote Sensing}, 
  title={Learning Cross-View Visual Geo-Localization Without Ground Truth}, 
  year={2024},
  volume={62},
  number={},
  pages={1-17}
}
@article{oquab2023dinov2,
  title={Dinov2: Learning robust visual features without supervision},
  author={Oquab, Maxime and Darcet, Timoth{\'e}e and Moutakanni, Th{\'e}o and Vo, Huy and Szafraniec, Marc and Khalidov, Vasil and Fernandez, Pierre and Haziza, Daniel and Massa, Francisco and El-Nouby, Alaaeldin and others},
  journal={arXiv preprint arXiv:2304.07193},
  year={2023}
}
@inproceedings{radford2021learning,
  title={Learning transferable visual models from natural language supervision},
  author={Radford, Alec and Kim, Jong Wook and Hallacy, Chris and Ramesh, Aditya and Goh, Gabriel and Agarwal, Sandhini and Sastry, Girish and Askell, Amanda and Mishkin, Pamela and Clark, Jack and others},
  booktitle={International Conference on Machine Learning},
  pages={8748--8763},
  year={2021},
}
@article{chen2025limited,
  title={From Limited Labels to Open Domains: An Efficient Learning Paradigm for UAV-view Geo-Localization},
  author={Chen, Zhongwei and Yang, Zhao-Xu and Rong, Hai-Jun and Lang, Jiawei},
  journal={arXiv preprint arXiv:2503.07520},
  year={2025}
}
@inproceedings{chen2021ice,
  title={Ice: Inter-instance contrastive encoding for unsupervised person re-identification},
  author={Chen, Hao and Lagadec, Benoit and Bremond, Francois},
  booktitle={Proceedings of the IEEE/CVF International Conference on Computer Vision},
  pages={14960--14969},
  year={2021}
}
@inproceedings{wang2022optimal,
  title={Optimal transport for label-efficient visible-infrared person re-identification},
  author={Wang, Jiangming and Zhang, Zhizhong and Chen, Mingang and Zhang, Yi and Wang, Cong and Sheng, Bin and Qu, Yanyun and Xie, Yuan},
  booktitle={Proceedings of the European Conference on Computer Vision},
  pages={93--109},
  year={2022}
}
@ARTICLE{10882953,
  author={Ye, Mang and Wu, Zesen and Du, Bo},
  journal={IEEE Transactions on Pattern Analysis and Machine Intelligence}, 
  title={Dual-Level Matching with Outlier Filtering for Unsupervised Visible-Infrared Person Re-Identification}, 
  year={2025},
  volume={},
  number={},
  pages={1-14}}

@inproceedings{cheng2023efficient,
  title={Efficient bilateral cross-modality cluster matching for unsupervised visible-infrared person reid},
  author={Cheng, De and He, Lingfeng and Wang, Nannan and Zhang, Shizhou and Wang, Zhen and Gao, Xinbo},
  booktitle={Proceedings of the ACM International Conference on Multimedia},
  pages={1325--1333},
  year={2023}
}
@ARTICLE{9840394,
  author={Zhang, Hongwei and Zhang, Guoqing and Chen, Yuhao and Zheng, Yuhui},
  journal={IEEE Transactions on Circuits and Systems for Video Technology}, 
  title={Global Relation-Aware Contrast Learning for Unsupervised Person Re-Identification}, 
  year={2022},
  volume={32},
  number={12},
  pages={8599-8610}}
@ARTICLE{10721605,
  author={Lu, Hengjie and Gao, Yilin and Xu, Shugong},
  journal={IEEE Transactions on Circuits and Systems for Video Technology}, 
  title={FLAG: A Framework With Explicit Learning Based on Appearance and Gait for Video-Based Clothes-Changing Person Re-Identification}, 
  year={2025},
  volume={35},
  number={2},
  pages={1801-1813}}
@ARTICLE{10703072,
  author={Zhang, Xinyu and Zhang, Peng and Shan, Caifeng},
  journal={IEEE Transactions on Circuits and Systems for Video Technology}, 
  title={Corruption-Invariant Person Re-Identification via Coarse-to-Fine Feature Alignment}, 
  year={2025},
  volume={35},
  number={2},
  pages={1084-1097}}
@ARTICLE{9585547,
  author={Eom, Chanho and Lee, Wonkyung and Lee, Geon and Ham, Bumsub},
  journal={IEEE Transactions on Pattern Analysis and Machine Intelligence}, 
  title={Disentangled Representations for Short-Term and Long-Term Person Re-Identification}, 
  year={2022},
  volume={44},
  number={12},
  pages={8975-8991}}
