@ARTICLE{10716597,
  author={Gao, Hui and Cao, Ruohan and Xu, Wenjun and Yuan, Caixia and Chen, Hsiao-Hwa},
  journal={IEEE Wireless Communications}, 
  title={{Space-Air-Ground Integrated Networks with Task-Driven Connected Intelligence}}, 
  year={2024},
  volume={},
  number={},
  pages={1-8},
  keywords={Sensors;Space-air-ground integrated networks;Semantics;Robot sensing systems;Satellites;Intelligent agents;Decision making;Oceans;Market research;Information processing},
  doi={10.1109/MWC.006.2400132}}

@article{Muro2024,
title={A 5G NTN Emulation Platform for VNF Orchestration: Design, Development, and Evaluation},
author={Francisco Muro and Eduardo Baena and Tomaso de Cola and Sergio Fortes and Raquel Barco},
journal={IEEE Open Journal of Communications},
year={2024},
doi={10.1109/OJCOMS.2024.011100}
}

@article{cui2022architecture,
  title={{Space-air-ground integrated network (SAGIN) for 6G: Requirements, architecture and challenges}},
  author={Cui, Huanxi and Zhang, Jun and Geng, Yuhui and Xiao, Zhenyu and Sun, Tao and Zhang, Ning and Liu, Jiajia and Wu, Qihui and Cao, Xianbin},
  journal={China Communications},
  volume={February},
  pages={90--102},
  year={2022},
  publisher={China Communications Magazine Co., Ltd}
}

@ARTICLE{oranntn2025,
  author={Mahboob, Shadab and Dai, Jiongyu and Soysal, Alkan and Liu, Lingjia},
  journal={IEEE Communications Magazine}, 
  title={{Transforming Future 6G Networks via O-RAN-Empowered NTNs}}, 
  year={2025},
  volume={},
  number={},
  pages={1-7},
  keywords={Open RAN;Satellites;Payloads;6G mobile communication;Propagation delay;Artificial intelligence;Computer architecture;Resource management;Low earth orbit satellites;Delays},
  doi={10.1109/MCOM.001.2400104}}

@misc{seeram2024feasibilitystudyfunctionsplits,
      title={{Feasibility Study of Function Splits in RAN Architectures with LEO Satellites}}, 
      author={{Siva Satya Sri Ganesh Seeram and Luca Feltrin and Mustafa Ozger and Shuai Zhang and Cicek Cavdar}},
      year={2024},
      eprint={2404.09186},
      archivePrefix={arXiv},
      primaryClass={cs.NI},
      url={https://arxiv.org/abs/2404.09186}, 
}

