@inproceedings{chen2017reading,
    title = "Reading {W}ikipedia to Answer Open-Domain Questions",
    author = "Chen, Danqi  and
      Fisch, Adam  and
      Weston, Jason  and
      Bordes, Antoine",
    editor = "Barzilay, Regina  and
      Kan, Min-Yen",
    booktitle = "Proceedings of the 55th Annual Meeting of the Association for Computational Linguistics (Volume 1: Long Papers)",
    month = jul,
    year = "2017",
    address = "Vancouver, Canada",
    publisher = "Association for Computational Linguistics",
    url = "https://aclanthology.org/P17-1171",
    doi = "10.18653/v1/P17-1171",
    pages = "1870--1879",
}

@inproceedings{ding2015deep,
  title={Deep learning for event-driven stock prediction},
  author={Ding, Xiao and Zhang, Yue and Liu, Ting and Duan, Junwen},
  booktitle={Twenty-fourth international joint conference on artificial intelligence},
  year={2015}
}

@inproceedings{fan2024survey,
  title={A survey on rag meeting llms: Towards retrieval-augmented large language models},
  author={Fan, Wenqi and Ding, Yujuan and Ning, Liangbo and Wang, Shijie and Li, Hengyun and Yin, Dawei and Chua, Tat-Seng and Li, Qing},
  booktitle={Proceedings of the 30th ACM SIGKDD Conference on Knowledge Discovery and Data Mining},
  pages={6491--6501},
  year={2024}
}

@article{feng2018enhancing,
  title={Enhancing stock movement prediction with adversarial training},
  author={Feng, Fuli and Chen, Huimin and He, Xiangnan and Ding, Ji and Sun, Maosong and Chua, Tat-Seng},
  journal={arXiv preprint arXiv:1810.09936},
  year={2018}
}

@inproceedings{izacard2021leveraging,
  title={Leveraging Passage Retrieval with Generative Models for Open Domain Question Answering},
  author={Izacard, Gautier and Grave, {\'E}douard},
  booktitle={Proceedings of the 16th Conference of the European Chapter of the Association for Computational Linguistics: Main Volume},
  pages={874--880},
  year={2021}
}

@inproceedings{jiang2023active,
    title = "Active Retrieval Augmented Generation",
    author = "Jiang, Zhengbao  and
      Xu, Frank  and
      Gao, Luyu  and
      Sun, Zhiqing  and
      Liu, Qian  and
      Dwivedi-Yu, Jane  and
      Yang, Yiming  and
      Callan, Jamie  and
      Neubig, Graham",
    editor = "Bouamor, Houda  and
      Pino, Juan  and
      Bali, Kalika",
    booktitle = "Proceedings of the 2023 Conference on Empirical Methods in Natural Language Processing",
    month = dec,
    year = "2023",
    address = "Singapore",
    publisher = "Association for Computational Linguistics",
    url = "https://aclanthology.org/2023.emnlp-main.495",
    doi = "10.18653/v1/2023.emnlp-main.495",
    pages = "7969--7992",
}

@article{jin2023time,
  title={Time-llm: Time series forecasting by reprogramming large language models},
  author={Jin, Ming and Wang, Shiyu and Ma, Lintao and Chu, Zhixuan and Zhang, James Y and Shi, Xiaoming and Chen, Pin-Yu and Liang, Yuxuan and Li, Yuan-Fang and Pan, Shirui and others},
  journal={arXiv preprint arXiv:2310.01728},
  year={2023}
}

@inproceedings{li2023mot,
  title={MoT: Memory-of-Thought Enables ChatGPT to Self-Improve},
  author={Li, Xiaonan and Qiu, Xipeng},
  booktitle={Proceedings of the 2023 Conference on Empirical Methods in Natural Language Processing},
  pages={6354--6374},
  year={2023}
}

@inproceedings{liu2018hierarchical,
  title={Hierarchical complementary attention network for predicting stock price movements with news},
  author={Liu, Qikai and Cheng, Xiang and Su, Sen and Zhu, Shuguang},
  booktitle={Proceedings of the 27th ACM International Conference on Information and Knowledge Management},
  pages={1603--1606},
  year={2018}
}

@article{liu2024timecma,
  title={TimeCMA: Towards LLM-Empowered Time Series Forecasting via Cross-Modality Alignment},
  author={Liu, Chenxi and Xu, Qianxiong and Miao, Hao and Yang, Sun and Zhang, Lingzheng and Long, Cheng and Li, Ziyue and Zhao, Rui},
  journal={arXiv preprint arXiv:2406.01638},
  year={2024}
}

@inproceedings{ludynamic,
  title={Dynamic Prompt Learning via Policy Gradient for Semi-structured Mathematical Reasoning},
  author={Lu, Pan and Qiu, Liang and Chang, Kai-Wei and Wu, Ying Nian and Zhu, Song-Chun and Rajpurohit, Tanmay and Clark, Peter and Kalyan, Ashwin},
  booktitle={The Eleventh International Conference on Learning Representations},
  year={2023}
}

@inproceedings{milios2023context,
  title={In-context learning for text classification with many labels},
  author={Milios, Aristides and Reddy, Siva and Bahdanau, Dzmitry},
  booktitle={Proceedings of the 1st GenBench Workshop on (Benchmarking) Generalisation in NLP},
  pages={173--184},
  year={2023}
}

@inproceedings{pan2024s,
  title={$ S\^{} 2$ IP-LLM: Semantic Space Informed Prompt Learning with LLM for Time Series Forecasting},
  author={Pan, Zijie and Jiang, Yushan and Garg, Sahil and Schneider, Anderson and Nevmyvaka, Yuriy and Song, Dongjin},
  booktitle={Forty-first International Conference on Machine Learning},
  year={2024}
}

@inproceedings{poesiasynchromesh,
  title={Synchromesh: Reliable Code Generation from Pre-trained Language Models},
  author={Poesia, Gabriel and Polozov, Alex and Le, Vu and Tiwari, Ashish and Soares, Gustavo and Meek, Christopher and Gulwani, Sumit},
  booktitle={International Conference on Learning Representations},
  year={2022}
}

@article{qin2017dual,
  title={A dual-stage attention-based recurrent neural network for time series prediction},
  author={Qin, Yao and Song, Dongjin and Chen, Haifeng and Cheng, Wei and Jiang, Guofei and Cottrell, Garrison},
  journal={arXiv preprint arXiv:1704.02971},
  year={2017}
}

@article{ram2023context,
    title = "In-Context Retrieval-Augmented Language Models",
    author = "Ram, Ori  and
      Levine, Yoav  and
      Dalmedigos, Itay  and
      Muhlgay, Dor  and
      Shashua, Amnon  and
      Leyton-Brown, Kevin  and
      Shoham, Yoav",
    journal = "Transactions of the Association for Computational Linguistics",
    volume = "11",
    year = "2023",
    address = "Cambridge, MA",
    publisher = "MIT Press",
    url = "https://aclanthology.org/2023.tacl-1.75",
    doi = "10.1162/tacl_a_00605",
    pages = "1316--1331",
}

@inproceedings{rubin2022learning,
  title={Learning To Retrieve Prompts for In-Context Learning},
  author={Rubin, Ohad and Herzig, Jonathan and Berant, Jonathan},
  booktitle={Proceedings of the 2022 Conference of the North American Chapter of the Association for Computational Linguistics: Human Language Technologies},
  pages={2655--2671},
  year={2022}
}

@inproceedings{wu2018hybrid,
  title={Hybrid deep sequential modeling for social text-driven stock prediction},
  author={Wu, Huizhe and Zhang, Wei and Shen, Weiwei and Wang, Jun},
  booktitle={Proceedings of the 27th ACM international conference on information and knowledge management},
  pages={1627--1630},
  year={2018}
}

@article{xie2023pixiu,
  title={PIXIU: A Large Language Model, Instruction Data and Evaluation Benchmark for Finance},
  author={Xie, Qianqian and Han, Weiguang and Zhang, Xiao and Lai, Yanzhao and Peng, Min and Lopez-Lira, Alejandro and Huang, Jimin},
  journal={arXiv preprint arXiv:2306.05443},
  year={2023}
}

@article{xie2023wall,
  title={The wall street neophyte: A zero-shot analysis of chatgpt over multimodal stock movement prediction challenges},
  author={Xie, Qianqian and Han, Weiguang and Lai, Yanzhao and Peng, Min and Huang, Jimin},
  journal={arXiv preprint arXiv:2304.05351},
  year={2023}
}

@article{xie2024finben,
  title={The finben: An holistic financial benchmark for large language models},
  author={Xie, Qianqian and Han, Weiguang and Chen, Zhengyu and Xiang, Ruoyu and Zhang, Xiao and He, Yueru and Xiao, Mengxi and Li, Dong and Dai, Yongfu and Feng, Duanyu and others},
  journal={arXiv preprint arXiv:2402.12659},
  year={2024}
}

@inproceedings{xu2018stock,
  title={Stock movement prediction from tweets and historical prices},
  author={Xu, Yumo and Cohen, Shay B},
  booktitle={Proceedings of the 56th Annual Meeting of the Association for Computational Linguistics (Volume 1: Long Papers)},
  pages={1970--1979},
  year={2018}
}

@inproceedings{xu2024recomp,
title={{RECOMP}: Improving Retrieval-Augmented {LM}s with Context Compression and Selective Augmentation},
author={Fangyuan Xu and Weijia Shi and Eunsol Choi},
booktitle={The Twelfth International Conference on Learning Representations},
year={2024},
url={https://openreview.net/forum?id=mlJLVigNHp}
}

@article{yang2024timerag,
  title={TimeRAG: BOOSTING LLM Time Series Forecasting via Retrieval-Augmented Generation},
  author={Yang, Silin and Wang, Dong and Zheng, Haoqi and Jin, Ruochun},
  journal={arXiv preprint arXiv:2412.16643},
  year={2024}
}

@inproceedings{ye2023compositional,
  title={Compositional exemplars for in-context learning},
  author={Ye, Jiacheng and Wu, Zhiyong and Feng, Jiangtao and Yu, Tao and Kong, Lingpeng},
  booktitle={International Conference on Machine Learning},
  pages={39818--39833},
  year={2023},
  organization={PMLR}
}

@article{yu2023temporal,
  title={Temporal Data Meets LLM--Explainable Financial Time Series Forecasting},
  author={Yu, Xinli and Chen, Zheng and Ling, Yuan and Dong, Shujing and Liu, Zongyi and Lu, Yanbin},
  journal={arXiv preprint arXiv:2306.11025},
  year={2023}
}

@inproceedings{zhong2022training,
  title={Training Language Models with Memory Augmentation},
  author={Zhong, Zexuan and Lei, Tao and Chen, Danqi},
  booktitle={Proceedings of the 2022 Conference on Empirical Methods in Natural Language Processing},
  pages={5657--5673},
  year={2022}
}

@inproceedings{zhoudocprompting,
  title={DocPrompting: Generating Code by Retrieving the Docs},
  author={Zhou, Shuyan and Alon, Uri and Xu, Frank F and Jiang, Zhengbao and Neubig, Graham},
  booktitle={The Eleventh International Conference on Learning Representations},
  year={2022}
}

