@article{xie2023pixiu,
  title={PIXIU: A Large Language Model, Instruction Data and Evaluation Benchmark for Finance},
  author={Xie, Qianqian and Han, Weiguang and Zhang, Xiao and Lai, Yanzhao and Peng, Min and Lopez-Lira, Alejandro and Huang, Jimin},
  journal={arXiv preprint arXiv:2306.05443},
  year={2023}
}

@inproceedings{joshi2024robust,
  title={Robust multi model rag pipeline for documents containing text, table \& images},
  author={Joshi, Pankaj and Gupta, Aditya and Kumar, Pankaj and Sisodia, Manas},
  booktitle={2024 3rd International Conference on Applied Artificial Intelligence and Computing (ICAAIC)},
  pages={993--999},
  year={2024},
  organization={IEEE}
}

@article{xie2024deep,
  title={Deep Convolutional Transformer Network for Stock Movement Prediction},
  author={Xie, Li and Chen, Zhengming and Yu, Sheng},
  journal={Electronics},
  volume={13},
  number={21},
  pages={4225},
  year={2024},
  publisher={MDPI}
}

@inproceedings{yoo2021accurate,
  title={Accurate multivariate stock movement prediction via data-axis transformer with multi-level contexts},
  author={Yoo, Jaemin and Soun, Yejun and Park, Yong-chan and Kang, U},
  booktitle={Proceedings of the 27th ACM SIGKDD Conference on Knowledge Discovery \& Data Mining},
  pages={2037--2045},
  year={2021}
}

@inproceedings{soun2022accurate,
  title={Accurate Stock Movement Prediction with Self-supervised Learning from Sparse Noisy Tweets},
  author={Soun, Yejun and Yoo, Jaemin and Cho, Minyong and Jeon, Jihyeong and Kang, U},
  booktitle={2022 IEEE International Conference on Big Data (Big Data)},
  pages={1691--1700},
  year={2022},
  organization={IEEE}
}

@article{feng2018enhancing,
  title={Enhancing stock movement prediction with adversarial training},
  author={Feng, Fuli and Chen, Huimin and He, Xiangnan and Ding, Ji and Sun, Maosong and Chua, Tat-Seng},
  journal={arXiv preprint arXiv:1810.09936},
  year={2018}
}

@inproceedings{liu2018hierarchical,
  title={Hierarchical complementary attention network for predicting stock price movements with news},
  author={Liu, Qikai and Cheng, Xiang and Su, Sen and Zhu, Shuguang},
  booktitle={Proceedings of the 27th ACM International Conference on Information and Knowledge Management},
  pages={1603--1606},
  year={2018}
}

@inproceedings{ding2015deep,
  title={Deep learning for event-driven stock prediction},
  author={Ding, Xiao and Zhang, Yue and Liu, Ting and Duan, Junwen},
  booktitle={Twenty-fourth international joint conference on artificial intelligence},
  year={2015}
}

@inproceedings{xu2018stock,
  title={Stock movement prediction from tweets and historical prices},
  author={Xu, Yumo and Cohen, Shay B},
  booktitle={Proceedings of the 56th Annual Meeting of the Association for Computational Linguistics (Volume 1: Long Papers)},
  pages={1970--1979},
  year={2018}
}

@inproceedings{wu2018hybrid,
  title={Hybrid deep sequential modeling for social text-driven stock prediction},
  author={Wu, Huizhe and Zhang, Wei and Shen, Weiwei and Wang, Jun},
  booktitle={Proceedings of the 27th ACM international conference on information and knowledge management},
  pages={1627--1630},
  year={2018}
}

@inproceedings{zhang2023enhancing,
  title={Enhancing financial sentiment analysis via retrieval augmented large language models},
  author={Zhang, Boyu and Yang, Hongyang and Zhou, Tianyu and Ali Babar, Muhammad and Liu, Xiao-Yang},
  booktitle={Proceedings of the Fourth ACM International Conference on AI in Finance},
  pages={349--356},
  year={2023}
}

@article{zhang2023cash,
  title={Cash transaction booking via retrieval augmented LLM},
  author={Zhang, Sabrina and Yadav, Daksha and Jin, Tom},
  year={2023}
}

@inproceedings{hillebrand2023improving,
  title={Improving zero-shot text matching for financial auditing with large language models},
  author={Hillebrand, Lars and Berger, Armin and Deu{\ss}er, Tobias and Dilmaghani, Tim and Khaled, Mohamed and Kliem, Bernd and Loitz, R{\"u}diger and Pielka, Maren and Leonhard, David and Bauckhage, Christian and others},
  booktitle={Proceedings of the ACM Symposium on Document Engineering 2023},
  pages={1--4},
  year={2023}
}
@misc{guu2020realm,
      title={REALM: Retrieval-Augmented Language Model Pre-Training}, 
      author={Kelvin Guu and Kenton Lee and Zora Tung and Panupong Pasupat and Ming-Wei Chang},
      year={2020},
      eprint={2002.08909},
      archivePrefix={arXiv},
      primaryClass={cs.CL}
}
@misc{reimers2019sentencebert,
      title={Sentence-BERT: Sentence Embeddings using Siamese BERT-Networks}, 
      author={Nils Reimers and Iryna Gurevych},
      year={2019},
      eprint={1908.10084},
      archivePrefix={arXiv},
      primaryClass={cs.CL}
}

@misc{bge_embedding,
      title={C-Pack: Packaged Resources To Advance General Chinese Embedding}, 
      author={Shitao Xiao and Zheng Liu and Peitian Zhang and Niklas Muennighoff},
      year={2023},
      eprint={2309.07597},
      archivePrefix={arXiv},
      primaryClass={cs.CL}
}

@inproceedings{RetroMAE,
  title={RetroMAE: Pre-Training Retrieval-oriented Language Models Via Masked Auto-Encoder},
  author={Xiao, Shitao and Liu, Zheng and Shao, Yingxia and Cao, Zhao},
  url={https://arxiv.org/abs/2205.12035},
  booktitle ={EMNLP},
  year={2022},
}

@article{wang2023improving,
  title={Improving text embeddings with large language models},
  author={Wang, Liang and Yang, Nan and Huang, Xiaolong and Yang, Linjun and Majumder, Rangan and Wei, Furu},
  journal={arXiv preprint arXiv:2401.00368},
  year={2023}
}

@article{jiang2023mistral,
  title={Mistral 7B},
  author={Jiang, Albert Q and Sablayrolles, Alexandre and Mensch, Arthur and Bamford, Chris and Chaplot, Devendra Singh and Casas, Diego de las and Bressand, Florian and Lengyel, Gianna and Lample, Guillaume and Saulnier, Lucile and others},
  journal={arXiv preprint arXiv:2310.06825},
  year={2023}
}

@inproceedings{SuSKWHOYSZ023,
  author       = {Hongjin Su and
                  Weijia Shi and
                  Jungo Kasai and
                  Yizhong Wang and
                  Yushi Hu and
                  Mari Ostendorf and
                  Wen{-}tau Yih and
                  Noah A. Smith and
                  Luke Zettlemoyer and
                  Tao Yu},
  title        = {One Embedder, Any Task: Instruction-Finetuned Text Embeddings},
  booktitle    = {{ACL} (Findings)},
  pages        = {1102--1121},
  publisher    = {Association for Computational Linguistics},
  year         = {2023}
}

@article{matthews1975comparison,
  title={Comparison of the predicted and observed secondary structure of T4 phage lysozyme},
  author={Matthews, Brian W},
  journal={Biochimica et Biophysica Acta (BBA)-Protein Structure},
  volume={405},
  number={2},
  pages={442--451},
  year={1975},
  publisher={Elsevier}
}

@article{fang2024large,
  title={Large Language Models on Tabular Data--A Survey},
  author={Fang, Xi and Xu, Weijie and Tan, Fiona Anting and Zhang, Jiani and Hu, Ziqing and Qi, Yanjun and Nickleach, Scott and Socolinsky, Diego and Sengamedu, Srinivasan and Faloutsos, Christos},
  journal={arXiv preprint arXiv:2402.17944},
  year={2024}
}

@article{singha2023tabular,
  title={Tabular representation, noisy operators, and impacts on table structure understanding tasks in LLMs},
  author={Singha, Ananya and Cambronero, Jos{\'e} and Gulwani, Sumit and Le, Vu and Parnin, Chris},
  journal={arXiv preprint arXiv:2310.10358},
  year={2023}
}

@article{yin2023finpt,
  title={FinPT: Financial Risk Prediction with Profile Tuning on Pretrained Foundation Models},
  author={Yin, Yuwei and Yang, Yazheng and Yang, Jian and Liu, Qi},
  journal={arXiv preprint arXiv:2308.00065},
  year={2023}
}

@article{xie2023wall,
  title={The wall street neophyte: A zero-shot analysis of chatgpt over multimodal stock movement prediction challenges},
  author={Xie, Qianqian and Han, Weiguang and Lai, Yanzhao and Peng, Min and Huang, Jimin},
  journal={arXiv preprint arXiv:2304.05351},
  year={2023}
}
@article{fama2000forecasting,
  title={Forecasting Profitability and Earnings},
  author={Eugene F. Fama and Kenneth R. French},
  journal={The Journal of Business},
  volume={73},
  number={2},
  pages={161-175},
  year={2000},
  publisher={University of Chicago Press}
}
@article{radford2019language,
  title={Language models are unsupervised multitask learners},
  author={Alec Radford and Jeffrey Wu and Rewon Child and David Luan and Dario Amodei and Ilya Sutskever},
  journal={OpenAI blog},
  volume={1},
  number={8},
  pages={9},
  year={2019}
}
@inproceedings{yuan2024back,
  title={Back to the future: Towards explainable temporal reasoning with large language models},
  author={Yuan, Chenhan and Xie, Qianqian and Huang, Jimin and Ananiadou, Sophia},
  booktitle={Proceedings of the ACM on Web Conference 2024},
  pages={1963--1974},
  year={2024}
}
@article{marti2021review,
  title={A review of two decades of correlations, hierarchies, networks and clustering in financial markets},
  author={Marti, Gautier and Nielsen, Frank and Bi{\'n}kowski, Miko{\l}aj and Donnat, Philippe},
  journal={Progress in information geometry: Theory and applications},
  pages={245--274},
  year={2021},
  publisher={Springer}
}
@article{abu1996introduction,
  title={Introduction to financial forecasting},
  author={Abu-Mostafa, Yaser S and Atiya, Amir F},
  journal={Applied intelligence},
  volume={6},
  pages={205--213},
  year={1996},
  publisher={Springer}
}

@inproceedings{nelson2017stock,
  title={Stock market's price movement prediction with LSTM neural networks},
  author={Nelson, David MQ and Pereira, Adriano CM and De Oliveira, Renato A},
  booktitle={2017 International joint conference on neural networks (IJCNN)},
  pages={1419--1426},
  year={2017},
  organization={Ieee}
}
@article{yoran2023making,
  title={Making retrieval-augmented language models robust to irrelevant context},
  author={Yoran, Ori and Wolfson, Tomer and Ram, Ori and Berant, Jonathan},
  journal={arXiv preprint arXiv:2310.01558},
  year={2023}
}
@inproceedings{cuconasu2024power,
  title={The power of noise: Redefining retrieval for rag systems},
  author={Cuconasu, Florin and Trappolini, Giovanni and Siciliano, Federico and Filice, Simone and Campagnano, Cesare and Maarek, Yoelle and Tonellotto, Nicola and Silvestri, Fabrizio},
  booktitle={Proceedings of the 47th International ACM SIGIR Conference on Research and Development in Information Retrieval},
  pages={719--729},
  year={2024}
}

@article{jin2023time,
  title={Time-llm: Time series forecasting by reprogramming large language models},
  author={Jin, Ming and Wang, Shiyu and Ma, Lintao and Chu, Zhixuan and Zhang, James Y and Shi, Xiaoming and Chen, Pin-Yu and Liang, Yuxuan and Li, Yuan-Fang and Pan, Shirui and others},
  journal={arXiv preprint arXiv:2310.01728},
  year={2023}
}

@article{yu2023temporal,
  title={Temporal Data Meets LLM--Explainable Financial Time Series Forecasting},
  author={Yu, Xinli and Chen, Zheng and Ling, Yuan and Dong, Shujing and Liu, Zongyi and Lu, Yanbin},
  journal={arXiv preprint arXiv:2306.11025},
  year={2023}
}

@article{liu2024timecma,
  title={TimeCMA: Towards LLM-Empowered Time Series Forecasting via Cross-Modality Alignment},
  author={Liu, Chenxi and Xu, Qianxiong and Miao, Hao and Yang, Sun and Zhang, Lingzheng and Long, Cheng and Li, Ziyue and Zhao, Rui},
  journal={arXiv preprint arXiv:2406.01638},
  year={2024}
}

@inproceedings{pan2024s,
  title={$ S\^{} 2$ IP-LLM: Semantic Space Informed Prompt Learning with LLM for Time Series Forecasting},
  author={Pan, Zijie and Jiang, Yushan and Garg, Sahil and Schneider, Anderson and Nevmyvaka, Yuriy and Song, Dongjin},
  booktitle={Forty-first International Conference on Machine Learning},
  year={2024}
}

@article{aksitov2023characterizing,
  title={Characterizing attribution and fluency tradeoffs for retrieval-augmented large language models},
  author={Aksitov, Renat and Chang, Chung-Ching and Reitter, David and Shakeri, Siamak and Sung, Yunhsuan},
  journal={arXiv preprint arXiv:2302.05578},
  year={2023}
}

@article{zhang2023retrieve,
  title={Retrieve anything to augment large language models},
  author={Zhang, Peitian and Xiao, Shitao and Liu, Zheng and Dou, Zhicheng and Nie, Jian-Yun},
  journal={arXiv preprint arXiv:2310.07554},
  year={2023}
}

@book{jansen2020machine,
  title={Machine Learning for Algorithmic Trading: Predictive models to extract signals from market and alternative data for systematic trading strategies with Python},
  author={Jansen, Stefan},
  year={2020},
  publisher={Packt Publishing Ltd}
}

@inproceedings{chen2017reading,
    title = "Reading {W}ikipedia to Answer Open-Domain Questions",
    author = "Chen, Danqi  and
      Fisch, Adam  and
      Weston, Jason  and
      Bordes, Antoine",
    editor = "Barzilay, Regina  and
      Kan, Min-Yen",
    booktitle = "Proceedings of the 55th Annual Meeting of the Association for Computational Linguistics (Volume 1: Long Papers)",
    month = jul,
    year = "2017",
    address = "Vancouver, Canada",
    publisher = "Association for Computational Linguistics",
    url = "https://aclanthology.org/P17-1171",
    doi = "10.18653/v1/P17-1171",
    pages = "1870--1879",
}

@inproceedings{jiang2023active,
    title = "Active Retrieval Augmented Generation",
    author = "Jiang, Zhengbao  and
      Xu, Frank  and
      Gao, Luyu  and
      Sun, Zhiqing  and
      Liu, Qian  and
      Dwivedi-Yu, Jane  and
      Yang, Yiming  and
      Callan, Jamie  and
      Neubig, Graham",
    editor = "Bouamor, Houda  and
      Pino, Juan  and
      Bali, Kalika",
    booktitle = "Proceedings of the 2023 Conference on Empirical Methods in Natural Language Processing",
    month = dec,
    year = "2023",
    address = "Singapore",
    publisher = "Association for Computational Linguistics",
    url = "https://aclanthology.org/2023.emnlp-main.495",
    doi = "10.18653/v1/2023.emnlp-main.495",
    pages = "7969--7992",
}

@article{ram2023context,
    title = "In-Context Retrieval-Augmented Language Models",
    author = "Ram, Ori  and
      Levine, Yoav  and
      Dalmedigos, Itay  and
      Muhlgay, Dor  and
      Shashua, Amnon  and
      Leyton-Brown, Kevin  and
      Shoham, Yoav",
    journal = "Transactions of the Association for Computational Linguistics",
    volume = "11",
    year = "2023",
    address = "Cambridge, MA",
    publisher = "MIT Press",
    url = "https://aclanthology.org/2023.tacl-1.75",
    doi = "10.1162/tacl_a_00605",
    pages = "1316--1331",
}

@inproceedings{xu2024recomp,
title={{RECOMP}: Improving Retrieval-Augmented {LM}s with Context Compression and Selective Augmentation},
author={Fangyuan Xu and Weijia Shi and Eunsol Choi},
booktitle={The Twelfth International Conference on Learning Representations},
year={2024},
url={https://openreview.net/forum?id=mlJLVigNHp}
}

@inproceedings{zhong2022training,
  title={Training Language Models with Memory Augmentation},
  author={Zhong, Zexuan and Lei, Tao and Chen, Danqi},
  booktitle={Proceedings of the 2022 Conference on Empirical Methods in Natural Language Processing},
  pages={5657--5673},
  year={2022}
}

@inproceedings{zhoudocprompting,
  title={DocPrompting: Generating Code by Retrieving the Docs},
  author={Zhou, Shuyan and Alon, Uri and Xu, Frank F and Jiang, Zhengbao and Neubig, Graham},
  booktitle={The Eleventh International Conference on Learning Representations},
  year={2022}
}

@inproceedings{izacard2021leveraging,
  title={Leveraging Passage Retrieval with Generative Models for Open Domain Question Answering},
  author={Izacard, Gautier and Grave, {\'E}douard},
  booktitle={Proceedings of the 16th Conference of the European Chapter of the Association for Computational Linguistics: Main Volume},
  pages={874--880},
  year={2021}
}

@inproceedings{fan2024survey,
  title={A survey on rag meeting llms: Towards retrieval-augmented large language models},
  author={Fan, Wenqi and Ding, Yujuan and Ning, Liangbo and Wang, Shijie and Li, Hengyun and Yin, Dawei and Chua, Tat-Seng and Li, Qing},
  booktitle={Proceedings of the 30th ACM SIGKDD Conference on Knowledge Discovery and Data Mining},
  pages={6491--6501},
  year={2024}
}

@inproceedings{li2023mot,
  title={MoT: Memory-of-Thought Enables ChatGPT to Self-Improve},
  author={Li, Xiaonan and Qiu, Xipeng},
  booktitle={Proceedings of the 2023 Conference on Empirical Methods in Natural Language Processing},
  pages={6354--6374},
  year={2023}
}

@inproceedings{ludynamic,
  title={Dynamic Prompt Learning via Policy Gradient for Semi-structured Mathematical Reasoning},
  author={Lu, Pan and Qiu, Liang and Chang, Kai-Wei and Wu, Ying Nian and Zhu, Song-Chun and Rajpurohit, Tanmay and Clark, Peter and Kalyan, Ashwin},
  booktitle={The Eleventh International Conference on Learning Representations},
  year={2023}
}

@inproceedings{milios2023context,
  title={In-context learning for text classification with many labels},
  author={Milios, Aristides and Reddy, Siva and Bahdanau, Dzmitry},
  booktitle={Proceedings of the 1st GenBench Workshop on (Benchmarking) Generalisation in NLP},
  pages={173--184},
  year={2023}
}

@inproceedings{poesiasynchromesh,
  title={Synchromesh: Reliable Code Generation from Pre-trained Language Models},
  author={Poesia, Gabriel and Polozov, Alex and Le, Vu and Tiwari, Ashish and Soares, Gustavo and Meek, Christopher and Gulwani, Sumit},
  booktitle={International Conference on Learning Representations},
  year={2022}
}

@inproceedings{rubin2022learning,
  title={Learning To Retrieve Prompts for In-Context Learning},
  author={Rubin, Ohad and Herzig, Jonathan and Berant, Jonathan},
  booktitle={Proceedings of the 2022 Conference of the North American Chapter of the Association for Computational Linguistics: Human Language Technologies},
  pages={2655--2671},
  year={2022}
}

@inproceedings{ye2023compositional,
  title={Compositional exemplars for in-context learning},
  author={Ye, Jiacheng and Wu, Zhiyong and Feng, Jiangtao and Yu, Tao and Kong, Lingpeng},
  booktitle={International Conference on Machine Learning},
  pages={39818--39833},
  year={2023},
  organization={PMLR}
}

@article{govett2024exascale,
  title={Exascale Computing and Data Handling: Challenges and Opportunities for Weather and Climate Prediction},
  author={Govett, Mark and Bah, Bubacar and Bauer, Peter and Berod, Dominique and Bouchet, Veronique and Corti, Susanna and Davis, Chris and Duan, Yihong and Graham, Tim and Honda, Yuki and others},
  journal={Bulletin of the American Meteorological Society},
  year={2024},
  publisher={American Meteorological Society}
}

@article{afzal2024building,
  title={Building energy consumption prediction and optimization using different neural network-assisted models; comparison of different networks and optimization algorithms},
  author={Afzal, Sadegh and Shokri, Afshar and Ziapour, Behrooz M and Shakibi, Hamid and Sobhani, Behnam},
  journal={Engineering Applications of Artificial Intelligence},
  volume={127},
  pages={107356},
  year={2024},
  publisher={Elsevier}
}

@article{reed2005heart,
  title={Heart rate variability measurements and the prediction of ventricular arrhythmias},
  author={Reed, Matt J and Robertson, CE and Addison, PS},
  journal={Qjm},
  volume={98},
  number={2},
  pages={87--95},
  year={2005},
  publisher={Oxford University Press}
}

@article{li2023angle,
  title={AnglE-optimized Text Embeddings},
  author={Li, Xianming and Li, Jing},
  journal={arXiv preprint arXiv:2309.12871},
  year={2023}
}

@misc{grattafiori2024llama3herdmodels,
      title={The Llama 3 Herd of Models}, 
      author={Aaron Grattafiori and Abhimanyu Dubey and Abhinav Jauhri and others},
      year={2024},
      eprint={2407.21783},
      archivePrefix={arXiv},
      primaryClass={cs.AI},
      url={https://arxiv.org/abs/2407.21783}, 
}

@inproceedings{zheng2024llamafactory,
  title={LlamaFactory: Unified Efficient Fine-Tuning of 100+ Language Models},
  author={Yaowei Zheng and Richong Zhang and Junhao Zhang and Yanhan Ye and Zheyan Luo and Zhangchi Feng and Yongqiang Ma},
  booktitle={Proceedings of the 62nd Annual Meeting of the Association for Computational Linguistics (Volume 3: System Demonstrations)},
  address={Bangkok, Thailand},
  publisher={Association for Computational Linguistics},
  year={2024},
  url={http://arxiv.org/abs/2403.13372}
}

@article{xie2024open,
  title={Open-finllms: Open multimodal large language models for financial applications},
  author={Xie, Qianqian and Li, Dong and Xiao, Mengxi and Jiang, Zihao and Xiang, Ruoyu and Zhang, Xiao and Chen, Zhengyu and He, Yueru and Han, Weiguang and Yang, Yuzhe and others},
  journal={arXiv preprint arXiv:2408.11878},
  year={2024}
}

@article{xie2024finben,
  title={The finben: An holistic financial benchmark for large language models},
  author={Xie, Qianqian and Han, Weiguang and Chen, Zhengyu and Xiang, Ruoyu and Zhang, Xiao and He, Yueru and Xiao, Mengxi and Li, Dong and Dai, Yongfu and Feng, Duanyu and others},
  journal={arXiv preprint arXiv:2402.12659},
  year={2024}
}

@article{gao2023retrieval,
  title={Retrieval-augmented generation for large language models: A survey},
  author={Gao, Yunfan and Xiong, Yun and Gao, Xinyu and Jia, Kangxiang and Pan, Jinliu and Bi, Yuxi and Dai, Yi and Sun, Jiawei and Wang, Haofen},
  journal={arXiv preprint arXiv:2312.10997},
  year={2023}
}

@article{huang2024survey,
  title={A Survey on Retrieval-Augmented Text Generation for Large Language Models},
  author={Huang, Yizheng and Huang, Jimmy},
  journal={arXiv preprint arXiv:2404.10981},
  year={2024}
}

@article{he2024g,
  title={G-retriever: Retrieval-augmented generation for textual graph understanding and question answering},
  author={He, Xiaoxin and Tian, Yijun and Sun, Yifei and Chawla, Nitesh V and Laurent, Thomas and LeCun, Yann and Bresson, Xavier and Hooi, Bryan},
  journal={arXiv preprint arXiv:2402.07630},
  year={2024}
}

@article{cui2024tabular,
  title={Tabular data augmentation for machine learning: Progress and prospects of embracing generative ai},
  author={Cui, Lingxi and Li, Huan and Chen, Ke and Shou, Lidan and Chen, Gang},
  journal={arXiv preprint arXiv:2407.21523},
  year={2024}
}

@article{liu2024retrieval,
  title={Retrieval-Augmented Diffusion Models for Time Series Forecasting},
  author={Liu, Jingwei and Yang, Ling and Li, Hongyan and Hong, Shenda},
  journal={arXiv preprint arXiv:2410.18712},
  year={2024}
}

@article{yang2024timerag,
  title={TimeRAG: BOOSTING LLM Time Series Forecasting via Retrieval-Augmented Generation},
  author={Yang, Silin and Wang, Dong and Zheng, Haoqi and Jin, Ruochun},
  journal={arXiv preprint arXiv:2412.16643},
  year={2024}
}


@article{qin2017dual,
  title={A dual-stage attention-based recurrent neural network for time series prediction},
  author={Qin, Yao and Song, Dongjin and Chen, Haifeng and Cheng, Wei and Jiang, Guofei and Cottrell, Garrison},
  journal={arXiv preprint arXiv:1704.02971},
  year={2017}
}

@inproceedings{tang2016visualizing,
  title={Visualizing large-scale and high-dimensional data},
  author={Tang, Jian and Liu, Jingzhou and Zhang, Ming and Mei, Qiaozhu},
  booktitle={Proceedings of the 25th international conference on world wide web},
  pages={287--297},
  year={2016}
}

@article{huang2022towards,
  title={Towards reasoning in large language models: A survey},
  author={Huang, Jie and Chang, Kevin Chen-Chuan},
  journal={arXiv preprint arXiv:2212.10403},
  year={2022}
}

@article{sezer2020financial,
  title={Financial time series forecasting with deep learning: A systematic literature review: 2005--2019},
  author={Sezer, Omer Berat and Gudelek, Mehmet Ugur and Ozbayoglu, Ahmet Murat},
  journal={Applied soft computing},
  volume={90},
  pages={106181},
  year={2020},
  publisher={Elsevier}
}

@article{xu2014stock,
  title={Stock price forecasting using information from Yahoo finance and Google trend},
  author={Xu, Selene Yue and Berkely, CU},
  journal={UC Brekley},
  pages={1--22},
  year={2014}
}

@article{bustos2020stock,
  title={Stock market movement forecast: A systematic review},
  author={Bustos, Oscar and Pomares-Quimbaya, Alexandra},
  journal={Expert Systems with Applications},
  volume={156},
  pages={113464},
  year={2020},
  publisher={Elsevier}
}

@inproceedings{wu2015technical,
  title={Technical analysis of three stock oscillators testing MACD, RSI and KDJ rules in SH \& SZ stock markets},
  author={Wu, Mingyuan and Diao, Xiaotian},
  booktitle={2015 4th International Conference on Computer Science and Network Technology (ICCSNT)},
  volume={1},
  pages={320--323},
  year={2015},
  organization={IEEE}
}