@inproceedings{DBLP:conf/aaai/DujardinDC17,
  author       = {Yann Dujardin and
                  Tom Dietterich and
                  Iadine Chades},
  title        = {Three New Algorithms to Solve {N}-{POMDP}s},
  booktitle    = {{AAAI}},
  pages        = {4495--4501},
  year         = {2017}
}

@inproceedings{DBLP:conf/aaai/WalravenS17,
  author       = {Erwin Walraven and
                  Matthijs T. J. Spaan},
  title        = {Accelerated Vector Pruning for Optimal {POMDP} Solvers},
  booktitle    = {{AAAI}},
  pages        = {3672--3678},
  year         = {2017}
}

@inproceedings{DBLP:conf/aaai/WangPBS06,
  author       = {Tao Wang and
                  Pascal Poupart and
                  Michael H. Bowling and
                  Dale Schuurmans},
  title        = {Compact, Convex Upper Bound Iteration for Approximate {POMDP} Planning},
  booktitle    = {{AAAI}},
  pages        = {1245--1252},
  publisher    = {{AAAI} Press},
  year         = {2006}
}

@inproceedings{DBLP:conf/aaai/YoonFGK08,
  author       = {Sung Wook Yoon and
                  Alan Fern and
                  Robert Givan and
                  Subbarao Kambhampati},
  title        = {Probabilistic Planning via Determinization in Hindsight},
  booktitle    = {{AAAI}},
  pages        = {1010--1016},
  publisher    = {{AAAI} Press},
  year         = {2008}
}

@inproceedings{DBLP:conf/aaaifs/HausknechtS15,
  author       = {Matthew J. Hausknecht and
                  Peter Stone},
  title        = {Deep Recurrent {Q}-Learning for Partially Observable {MDP}s},
  booktitle    = {{AAAI} Fall Symposia},
  pages        = {29--37},
  publisher    = {{AAAI} Press},
  year         = {2015}
}

@inproceedings{DBLP:conf/aips/KraleS023,
  author       = {Merlijn Krale and
                  Thiago D. Sim{\~{a}}o and
                  Nils Jansen},
  title        = {Act-Then-Measure: Reinforcement Learning for Partially Observable
                  Environments with Active Measuring},
  booktitle    = {{ICAPS}},
  pages        = {212--220},
  publisher    = {{AAAI} Press},
  year         = {2023}
}

@inproceedings{DBLP:conf/atva/BorkJKQ20,
  author       = {Alexander Bork and
                  Sebastian Junges and
                  Joost{-}Pieter Katoen and
                  Tim Quatmann},
  title        = {Verification of Indefinite-Horizon {POMDP}s},
  booktitle    = {{ATVA}},
  series       = {Lecture Notes in Computer Science},
  volume       = {12302},
  pages        = {288--304},
  publisher    = {Springer},
  year         = {2020}
}

@inproceedings{DBLP:conf/iclr/DermanDM21,
  author       = {Esther Derman and
                  Gal Dalal and
                  Shie Mannor},
  title        = {Acting in Delayed Environments with Non-Stationary Markov Policies},
  booktitle    = {{ICLR}},
  publisher    = {OpenReview.net},
  year         = {2021}
}

@inproceedings{DBLP:conf/iclr/HanDT20,
  author       = {Dongqi Han and
                  Kenji Doya and
                  Jun Tani},
  title        = {Variational Recurrent Models for Solving Partially Observable Control
                  Tasks},
  booktitle    = {{ICLR}},
  publisher    = {OpenReview.net},
  year         = {2020}
}

@inproceedings{DBLP:conf/icml/Bonet02,
  author       = {Blai Bonet},
  title        = {An epsilon-Optimal Grid-Based Algorithm for Partially Observable Markov
                  Decision Processes},
  booktitle    = {{ICML}},
  pages        = {51--58},
  publisher    = {Morgan Kaufmann},
  year         = {2002}
}

@inproceedings{DBLP:conf/icml/LittmanCK95,
  author    = {Michael L. Littman and
               Anthony R. Cassandra and
               Leslie P. Kaelbling},
  title     = {Learning Policies for Partially Observable Environments: Scaling Up},
  booktitle = {{ICML}},
  pages     = {362--370},
  publisher = {Morgan Kaufmann},
  year      = {1995}
}

@inproceedings{DBLP:conf/ijcai/PineauGT03,
  author       = {Joelle Pineau and
                  Geoffrey J. Gordon and
                  Sebastian Thrun},
  title        = {Point-based value iteration: An anytime algorithm for {POMDP}s},
  booktitle    = {{IJCAI}},
  pages        = {1025--1032},
  year         = {2003}
}

@inproceedings{DBLP:conf/ijcai/ZhouH01,
  author       = {Rong Zhou and
                  Eric A. Hansen},
  title        = {An Improved Grid-Based Approximation Algorithm for {POMDP}s},
  booktitle    = {{IJCAI}},
  pages        = {707--716},
  year         = {2001}
}

@inproceedings{DBLP:conf/iros/WrayZ17,
  author       = {Kyle Hollins Wray and
                  Shlomo Zilberstein},
  title        = {Approximating reachable belief points in {POMDP}s},
  booktitle    = {{IROS}},
  pages        = {117--122},
  publisher    = {{IEEE}},
  year         = {2017}
}

@inproceedings{DBLP:conf/nips/BarenboimI23,
  author       = {Moran Barenboim and
                  Vadim Indelman},
  title        = {Online {POMDP} Planning with Anytime Deterministic Guarantees},
  booktitle    = {NeurIPS},
  year         = {2023}
}

@inproceedings{DBLP:conf/nips/LeeNAL20,
  author       = {Alex X. Lee and
                  Anusha Nagabandi and
                  Pieter Abbeel and
                  Sergey Levine},
  title        = {Stochastic Latent Actor-Critic: Deep Reinforcement Learning with a
                  Latent Variable Model},
  booktitle    = {NeurIPS},
  year         = {2020}
}

@inproceedings{DBLP:conf/nips/SilverV10,
  author       = {David Silver and
                  Joel Veness},
  title        = {Monte-Carlo Planning in Large {POMDP}s},
  booktitle    = {{NIPS}},
  pages        = {2164--2172},
  publisher    = {Curran Associates, Inc.},
  year         = {2010}
}

@inproceedings{DBLP:conf/nips/WuYZYLLH21,
  author       = {Chenyang Wu and
                  Guoyu Yang and
                  Zongzhang Zhang and
                  Yang Yu and
                  Dong Li and
                  Wulong Liu and
                  Jianye Hao},
  title        = {Adaptive Online Packing-guided Search for {POMDP}s},
  booktitle    = {NeurIPS},
  pages        = {28419--28430},
  year         = {2021}
}

@inproceedings{DBLP:conf/rss/KurniawatiHL08,
  author       = {Hanna Kurniawati and
                  David Hsu and
                  Wee Sun Lee},
  title        = {{SARSOP:} Efficient Point-Based {POMDP} Planning by Approximating
                  Optimally Reachable Belief Spaces},
  booktitle    = {Robotics: Science and Systems},
  publisher    = {The {MIT} Press},
  year         = {2008}
}

@inproceedings{DBLP:conf/sigmetrics/AltmanN92,
  author       = {Eitan Altman and
                  Philippe Nain},
  title        = {Closed-Loop Control with Delayed Information},
  booktitle    = {{SIGMETRICS}},
  pages        = {193--204},
  publisher    = {{ACM}},
  year         = {1992}
}

@inproceedings{DBLP:conf/tacas/BorkKQ22,
  author       = {Alexander Bork and
                  Joost{-}Pieter Katoen and
                  Tim Quatmann},
  title        = {Under-Approximating Expected Total Rewards in {POMDP}s},
  booktitle    = {{TACAS} {(2)}},
  series       = {Lecture Notes in Computer Science},
  volume       = {13244},
  pages        = {22--40},
  publisher    = {Springer},
  year         = {2022}
}

@inproceedings{DBLP:conf/uai/HansenB20,
  author       = {Eric A. Hansen and
                  Thomas Bowman},
  title        = {Improved Vector Pruning in Exact Algorithms for Solving {POMDP}s},
  booktitle    = {{UAI}},
  pages        = {1258--1267},
  year         = {2020}
}

@inproceedings{DBLP:conf/uai/SmithS04,
  author       = {Trey Smith and
                  Reid G. Simmons},
  title        = {Heuristic Search Value Iteration for {POMDP}s},
  booktitle    = {{UAI}},
  pages        = {520--527},
  year         = {2004}
}

@inproceedings{DBLP:conf/uai/SmithS05,
  author       = {Trey Smith and
                  Reid G. Simmons},
  title        = {Point-Based {POMDP} Algorithms: Improved Analysis and Implementation},
  booktitle    = {{UAI}},
  pages        = {542--547},
  year         = {2005}
}

@article{DBLP:journals/aamas/WalshNLL09,
  author       = {Thomas J. Walsh and
                  Ali Nouri and
                  Lihong Li and
                  Michael L. Littman},
  title        = {Learning and planning in environments with delayed feedback},
  journal      = {Auton. Agents Multi Agent Syst.},
  volume       = {18},
  number       = {1},
  pages        = {83--105},
  year         = {2009}
}

@article{DBLP:journals/cor/Sinuany-SternDB97,
  author       = {Zilla Sinuany{-}Stern and
                  Israel David and
                  Sigal Biran},
  title        = {An efficient heuristic for a partially observable Markov decision
                  process of machine replacement},
  journal      = {Comput. Oper. Res.},
  volume       = {24},
  number       = {2},
  pages        = {117--126},
  year         = {1997}
}

@article{DBLP:journals/corr/abs-2104-07276,
  author       = {Divya Grover and
                  Christos Dimitrakakis},
  title        = {Adaptive Belief Discretization for {POMDP} Planning},
  journal      = {CoRR},
  volume       = {abs/2104.07276},
  year         = {2021}
}

@article{DBLP:journals/ior/Lovejoy91,
  author       = {William S. Lovejoy},
  title        = {Computationally Feasible Bounds for Partially Observed {M}arkov Decision
                  Processes},
  journal      = {Oper. Res.},
  volume       = {39},
  number       = {1},
  pages        = {162--175},
  year         = {1991}
}

@article{DBLP:journals/jair/Hauskrecht00,
  author       = {Milos Hauskrecht},
  title        = {Value-Function Approximations for Partially Observable {M}arkov Decision
                  Processes},
  journal      = {JAIR},
  volume       = {13},
  pages        = {33--94},
  year         = {2000}
}

@article{DBLP:journals/jair/YeSHL17,
  author       = {Nan Ye and
                  Adhiraj Somani and
                  David Hsu and
                  Wee Sun Lee},
  title        = {{DESPOT:} Online {POMDP} Planning with Regularization},
  journal      = {J. Artif. Intell. Res.},
  volume       = {58},
  pages        = {231--266},
  year         = {2017}
}

@article{DBLP:journals/prl/AgarwalA21,
  author       = {Mridul Agarwal and
                  Vaneet Aggarwal},
  title        = {Blind decision making: Reinforcement learning with delayed observations},
  journal      = {Pattern Recognit. Lett.},
  volume       = {150},
  pages        = {176--182},
  year         = {2021}
}

@article{DBLP:journals/rts/Norman0Z17,
  author       = {Gethin Norman and
                  David Parker and
                  Xueyi Zou},
  title        = {Verification and control of partially observable probabilistic systems},
  journal      = {Real Time Syst.},
  volume       = {53},
  number       = {3},
  pages        = {354--402},
  year         = {2017}
}

@article{DBLP:journals/tac/HaughL20,
  author       = {Martin B. Haugh and
                  Octavio Ruiz Lacedelli},
  title        = {Information Relaxation Bounds for Partially Observed Markov Decision
                  Processes},
  journal      = {{IEEE} Trans. Autom. Control.},
  volume       = {65},
  number       = {8},
  pages        = {3256--3271},
  year         = {2020}
}

@article{DBLP:journals/tac/KatsikopoulosE03,
  author       = {Konstantinos V. Katsikopoulos and
                  Sascha E. Engelbrecht},
  title        = {Markov decision processes with delays and asynchronous cost collection},
  journal      = {{IEEE} Trans. Autom. Control.},
  volume       = {48},
  number       = {4},
  pages        = {568--574},
  year         = {2003}
}

