
@inproceedings{DBLP:conf/aaai/DujardinDC17,
  author       = {Yann Dujardin and
                  Tom Dietterich and
                  Iadine Chades},
  title        = {Three New Algorithms to Solve {N}-{POMDP}s},
  booktitle    = {{AAAI}},
  pages        = {4495--4501},
  year         = {2017}
}


@article{DBLP:journals/aamas/ShaniPK13,
  author       = {Guy Shani and
                  Joelle Pineau and
                  Robert Kaplow},
  title        = {A survey of point-based {POMDP} solvers},
  journal      = {Auton. Agents Multi Agent Syst.},
  volume       = {27},
  number       = {1},
  pages        = {1--51},
  year         = {2013}
}

@article{DBLP:journals/rts/Norman0Z17,
  author       = {Gethin Norman and
                  David Parker and
                  Xueyi Zou},
  title        = {Verification and control of partially observable probabilistic systems},
  journal      = {Real Time Syst.},
  volume       = {53},
  number       = {3},
  pages        = {354--402},
  year         = {2017}
}
@misc{zhang1996planning,
  title={Planning in stochastic domains: Problem characteristics and approximation},
  author={Zhang, Nevin L. and Liu, Wenju},
  year={1996}
}

@inproceedings{DBLP:conf/uai/CassandraLZ97,
  author       = {Anthony R. Cassandra and
                  Michael L. Littman and
                  Nevin Lianwen Zhang},
  title        = {Incremental Pruning: {A} Simple, Fast, Exact Method for Partially
                  Observable {M}arkov Decision Processes},
  booktitle    = {{UAI}},
  pages        = {54--61},
  year         = {1997}
}

@inproceedings{DBLP:conf/aaai/WalravenS17,
  author       = {Erwin Walraven and
                  Matthijs T. J. Spaan},
  title        = {Accelerated Vector Pruning for Optimal {POMDP} Solvers},
  booktitle    = {{AAAI}},
  pages        = {3672--3678},
  year         = {2017}
}

@inproceedings{DBLP:conf/uai/FengZ04,
  author       = {Zhengzhu Feng and
                  Shlomo Zilberstein},
  title        = {Region-Based Incremental Pruning for {POMDP}s},
  booktitle    = {{UAI}},
  pages        = {146--153},
  year         = {2004}
}

@inproceedings{DBLP:conf/ijcai/PineauGT03,
  author       = {Joelle Pineau and
                  Geoffrey J. Gordon and
                  Sebastian Thrun},
  title        = {Point-based value iteration: An anytime algorithm for {POMDP}s},
  booktitle    = {{IJCAI}},
  pages        = {1025--1032},
  year         = {2003}
}

@inproceedings{DBLP:conf/uai/SmithS04,
  author       = {Trey Smith and
                  Reid G. Simmons},
  title        = {Heuristic Search Value Iteration for {POMDP}s},
  booktitle    = {{UAI}},
  pages        = {520--527},
  year         = {2004}
}

@article{DBLP:journals/jair/SpaanV05,
  author       = {Matthijs T. J. Spaan and
                  Nikos Vlassis},
  title        = {Perseus: {R}andomized Point-based Value Iteration for {POMDP}s},
  journal      = {JAIR},
  volume       = {24},
  pages        = {195--220},
  year         = {2005}
}

@article{DBLP:journals/jair/LusenaGM01,
  author       = {Christopher Lusena and
                  Judy Goldsmith and
                  Martin Mundhenk},
  title        = {Nonapproximability Results for Partially Observable {M}arkov Decision
                  Processes},
  journal      = {JAIR},
  volume       = {14},
  pages        = {83--103},
  year         = {2001}
}

@article{DBLP:journals/ior/Lovejoy91,
  author       = {William S. Lovejoy},
  title        = {Computationally Feasible Bounds for Partially Observed {M}arkov Decision
                  Processes},
  journal      = {Oper. Res.},
  volume       = {39},
  number       = {1},
  pages        = {162--175},
  year         = {1991}
}

@inproceedings{DBLP:conf/aaai/Brafman97,
  author       = {Ronen I. Brafman},
  title        = {A Heuristic Variable Grid Solution Method for {POMDP}s},
  booktitle    = {{AAAI/IAAI}},
  pages        = {727--733},
  year         = {1997}
}

@inproceedings{DBLP:conf/ijcai/ZhouH01,
  author       = {Rong Zhou and
                  Eric A. Hansen},
  title        = {An Improved Grid-Based Approximation Algorithm for {POMDP}s},
  booktitle    = {{IJCAI}},
  pages        = {707--716},
  year         = {2001}
}

@article{DBLP:journals/jair/Hauskrecht00,
  author       = {Milos Hauskrecht},
  title        = {Value-Function Approximations for Partially Observable {M}arkov Decision
                  Processes},
  journal      = {JAIR},
  volume       = {13},
  pages        = {33--94},
  year         = {2000}
}


@inproceedings{DBLP:conf/uai/SmithS05,
  author       = {Trey Smith and
                  Reid G. Simmons},
  title        = {Point-Based {POMDP} Algorithms: Improved Analysis and Implementation},
  booktitle    = {{UAI}},
  pages        = {542--547},
  year         = {2005}
}

@incollection{DBLP:books/sp/12/Spaan12,
  author       = {Matthijs T. J. Spaan},
  editor       = {Marco A. Wiering and
                  Martijn van Otterlo},
  title        = {Partially Observable {M}arkov Decision Processes},
  booktitle    = {Reinforcement Learning},
  series       = {Adaptation, Learning, and Optimization},
  volume       = {12},
  pages        = {387--414},
  publisher    = {Springer},
  year         = {2012}
}

@inproceedings{DBLP:conf/uai/HansenB20,
  author       = {Eric A. Hansen and
                  Thomas Bowman},
  title        = {Improved Vector Pruning in Exact Algorithms for Solving {POMDP}s},
  booktitle    = {{UAI}},
  pages        = {1258--1267},
  year         = {2020}
}

@inproceedings{DBLP:conf/atva/BorkJKQ20,
  author       = {Alexander Bork and
                  Sebastian Junges and
                  Joost{-}Pieter Katoen and
                  Tim Quatmann},
  title        = {Verification of Indefinite-Horizon {POMDP}s},
  booktitle    = {{ATVA}},
  series       = {Lecture Notes in Computer Science},
  volume       = {12302},
  pages        = {288--304},
  publisher    = {Springer},
  year         = {2020}
}

%%%%%%%%%%%%%%%%%%%%%%%%%%%%%%%%%%%%%%%%%%%%%%%%%%%%%%%%%%%%%%%%%%%%%%%%%%%%%%%%%%%%%%%%%%%%%%%%%%%%

% Nice POMDP definition paper
@article{DBLP:journals/ai/KaelblingLC98,
  author       = {Leslie P. Kaelbling and
                  Michael L. Littman and
                  Anthony R. Cassandra},
  title        = {Planning and Acting in Partially Observable Stochastic Domains},
  journal      = {Artif. Intell.},
  volume       = {101},
  number       = {1-2},
  pages        = {99--134},
  year         = {1998}
}

% Paper introducing QMDP (among other approximate pomdp solvers)
@inproceedings{DBLP:conf/icml/LittmanCK95,
  author    = {Michael L. Littman and
               Anthony R. Cassandra and
               Leslie P. Kaelbling},
  title     = {Learning Policies for Partially Observable Environments: Scaling Up},
  booktitle = {{ICML}},
  pages     = {362--370},
  publisher = {Morgan Kaufmann},
  year      = {1995}
}

% 
@article{DBLP:journals/ior/SmallwoodS73,
  author       = {Richard D. Smallwood and
                  Edward J. Sondik},
  title        = {The Optimal Control of Partially Observable {M}arkov Processes over
                  a Finite Horizon},
  journal      = {Oper. Res.},
  volume       = {21},
  number       = {5},
  pages        = {1071--1088},
  year         = {1973}
}

% Complexity paper on POMDPs
@article{DBLP:journals/mor/PapadimitriouT87,
  author       = {Christos H. Papadimitriou and
                  John N. Tsitsiklis},
  title        = {The Complexity of Markov Decision Processes},
  journal      = {Math. Oper. Res.},
  volume       = {12},
  number       = {3},
  pages        = {441--450},
  year         = {1987}
}

@inproceedings{DBLP:conf/aaai/MadaniHC99,
  author       = {Omid Madani and
                  Steve Hanks and
                  Anne Condon},
  title        = {On the Undecidability of Probabilistic Planning and Infinite-Horizon
                  Partially Observable Markov Decision Problems},
  booktitle    = {{AAAI/IAAI}},
  pages        = {541--548},
  publisher    = {{AAAI} Press / The {MIT} Press},
  year         = {1999}
}



% Sarsop Paper
@inproceedings{DBLP:conf/rss/KurniawatiHL08,
  author       = {Hanna Kurniawati and
                  David Hsu and
                  Wee Sun Lee},
  title        = {{SARSOP:} Efficient Point-Based {POMDP} Planning by Approximating
                  Optimally Reachable Belief Spaces},
  booktitle    = {Robotics: Science and Systems},
  publisher    = {The {MIT} Press},
  year         = {2008}
}

% Julia POMDPs
@article{egorov2017pomdps,
  author  = {Maxim Egorov and Zachary N. Sunberg and Edward Balaban and Tim A. Wheeler and Jayesh K. Gupta and Mykel J. Kochenderfer},
  title   = {{POMDP}s.jl: A Framework for Sequential Decision Making under Uncertainty},
  journal = {Journal of Machine Learning Research},
  year    = {2017},
  volume  = {18},
  number  = {26},
  pages   = {1-5},
  url     = {http://jmlr.org/papers/v18/16-300.html}
}

% Its me!
@inproceedings{DBLP:conf/aips/KraleS023,
  author       = {Merlijn Krale and
                  Thiago D. Sim{\~{a}}o and
                  Nils Jansen},
  title        = {Act-Then-Measure: Reinforcement Learning for Partially Observable
                  Environments with Active Measuring},
  booktitle    = {{ICAPS}},
  pages        = {212--220},
  publisher    = {{AAAI} Press},
  year         = {2023}
}

% Gymnasium
@article{towers2024gymnasium,
  title={Gymnasium: A Standard Interface for Reinforcement Learning Environments},
  author={Towers, Mark and Kwiatkowski, Ariel and Terry, Jordan and Balis, John U and De Cola, Gianluca and Deleu, Tristan and Goul{\~a}o, Manuel and Kallinteris, Andreas and Krimmel, Markus and KG, Arjun and others},
  journal={arXiv preprint arXiv:2407.17032},
  year={2024}
}

% Engineering book which mentions K-out-of-N models.
@book{Kapur2014,
author = {Kapur, Kailash and Pecht, Michael},
year = {2014},
month = {04},
pages = {},
title = {Reliability Engineering John Wiley, 2014},
isbn = {ISBN: 978-1-118-14067-3},
publisher = {John Wiley}
}

@inproceedings{DBLP:conf/nips/NamFB21,
  author    = {Hyunji Alex Nam and
               Scott L. Fleming and
               Emma Brunskill},
  title     = {Reinforcement Learning with State Observation Costs in Action-Contingent
               Noiselessly Observable {M}arkov Decision Processes},
  booktitle = {NeurIPS},
  pages     = {15650--15666},
  year      = {2021}
}

@inproceedings{DBLP:conf/ai/BellingerC0T21,
  author    = {Colin Bellinger and
               Rory Coles and
               Mark Crowley and
               Isaac Tamblyn},
  title     = {Active Measure Reinforcement Learning for Observation Cost Minimization},
  booktitle = {Canadian Conference on {AI}},
  publisher = {Canadian Artificial Intelligence Association},
  year      = {2021}
}

@inproceedings{DBLP:conf/aaai/CassandraKL94,
  author       = {Anthony R. Cassandra and
                  Leslie P. Kaelbling and
                  Michael L. Littman},
  title        = {Acting Optimally in Partially Observable Stochastic Domains},
  booktitle    = {{AAAI}},
  pages        = {1023--1028},
  year         = {1994}
}

% grid Dec-POMDP
@inproceedings{amato2006optimal,
  title={{Optimal fixed-size controllers for decentralized POMDPs}},
  author={Amato, Christopher and Bernstein, Daniel S. and Zilberstein, Shlomo},
  booktitle={{AAMAS MSDM workshop}},
  year={2006}
}


@article{astrom1965optimal,
  title={Optimal control of {M}arkov processes with incomplete state information},
  author={{\AA}str{\"o}m, Karl Johan},
  journal={Journal of mathematical analysis and applications},
  volume={10},
  number={1},
  pages={174--205},
  year={1965}
}

% Defines a method for finding $\epsilon$-optimal infinite-horizon POMDP solugions
@article{DBLP:journals/ior/Sondik78,
  author       = {Edward J. Sondik},
  title        = {The Optimal Control of Partially Observable Markov Processes over
                  the Infinite Horizon: Discounted Costs},
  journal      = {Oper. Res.},
  volume       = {26},
  number       = {2},
  pages        = {282--304},
  year         = {1978}
}

% Gives the formulas for sawtooth approximation (they're not written out anywhere else...)
@Book{Kochenderfer2022,
author = {Mykel J. Kochenderfer and Tim A. Wheeler and Kyle H. Wray},
publisher = {MIT Press},
title = {Algorithms for Decision Making},
year = {2022},
url = {https://mitpress.mit.edu/9780262047012/algorithms-for-decision-making/},
}

% Paper showing sampling beliefs close to optimal policy is good
@inproceedings{DBLP:conf/nips/HsuLR07,
  author       = {David Hsu and
                  Wee Sun Lee and
                  Nan Rong},
  title        = {What makes some {POMDP} problems easy to approximate?},
  booktitle    = {{NIPS}},
  pages        = {689--696},
  publisher    = {Curran Associates, Inc.},
  year         = {2007}
}

% Hindsight optimisation: another method for computing bounds
@inproceedings{DBLP:conf/aaai/YoonFGK08,
  author       = {Sung Wook Yoon and
                  Alan Fern and
                  Robert Givan and
                  Subbarao Kambhampati},
  title        = {Probabilistic Planning via Determinization in Hindsight},
  booktitle    = {{AAAI}},
  pages        = {1010--1016},
  publisher    = {{AAAI} Press},
  year         = {2008}
}

% Despot
@article{DBLP:journals/jair/YeSHL17,
  author       = {Nan Ye and
                  Adhiraj Somani and
                  David Hsu and
                  Wee Sun Lee},
  title        = {{DESPOT:} Online {POMDP} Planning with Regularization},
  journal      = {J. Artif. Intell. Res.},
  volume       = {58},
  pages        = {231--266},
  year         = {2017}
}

% Belief discretization 1
@article{DBLP:journals/corr/abs-2104-07276,
  author       = {Divya Grover and
                  Christos Dimitrakakis},
  title        = {Adaptive Belief Discretization for {POMDP} Planning},
  journal      = {CoRR},
  volume       = {abs/2104.07276},
  year         = {2021}
}

% Belief discretization 2
@inproceedings{DBLP:conf/iros/WrayZ17,
  author       = {Kyle Hollins Wray and
                  Shlomo Zilberstein},
  title        = {Approximating reachable belief points in {POMDP}s},
  booktitle    = {{IROS}},
  pages        = {117--122},
  publisher    = {{IEEE}},
  year         = {2017}
}

% Belief discretization 3
@inproceedings{DBLP:conf/tacas/BorkKQ22,
  author       = {Alexander Bork and
                  Joost{-}Pieter Katoen and
                  Tim Quatmann},
  title        = {Under-Approximating Expected Total Rewards in {POMDP}s},
  booktitle    = {{TACAS} {(2)}},
  series       = {Lecture Notes in Computer Science},
  volume       = {13244},
  pages        = {22--40},
  publisher    = {Springer},
  year         = {2022}
}

% POMCP
@inproceedings{DBLP:conf/nips/SilverV10,
  author       = {David Silver and
                  Joel Veness},
  title        = {Monte-Carlo Planning in Large {POMDP}s},
  booktitle    = {{NIPS}},
  pages        = {2164--2172},
  publisher    = {Curran Associates, Inc.},
  year         = {2010}
}

% ADAOPS
@inproceedings{DBLP:conf/nips/WuYZYLLH21,
  author       = {Chenyang Wu and
                  Guoyu Yang and
                  Zongzhang Zhang and
                  Yang Yu and
                  Dong Li and
                  Wulong Liu and
                  Jianye Hao},
  title        = {Adaptive Online Packing-guided Search for {POMDP}s},
  booktitle    = {NeurIPS},
  pages        = {28419--28430},
  year         = {2021}
}

% Solving POMDPs via Neural Networks
@inproceedings{DBLP:conf/aaaifs/HausknechtS15,
  author       = {Matthew J. Hausknecht and
                  Peter Stone},
  title        = {Deep Recurrent {Q}-Learning for Partially Observable {MDP}s},
  booktitle    = {{AAAI} Fall Symposia},
  pages        = {29--37},
  publisher    = {{AAAI} Press},
  year         = {2015}
}

% POMDP FSC solving
@inproceedings{DBLP:conf/uai/Andriushchenko022,
  author       = {Roman Andriushchenko and
                  Milan Ceska and
                  Sebastian Junges and
                  Joost{-}Pieter Katoen},
  title        = {Inductive synthesis of finite-state controllers for {POMDP}s},
  booktitle    = {{UAI}},
  series       = {Proceedings of Machine Learning Research},
  volume       = {180},
  pages        = {85--95},
  publisher    = {{PMLR}},
  year         = {2022}
}

% MDP
@book{DBLP:books/wi/Puterman94,
  author       = {Martin L. Puterman},
  title        = {{M}arkov Decision Processes: Discrete Stochastic Dynamic Programming},
  series       = {Wiley Series in Probability and Statistics},
  publisher    = {Wiley},
  year         = {1994}
}

% Deep RL POMDP solver, extends statespace to include recent observations
@inproceedings{DBLP:conf/nips/LeeNAL20,
  author       = {Alex X. Lee and
                  Anusha Nagabandi and
                  Pieter Abbeel and
                  Sergey Levine},
  title        = {Stochastic Latent Actor-Critic: Deep Reinforcement Learning with a
                  Latent Variable Model},
  booktitle    = {NeurIPS},
  year         = {2020}
}

% Deep RL POMDP solver, uses a variational auto-incoder in the NN itself (NNs, hurray!)
@inproceedings{DBLP:conf/iclr/HanDT20,
  author       = {Dongqi Han and
                  Kenji Doya and
                  Jun Tani},
  title        = {Variational Recurrent Models for Solving Partially Observable Control
                  Tasks},
  booktitle    = {{ICLR}},
  publisher    = {OpenReview.net},
  year         = {2020}
}

% Defines ALOHA POMDP benchmark
@article{DBLP:journals/iotj/JeonSJ22,
  author       = {Wha Sook Jeon and
                  Seung Beom Seo and
                  Dong Geun Jeong},
  title        = {{POMDP}-Based Contention Resolution for Framed Slotted-{ALOHA} Protocol
                  in Machine-Type Communications},
  journal      = {{IEEE} Internet Things J.},
  volume       = {9},
  number       = {15},
  pages        = {13511--13523},
  year         = {2022}
}

% Defines some navigation problems (namely pentagon & fourth)
@inproceedings{DBLP:conf/iros/CassandraKK96,
  author       = {Anthony R. Cassandra and
                  Leslie P. Kaelbling and
                  James Kurien},
  title        = {Acting under uncertainty: discrete {B}ayesian models for mobile-robot
                  navigation},
  booktitle    = {{IROS}},
  pages        = {963--972},
  publisher    = {{IEEE}},
  year         = {1996}
}

% International Planning Competition 2023, i.e. overview of state-of-the-art planners.
@article{DBLP:journals/aim/TaitlerAEBFGPSSSSS24,
  author       = {Ayal Taitler and
                  Ron Alford and
                  Joan Espasa and
                  Gregor Behnke and
                  Daniel Fiser and
                  Michael Gimelfarb and
                  Florian Pommerening and
                  Scott Sanner and
                  Enrico Scala and
                  Dominik Schreiber and
                  Javier Segovia{-}Aguas and
                  Jendrik Seipp},
  title        = {The 2023 International Planning Competition},
  journal      = {{AI} Mag.},
  volume       = {45},
  number       = {2},
  pages        = {280--296},
  year         = {2024}
}

% Multi-agent overview
@book{DBLP:series/sbis/OliehoekA16,
  author       = {Frans A. Oliehoek and
                  Christopher Amato},
  title        = {A Concise Introduction to Decentralized POMDPs},
  series       = {Springer Briefs in Intelligent Systems},
  publisher    = {Springer},
  year         = {2016}
}

% Wietze's multi-agent paper
@inproceedings{DBLP:conf/ijcai/Koops0JS23,
  author       = {Wietze Koops and
                  Nils Jansen and
                  Sebastian Junges and
                  Thiago D. Sim{\~{a}}o},
  title        = {Recursive Small-Step Multi-Agent A* for Dec-POMDPs},
  booktitle    = {{IJCAI}},
  pages        = {5402--5410},
  publisher    = {ijcai.org},
  year         = {2023}
}

% Contingent planning via heuristic search 
@inproceedings{DBLP:conf/aips/HoffmannB05,
  author       = {J{\"{o}}rg Hoffmann and
                  Ronen I. Brafman},
  title        = {Contingent Planning via Heuristic Forward Search witn Implicit Belief
                  States},
  booktitle    = {{ICAPS}},
  pages        = {71--80},
  publisher    = {{AAAI}},
  year         = {2005}
}

% POND planning heuristics
@article{DBLP:journals/jair/BryceKS06,
  author       = {Daniel Bryce and
                  Subbarao Kambhampati and
                  David E. Smith},
  title        = {Planning Graph Heuristics for Belief Space Search},
  journal      = {J. Artif. Intell. Res.},
  volume       = {26},
  pages        = {35--99},
  year         = {2006}
}

% Conformant planning
@article{DBLP:journals/ai/HoffmannB06,
  author       = {J{\"{o}}rg Hoffmann and
                  Ronen I. Brafman},
  title        = {Conformant planning via heuristic forward search: {A} new approach},
  journal      = {Artif. Intell.},
  volume       = {170},
  number       = {6-7},
  pages        = {507--541},
  year         = {2006}
}

@article{banach1922operations,
  title={Sur les op{\'e}rations dans les ensembles abstraits et leur application aux {\'e}quations int{\'e}grales},
  author={Banach, Stefan},
  journal={Fundamenta mathematicae},
  volume={3},
  number={1},
  pages={133--181},
  year={1922},
  publisher={Polska Akademia Nauk. Instytut Matematyczny PAN}
}

@inproceedings{morato2022managing,
  title={Managing offshore wind turbines through {M}arkov decision processes and dynamic {B}ayesian networks},
  author={Morato, Pablo G. and Papakonstantinou, Konstantinos G. and Andriotis, Charalampos P. and Rigo, Philippe},
  booktitle={13th International Conference on Structural Safety \& Reliability (ICOSSAR)},
  year={2022}
}

@article{morato2022optimal,
  title={Optimal inspection and maintenance planning for deteriorating structural components through dynamic {B}ayesian networks and {M}arkov decision processes},
  author={Morato, Pablo G. and Papakonstantinou, Konstantinos G. and Andriotis, Charalampos P. and Nielsen, Jannie S{\o}nderk{\ae}r and Rigo, Philippe},
  journal={Structural Safety},
  volume={94},
  pages={102140},
  year={2022},
  publisher={Elsevier}
}

@article{DBLP:journals/artmed/HauskrechtF00,
  author       = {Milos Hauskrecht and
                  Hamish S. F. Fraser},
  title        = {Planning treatment of ischemic heart disease with partially observable
                  Markov decision processes},
  journal      = {Artif. Intell. Medicine},
  volume       = {18},
  number       = {3},
  pages        = {221--244},
  year         = {2000}
}

@inproceedings{DBLP:conf/ijcai/SimmonsK95,
  author       = {Reid G. Simmons and
                  Sven Koenig},
  title        = {Probabilistic Robot Navigation in Partially Observable Environments},
  booktitle    = {{IJCAI}},
  pages        = {1080--1087},
  publisher    = {Morgan Kaufmann},
  year         = {1995}
}

@article{DBLP:journals/trob/LauriHP23,
  author       = {Mikko Lauri and
                  David Hsu and
                  Joni Pajarinen},
  title        = {Partially Observable Markov Decision Processes in Robotics: {A} Survey},
  journal      = {{IEEE} Trans. Robotics},
  volume       = {39},
  number       = {1},
  pages        = {21--40},
  year         = {2023}
}

@inproceedings{temizer2010collision,
  title={Collision avoidance for unmanned aircraft using Markov decision processes},
  author={Temizer, Selim and Kochenderfer, Mykel and Kaelbling, Leslie and Lozano-P{\'e}rez, Tomas and Kuchar, James},
  booktitle={{AIAA} guidance, navigation, and control conference},
  year={2010}
}

@article{bellmann1957,
    author = "Richard Bellman",
     title = "A {M}arkovian Decision Process",
   journal = "Indiana Univ. Math. J.",
  fjournal = "Indiana University Mathematics Journal",
    volume = 6,
      year = 1957,
     issue = 4,
     pages = "679--684",
}

# Heuristics for machine replacement
@article{DBLP:journals/cor/Sinuany-SternDB97,
  author       = {Zilla Sinuany{-}Stern and
                  Israel David and
                  Sigal Biran},
  title        = {An efficient heuristic for a partially observable Markov decision
                  process of machine replacement},
  journal      = {Comput. Oper. Res.},
  volume       = {24},
  number       = {2},
  pages        = {117--126},
  year         = {1997}
}

# Uses Quadratic instead of piecewise-linear functions for value approximations: pre HSVI
@inproceedings{DBLP:conf/aaai/WangPBS06,
  author       = {Tao Wang and
                  Pascal Poupart and
                  Michael H. Bowling and
                  Dale Schuurmans},
  title        = {Compact, Convex Upper Bound Iteration for Approximate {POMDP} Planning},
  booktitle    = {{AAAI}},
  pages        = {1245--1252},
  publisher    = {{AAAI} Press},
  year         = {2006}
}

% Uses 'information relaxation' on POMDPs, an 'exact' variant of HOP
@article{DBLP:journals/tac/HaughL20,
  author       = {Martin B. Haugh and
                  Octavio Ruiz Lacedelli},
  title        = {Information Relaxation Bounds for Partially Observed Markov Decision
                  Processes},
  journal      = {{IEEE} Trans. Autom. Control.},
  volume       = {65},
  number       = {8},
  pages        = {3256--3271},
  year         = {2020}
}

% Only considers a subset of the possible observation- and state outcomes, and provides an upper bound based on these.
@inproceedings{DBLP:conf/nips/BarenboimI23,
  author       = {Moran Barenboim and
                  Vadim Indelman},
  title        = {Online {POMDP} Planning with Anytime Deterministic Guarantees},
  booktitle    = {NeurIPS},
  year         = {2023}
}

% Delayed MDPs: oldest paper I have on my list
@inproceedings{DBLP:conf/sigmetrics/AltmanN92,
  author       = {Eitan Altman and
                  Philippe Nain},
  title        = {Closed-Loop Control with Delayed Information},
  booktitle    = {{SIGMETRICS}},
  pages        = {193--204},
  publisher    = {{ACM}},
  year         = {1992}
}

% Delayed MDPs: first to give it a nice name.
@article{DBLP:journals/tac/KatsikopoulosE03,
  author       = {Konstantinos V. Katsikopoulos and
                  Sascha E. Engelbrecht},
  title        = {Markov decision processes with delays and asynchronous cost collection},
  journal      = {{IEEE} Trans. Autom. Control.},
  volume       = {48},
  number       = {4},
  pages        = {568--574},
  year         = {2003}
}

% Delayed observation MDPs: proof of NP hardness
@article{DBLP:journals/aamas/WalshNLL09,
  author       = {Thomas J. Walsh and
                  Ali Nouri and
                  Lihong Li and
                  Michael L. Littman},
  title        = {Learning and planning in environments with delayed feedback},
  journal      = {Auton. Agents Multi Agent Syst.},
  volume       = {18},
  number       = {1},
  pages        = {83--105},
  year         = {2009}
}

% Delayed observation MDPs: QMDP-esque approach
@article{DBLP:journals/prl/AgarwalA21,
  author       = {Mridul Agarwal and
                  Vaneet Aggarwal},
  title        = {Blind decision making: Reinforcement learning with delayed observations},
  journal      = {Pattern Recognit. Lett.},
  volume       = {150},
  pages        = {176--182},
  year         = {2021}
}

% Delayed observation MPDs: a Shie Mannor approach...
@inproceedings{DBLP:conf/iclr/DermanDM21,
  author       = {Esther Derman and
                  Gal Dalal and
                  Shie Mannor},
  title        = {Acting in Delayed Environments with Non-Stationary Markov Policies},
  booktitle    = {{ICLR}},
  publisher    = {OpenReview.net},
  year         = {2021}
}

% Julia optimization framework
@article{Lubin2023,
    author = {Miles Lubin and Oscar Dowson and Joaquim {Dias Garcia} and Joey Huchette and Beno{\^i}t Legat and Juan Pablo Vielma},
    title = {{JuMP} 1.0: {R}ecent improvements to a modeling language for mathematical optimization},
    journal = {Mathematical Programming Computation},
    year = {2023},
    doi = {10.1007/s12532-023-00239-3}
}

% Clp: used LP solver
@misc{john_forrest_2024_13347196,
  author       = {John Forrest and
                  Stefan Vigerske and
                  Ted Ralphs and
                  Lou Hafer and
                  J. P. Fasano and
                  Haroldo Gambini Santos and
                  Jan-Willem Goossens and
                  Matthew Saltzman and
                  a-andre and
                  Bjarni Kristjansson and
                  H. I. Gassmann and
                  Alan King and
                  Arevall and
                  Bohdan Mart and
                  Pierre Bonami and
                  Ruan Luies and
                  Samuel Brito and
                  to-st},
  title        = {coin-or/Clp: Release releases/1.17.10},
  month        = aug,
  year         = 2024,
  publisher    = {Zenodo},
  version      = {releases/1.17.10},
  doi          = {10.5281/zenodo.13347196},
  url          = {https://doi.org/10.5281/zenodo.13347196}
}

% Covering number paper: analysis of HSVI/SARSOP like heuristic search solvers
@inproceedings{DBLP:conf/aaai/ZhangLC12,
  author       = {Zongzhang Zhang and
                  Michael L. Littman and
                  Xiaoping Chen},
  title        = {Covering Number as a Complexity Measure for {POMDP} Planning and Learning},
  booktitle    = {{AAAI}},
  pages        = {1853--1859},
  publisher    = {{AAAI} Press},
  year         = {2012}
}

% Grid based point based solver 3:
@inproceedings{DBLP:conf/icml/Bonet02,
  author       = {Blai Bonet},
  title        = {An epsilon-Optimal Grid-Based Algorithm for Partially Observable Markov
                  Decision Processes},
  booktitle    = {{ICML}},
  pages        = {51--58},
  publisher    = {Morgan Kaufmann},
  year         = {2002}
}
