@article{Motejlek2023The,
title={The retention of information in virtual reality based engineering simulations},
author={J. Motejlek and E. Alpay},
journal={European Journal of Engineering Education},
year={2023},
volume={48},
pages={929 - 948},
doi={10.1080/03043797.2022.2160968}
}

@article{Nash2018Virtually,
title={Virtually real: exploring VR documentary},
author={K. Nash},
journal={Studies in Documentary Film},
year={2018},
volume={12},
pages={100 - 97},
doi={10.1080/17503280.2018.1484992}
}

@article{Yildirim2019The,
title={The effect of VR and traditional videos on learner retention and decision making},
author={Gürkan Yildirim and Serkan Yildirim and Emrah Dolgunsöz},
journal={World Journal on Educational Technology: Current Issues},
year={2019},
doi={10.18844/WJET.V11I1.4005}
}

@article{Zollmann2020CasualVRVideos,
title={CasualVRVideos: VR videos from casual stationary videos},
author={S. Zollmann and Anthony Dickson and Jonathan Ventura},
journal={Proceedings of the 26th ACM Symposium on Virtual Reality Software and Technology},
year={2020},
doi={10.1145/3385956.3422119},
publisher = {Association for Computing Machinery},
address = {New York, NY, USA},
}

@inproceedings{abtahi2019m,
  title={I'm a giant: Walking in large virtual environments at high speed gains},
  author={Abtahi, Parastoo and Gonzalez-Franco, Mar and Ofek, Eyal and Steed, Anthony},
  booktitle={Proceedings of the 2019 CHI Conference on Human Factors in Computing Systems},
  pages={1--13},
  year={2019},
publisher = {Association for Computing Machinery},
address = {New York, NY, USA},
}

@incollection{amini2018evaluating,
  title={Evaluating data-driven stories and storytelling tools},
  author={Amini, Fereshteh and Brehmer, Matthew and Bolduan, Gordon and Elmer, Christina and Wiederkehr, Benjamin},
  booktitle={Data-driven storytelling},
  pages={249--286},
  year={2018},
  publisher={AK Peters/CRC Press}
}

@article{assor2024augmented,
  title={Augmented Reality Waste Accumulation Visualizations},
  author={Assor, Ambre and Prouzeau, Arnaud and Dragicevic, Pierre and Hachet, Martin},
  journal={ACM Journal on Computing and Sustainable Societies},
  volume={2},
  number={2},
  pages={1--29},
  year={2024},
  publisher={ACM New York, NY}
}

@inproceedings{bahng2020reflexive,
  title={Reflexive VR storytelling design beyond immersion: facilitating self-reflection on death and loneliness},
  author={Bahng, Sojung and Kelly, Ryan M and McCormack, Jon},
  booktitle={Proceedings of the 2020 CHI conference on human factors in computing systems},
  pages={1--13},
  year={2020},
publisher = {Association for Computing Machinery},
address = {New York, NY, USA},
}

@article{conlen2023cinematic,
  title={Cinematic techniques in narrative visualization},
  author={Conlen, Matthew and Heer, Jeffrey and Mushkin, Hillary and Davidoff, Scott},
  journal={arXiv preprint arXiv:2301.03109},
  year={2023}
}

@article{dasu2023character,
  title={Character-Oriented Design for Visual Data Storytelling},
  author={Dasu, Keshav and Kuo, Yun-Hsin and Ma, Kwan-Liu},
  journal={IEEE Transactions on Visualization and Computer Graphics},
  year={2023},
  publisher={IEEE}
}

@article{davidson2022exploring,
  title={Exploring the evolution of sensemaking strategies in immersive space to think},
  author={Davidson, Kylie and Lisle, Lee and Whitley, Kirsten and Bowman, Doug A and North, Chris},
  journal={IEEE transactions on visualization and computer graphics},
  volume={29},
  number={12},
  pages={5294--5307},
  year={2022},
  publisher={IEEE}
}

@inproceedings{di2021locomotion,
  title={Locomotion vault: the extra mile in analyzing vr locomotion techniques},
  author={Di Luca, Massimiliano and Seifi, Hasti and Egan, Simon and Gonzalez-Franco, Mar},
  booktitle={Proceedings of the 2021 CHI conference on human factors in computing systems},
  pages={1--10},
  year={2021}
}

@article{dong2021tailored,
  title={Tailored reality: Perception-aware scene restructuring for adaptive vr navigation},
  author={Dong, Zhi-Chao and Wu, Wenming and Xu, Zenghao and Sun, Qi and Yuan, Guanjie and Liu, Ligang and Fu, Xiao-Ming},
  journal={ACM Transactions on Graphics (TOG)},
  volume={40},
  number={5},
  pages={1--15},
  year={2021},
  publisher={ACM New York, NY}
}

@inproceedings{hall2022augmented,
  title={Augmented chironomia for presenting data to remote audiences},
  author={Hall, Brian D and Bartram, Lyn and Brehmer, Matthew},
  booktitle={Proceedings of the 35th Annual ACM Symposium on User Interface Software and Technology},
  pages={1--14},
  year={2022},
publisher = {Association for Computing Machinery},
address = {New York, NY, USA}
}

@inproceedings{hoppe2022there,
  title={There is no first-or third-person view in virtual reality: Understanding the perspective continuum},
  author={Hoppe, Matthias and Baumann, Andrea and Tamunjoh, Patrick Chofor and Machulla, Tonja-Katrin and Wo{\'z}niak, Pawe{\l} W and Schmidt, Albrecht and Welsch, Robin},
  booktitle={Proceedings of the 2022 CHI Conference on Human Factors in Computing Systems},
  pages={1--13},
  year={2022}
}

@article{huang2023embodied,
  title={Is embodied interaction beneficial? A study on navigating network visualizations},
  author={Huang, Helen H and Pfister, Hanspeter and Yang, Yalong},
  journal={Information Visualization},
  volume={22},
  number={3},
  pages={169--185},
  year={2023},
  publisher={SAGE Publications Sage UK: London, England}
}

@article{hullman2011visualization,
  title={Visualization rhetoric: Framing effects in narrative visualization},
  author={Hullman, Jessica and Diakopoulos, Nick},
  journal={IEEE transactions on visualization and computer graphics},
  volume={17},
  number={12},
  pages={2231--2240},
  year={2011},
  publisher={IEEE}
}

@article{in2023table,
  title={This is the table i want! interactive data transformation on desktop and in virtual reality},
  author={In, Sungwon and Lin, Tica and North, Chris and Pfister, Hanspeter and Yang, Yalong},
  journal={IEEE Transactions on Visualization and Computer Graphics},
  year={2023},
  publisher={IEEE}
}

@inproceedings{in2024evaluating,
  title={Evaluating Navigation and Comparison Performance of Computational Notebooks on Desktop and in Virtual Reality},
  author={In, Sungwon and Krokos, Eric and Whitley, Kirsten and North, Chris and Yang, Yalong},
  booktitle={Proceedings of the CHI Conference on Human Factors in Computing Systems},
  pages={1--15},
  year={2024}
}

@article{kandaurova2019effects,
  title={The effects of Virtual Reality (VR) on charitable giving: The role of empathy, guilt, responsibility, and social exclusion},
  author={Kandaurova, Maria and Lee, Seung Hwan Mark},
  journal={Journal of Business Research},
  volume={100},
  pages={571--580},
  year={2019},
  publisher={Elsevier}
}

@article{kosara2013storytelling,
  title={Storytelling: The next step for visualization},
  author={Kosara, Robert and Mackinlay, Jock},
  journal={Computer},
  volume={46},
  number={5},
  pages={44--50},
  year={2013},
  publisher={IEEE}
}

@article{kraus2019impact,
  title={The impact of immersion on cluster identification tasks},
  author={Kraus, Matthias and Weiler, Niklas and Oelke, Daniela and Kehrer, Johannes and Keim, Daniel A and Fuchs, Johannes},
  journal={IEEE Transactions on Visualization and Computer Graphics},
  volume={26},
  number={1},
  pages={525--535},
  year={2019},
  publisher={IEEE}
}

@article{krokos2019virtual,
  title={Virtual memory palaces: immersion aids recall},
  author={Krokos, Eric and Plaisant, Catherine and Varshney, Amitabh},
  journal={Virtual reality},
  volume={23},
  number={1},
  pages={1--15},
  year={2019},
  publisher={Springer}
}

@article{lages2018move,
  title={Move the object or move myself? walking vs. manipulation for the examination of 3D scientific data},
  author={Lages, Wallace S and Bowman, Doug A},
  journal={Frontiers in ICT},
  volume={5},
  pages={15},
  year={2018},
  publisher={Frontiers Media SA}
}

@article{lee2020data,
  title={Data visceralization: Enabling deeper understanding of data using virtual reality},
  author={Lee, Benjamin and Brown, Dave and Lee, Bongshin and Hurter, Christophe and Drucker, Steven and Dwyer, Tim},
  journal={IEEE Transactions on Visualization and Computer Graphics},
  volume={27},
  number={2},
  pages={1095--1105},
  year={2020},
  publisher={IEEE}
}

@inproceedings{luo2022should,
  title={Where should we put it? layout and placement strategies of documents in augmented reality for collaborative sensemaking},
  author={Luo, Weizhou and Lehmann, Anke and Widengren, Hjalmar and Dachselt, Raimund},
  booktitle={Proceedings of the 2022 CHI Conference on Human Factors in Computing Systems},
  pages={1--16},
  year={2022}
}

@article{marriott2018immersive,
  title={Immersive analytics: Time to reconsider the value of 3d for information visualisation},
  author={Marriott, Kim and Chen, Jian and Hlawatsch, Marcel and Itoh, Takayuki and Nacenta, Miguel A and Reina, Guido and Stuerzlinger, Wolfgang},
  journal={Immersive analytics},
  pages={25--55},
  year={2018},
  publisher={Springer}
}

@article{mendez2025immersive,
  title={Immersive Data-Driven Storytelling: Scoping an Emerging Field Through the Lenses of Research, Journalism, and Games},
  author={M{\'e}ndez, Juli{\'a}n and Luo, Weizhou and Rzayev, Rufat and B{\"u}schel, Wolfgang and Dachselt, Raimund},
  journal={IEEE Transactions on Visualization and Computer Graphics},
  year={2025},
  publisher={IEEE}
}

@inproceedings{mirhosseini2019exploration,
  title={Exploration of large omnidirectional images in immersive environments},
  author={Mirhosseini, Seyedkoosha and Ghahremani, Parmida and Ojal, Sushant and Marino, Joseph and Kaufman, Arie},
  booktitle={2019 IEEE Conference on Virtual Reality and 3D User Interfaces (VR)},
  pages={413--422},
  year={2019},
  organization={IEEE}
}

@article{morais2020showing,
  title={Showing data about people: A design space of anthropographics},
  author={Morais, Luiz and Jansen, Yvonne and Andrade, Nazareno and Dragicevic, Pierre},
  journal={IEEE Transactions on Visualization and Computer Graphics},
  volume={28},
  number={3},
  pages={1661--1679},
  year={2020},
  publisher={IEEE}
}

@inproceedings{romat2020dear,
  title={Dear pictograph: Investigating the role of personalization and immersion for consuming and enjoying visualizations},
  author={Romat, Hugo and Henry Riche, Nathalie and Hurter, Christophe and Drucker, Steven and Amini, Fereshteh and Hinckley, Ken},
  booktitle={Proceedings of the 2020 CHI Conference on Human Factors in Computing Systems},
  pages={1--13},
  year={2020},
publisher = {Association for Computing Machinery},
address = {New York, NY, USA},
}

@article{satriadi2020maps,
  title={Maps around me: 3d multiview layouts in immersive spaces},
  author={Satriadi, Kadek Ananta and Ens, Barrett and Cordeil, Maxime and Czauderna, Tobias and Jenny, Bernhard},
  journal={Proceedings of the ACM on Human-Computer Interaction},
  volume={4},
  number={ISS},
  pages={1--20},
  year={2020},
  publisher={ACM New York, NY, USA}
}

@article{segel2010narrative,
  title={Narrative visualization: Telling stories with data},
  author={Segel, Edward and Heer, Jeffrey},
  journal={IEEE transactions on visualization and computer graphics},
  volume={16},
  number={6},
  pages={1139--1148},
  year={2010},
  publisher={IEEE}
}

@article{servotte2020vr,
title={Virtual Reality Experience: Immersion, Sense of Presence, and Cybersickness},
author={J. Servotte and Manon Goosse and S. Campbell and N. Dardenne and Bruno Pilote and Ivan L. Simoneau and M. Guillaume and I. Bragard and A. Ghuysen},
journal={Clinical Simulation in Nursing},
year={2020},
volume={38},
pages={35-43},
doi={10.1016/j.ecns.2019.09.006}
}

@inproceedings{shin2019any,
  title={Is any room really ok? the effect of room size and furniture on presence, narrative engagement, and usability during a space-adaptive augmented reality game},
  author={Shin, Jae-eun and Kim, Hayun and Parker, Callum and Kim, Hyung-il and Oh, Seoyoung and Woo, Woontack},
  booktitle={2019 IEEE International Symposium on Mixed and Augmented Reality (ISMAR)},
  pages={135--144},
  year={2019},
  organization={IEEE}
}

@inproceedings{shin2024investigating,
  title={Investigating the Design of Augmented Narrative Spaces Through Virtual-Real Connections: A Systematic Literature Review},
  author={Shin, Jae-Eun and Kim, Hayun and Park, Hyerim and Woo, Woontack},
  booktitle={Proceedings of the CHI Conference on Human Factors in Computing Systems},
  pages={1--18},
  year={2024}
}

@misc{swidrak2024beyond,
  title={Beyond audiovisual: novel multisensory stimulation techniques and their applications},
  author={{\'S}widrak, Justyna and Georgiou, Orestis and Banakou, Domna and Matamala-Gomez, Marta and Pochwatko, Grzegorz and Seinfeld, Sofia},
  journal={Frontiers in Virtual Reality},
  volume={5},
  pages={1491854},
  year={2024},
  publisher={Frontiers Media SA}
}

@inproceedings{tursunov2024creating,
  title={Creating a Metaverse-Based Meeting Room with Live Avatar Control and Web Communication},
  author={Tursunov, Javlon and Rozinaj, Gregor and Minarik, Ivan and Vanco, Marek},
  booktitle={2024 International Symposium ELMAR},
  pages={57--60},
  year={2024},
  organization={IEEE}
}

@inproceedings{wu2024metamorphosis,
  title={The Metamorphosis of Storytelling: Time-based Interactivity in Virtual Reality Filmmaking},
  author={Wu, Kaifeng and Karwas, Dana},
  booktitle={Extended Abstracts of the CHI Conference on Human Factors in Computing Systems},
  pages={1--5},
  year={2024}
}

@inproceedings{yang2018maps,
  title={Maps and globes in virtual reality},
  author={Yang, Yalong and Jenny, Bernhard and Dwyer, Tim and Marriott, Kim and Chen, Haohui and Cordeil, Maxime},
  booktitle={Computer Graphics Forum},
  volume={37},
  number={3},
  pages={427--438},
  year={2018},
  organization={Wiley Online Library}
}

@article{yang2020embodied,
  title={Embodied navigation in immersive abstract data visualization: Is overview+ detail or zooming better for 3d scatterplots?},
  author={Yang, Yalong and Cordeil, Maxime and Beyer, Johanna and Dwyer, Tim and Marriott, Kim and Pfister, Hanspeter},
  journal={IEEE Transactions on Visualization and Computer Graphics},
  volume={27},
  number={2},
  pages={1214--1224},
  year={2020},
  publisher={IEEE}
}

@article{yang2020virtual,
  title={A virtual reality memory palace variant aids knowledge retrieval from scholarly articles},
  author={Yang, Fumeng and Qian, Jing and Novotny, Johannes and Badre, David and Jackson, Cullen D and Laidlaw, David H},
  journal={IEEE Transactions on Visualization and Computer Graphics},
  volume={27},
  number={12},
  pages={4359--4373},
  year={2020},
  publisher={IEEE}
}

@article{yang2021design,
  title={A design space for applying the freytag's pyramid structure to data stories},
  author={Yang, Leni and Xu, Xian and Lan, XingYu and Liu, Ziyan and Guo, Shunan and Shi, Yang and Qu, Huamin and Cao, Nan},
  journal={IEEE Transactions on Visualization and Computer Graphics},
  volume={28},
  number={1},
  pages={922--932},
  year={2021},
  publisher={IEEE}
}

@inproceedings{yang2023understanding,
  title={Understanding 3d data videos: From screens to virtual reality},
  author={Yang, Leni and Wu, Aoyu and Tong, Wai and Xu, Xian and Wei, Zheng and Qu, Huamin},
  booktitle={2023 IEEE 16th Pacific Visualization Symposium (PacificVis)},
  pages={197--206},
  year={2023},
  organization={IEEE}
}

@inproceedings{zhao2023leanon,
  title={LeanOn: Simulating Balance Vehicle Locomotion in Virtual Reality},
  author={Zhao, Ziyue and Li, Yue and Liang, Hai-Ning},
  booktitle={2023 IEEE International Symposium on Mixed and Augmented Reality (ISMAR)},
  pages={415--424},
  year={2023},
  organization={IEEE}
}

@article{zhao2023stories,
  title={The stories we tell about data: Surveying data-driven storytelling using visualization},
  author={Zhao, Zhenpeng and Elmqvist, Niklas},
  journal={IEEE Computer Graphics and Applications},
  volume={43},
  number={4},
  pages={97--110},
  year={2023},
  publisher={IEEE}
}

@inproceedings{zhou2023data,
  title={Data-driven Storytelling in Hybrid Immersive Display Environments},
  author={Zhou, Xiaoyan and Yang, Yalong and Ortega, Francisco and Batmaz, Anil Ufuk and Lee, Benjamin},
  booktitle={2023 IEEE International Symposium on Mixed and Augmented Reality Adjunct (ISMAR-Adjunct)},
  pages={242--246},
  year={2023},
  organization={IEEE}
}

@article{zhu2024compositingvis,
  title={CompositingVis: Exploring Interactions for Creating Composite Visualizations in Immersive Environments},
  author={Zhu, Qian and Lu, Tao and Guo, Shunan and Ma, Xiaojuan and Yang, Yalong},
  journal={IEEE Transactions on Visualization and Computer Graphics},
  year={2024},
  publisher={IEEE}
}

@article{zhu2024reader,
  title={From reader to experiencer: Design and evaluation of a VR data story for promoting the situation awareness of public health threats},
  author={Zhu, Qian and Yuan, Linping and Xu, Zian and Yang, Leni and Xia, Meng and Wang, Zhuo and Liang, Hai-Ning and Ma, Xiaojuan},
  journal={International Journal of Human-Computer Studies},
  volume={181},
  pages={103137},
  year={2024},
  publisher={Elsevier}
}

