@article{morais2020showing,
  title={Showing data about people: A design space of anthropographics},
  author={Morais, Luiz and Jansen, Yvonne and Andrade, Nazareno and Dragicevic, Pierre},
  journal={IEEE Transactions on Visualization and Computer Graphics},
  volume={28},
  number={3},
  pages={1661--1679},
  year={2020},
  publisher={IEEE}
}

@article{dasu2023character,
  title={Character-Oriented Design for Visual Data Storytelling},
  author={Dasu, Keshav and Kuo, Yun-Hsin and Ma, Kwan-Liu},
  journal={IEEE Transactions on Visualization and Computer Graphics},
  year={2023},
  publisher={IEEE}
}

@inproceedings{wu2024metamorphosis,
  title={The Metamorphosis of Storytelling: Time-based Interactivity in Virtual Reality Filmmaking},
  author={Wu, Kaifeng and Karwas, Dana},
  booktitle={Extended Abstracts of the CHI Conference on Human Factors in Computing Systems},
  pages={1--5},
  year={2024}
}

@article{yang2021design,
  title={A design space for applying the freytag's pyramid structure to data stories},
  author={Yang, Leni and Xu, Xian and Lan, XingYu and Liu, Ziyan and Guo, Shunan and Shi, Yang and Qu, Huamin and Cao, Nan},
  journal={IEEE Transactions on Visualization and Computer Graphics},
  volume={28},
  number={1},
  pages={922--932},
  year={2021},
  publisher={IEEE}
}

@article{zhao2023stories,
  title={The stories we tell about data: Surveying data-driven storytelling using visualization},
  author={Zhao, Zhenpeng and Elmqvist, Niklas},
  journal={IEEE Computer Graphics and Applications},
  volume={43},
  number={4},
  pages={97--110},
  year={2023},
  publisher={IEEE}
}

@article{in2023table,
  title={This is the table i want! interactive data transformation on desktop and in virtual reality},
  author={In, Sungwon and Lin, Tica and North, Chris and Pfister, Hanspeter and Yang, Yalong},
  journal={IEEE Transactions on Visualization and Computer Graphics},
  year={2023},
  publisher={IEEE}
}

@article{lee2020data,
  title={Data visceralization: Enabling deeper understanding of data using virtual reality},
  author={Lee, Benjamin and Brown, Dave and Lee, Bongshin and Hurter, Christophe and Drucker, Steven and Dwyer, Tim},
  journal={IEEE Transactions on Visualization and Computer Graphics},
  volume={27},
  number={2},
  pages={1095--1105},
  year={2020},
  publisher={IEEE}
}

@inproceedings{hall2022augmented,
  title={Augmented chironomia for presenting data to remote audiences},
  author={Hall, Brian D and Bartram, Lyn and Brehmer, Matthew},
  booktitle={Proceedings of the 35th Annual ACM Symposium on User Interface Software and Technology},
  pages={1--14},
  year={2022},
publisher = {Association for Computing Machinery},
address = {New York, NY, USA}
}

@article{assor2024augmented,
  title={Augmented Reality Waste Accumulation Visualizations},
  author={Assor, Ambre and Prouzeau, Arnaud and Dragicevic, Pierre and Hachet, Martin},
  journal={ACM Journal on Computing and Sustainable Societies},
  volume={2},
  number={2},
  pages={1--29},
  year={2024},
  publisher={ACM New York, NY}
}

@article{zhu2024reader,
  title={From reader to experiencer: Design and evaluation of a VR data story for promoting the situation awareness of public health threats},
  author={Zhu, Qian and Yuan, Linping and Xu, Zian and Yang, Leni and Xia, Meng and Wang, Zhuo and Liang, Hai-Ning and Ma, Xiaojuan},
  journal={International Journal of Human-Computer Studies},
  volume={181},
  pages={103137},
  year={2024},
  publisher={Elsevier}
}

@inproceedings{romat2020dear,
  title={Dear pictograph: Investigating the role of personalization and immersion for consuming and enjoying visualizations},
  author={Romat, Hugo and Henry Riche, Nathalie and Hurter, Christophe and Drucker, Steven and Amini, Fereshteh and Hinckley, Ken},
  booktitle={Proceedings of the 2020 CHI Conference on Human Factors in Computing Systems},
  pages={1--13},
  year={2020},
publisher = {Association for Computing Machinery},
address = {New York, NY, USA},
}

@article{conlen2023cinematic,
  title={Cinematic techniques in narrative visualization},
  author={Conlen, Matthew and Heer, Jeffrey and Mushkin, Hillary and Davidoff, Scott},
  journal={arXiv preprint arXiv:2301.03109},
  year={2023}
}

@inproceedings{yang2023understanding,
  title={Understanding 3d data videos: From screens to virtual reality},
  author={Yang, Leni and Wu, Aoyu and Tong, Wai and Xu, Xian and Wei, Zheng and Qu, Huamin},
  booktitle={2023 IEEE 16th Pacific Visualization Symposium (PacificVis)},
  pages={197--206},
  year={2023},
  organization={IEEE}
}

@inproceedings{tong2019action,
  title={Action units: Directing user attention in 360-degree video based VR},
  author={Tong, Lingwei and Jung, Sungchul and Lindeman, Robert W},
  booktitle={Proceedings of the 25th ACM Symposium on Virtual Reality Software and Technology},
  pages={1--2},
  year={2019}
}

@article{Nash2018Virtually,
title={Virtually real: exploring VR documentary},
author={K. Nash},
journal={Studies in Documentary Film},
year={2018},
volume={12},
pages={100 - 97},
doi={10.1080/17503280.2018.1484992}
}

@article{hullman2011visualization,
  title={Visualization rhetoric: Framing effects in narrative visualization},
  author={Hullman, Jessica and Diakopoulos, Nick},
  journal={IEEE transactions on visualization and computer graphics},
  volume={17},
  number={12},
  pages={2231--2240},
  year={2011},
  publisher={IEEE}
}

@article{Zollmann2020CasualVRVideos,
title={CasualVRVideos: VR videos from casual stationary videos},
author={S. Zollmann and Anthony Dickson and Jonathan Ventura},
journal={Proceedings of the 26th ACM Symposium on Virtual Reality Software and Technology},
year={2020},
doi={10.1145/3385956.3422119},
publisher = {Association for Computing Machinery},
address = {New York, NY, USA},
}

@inproceedings{abtahi2019m,
  title={I'm a giant: Walking in large virtual environments at high speed gains},
  author={Abtahi, Parastoo and Gonzalez-Franco, Mar and Ofek, Eyal and Steed, Anthony},
  booktitle={Proceedings of the 2019 CHI Conference on Human Factors in Computing Systems},
  pages={1--13},
  year={2019},
publisher = {Association for Computing Machinery},
address = {New York, NY, USA},
}

@inproceedings{liu2023datadancing,
  title={Datadancing: An exploration of the design space for visualisation view management for 3d surfaces and spaces},
  author={Liu, Jiazhou and Ens, Barrett and Prouzeau, Arnaud and Smiley, Jim and Nixon, Isobel Kara and Goodwin, Sarah and Dwyer, Tim},
  booktitle={Proceedings of the 2023 CHI Conference on Human Factors in Computing Systems},
  pages={1--17},
  year={2023},
publisher = {Association for Computing Machinery},
address = {New York, NY, USA},
}

@article{kandaurova2019effects,
  title={The effects of Virtual Reality (VR) on charitable giving: The role of empathy, guilt, responsibility, and social exclusion},
  author={Kandaurova, Maria and Lee, Seung Hwan Mark},
  journal={Journal of Business Research},
  volume={100},
  pages={571--580},
  year={2019},
  publisher={Elsevier}
}

@inproceedings{bahng2020reflexive,
  title={Reflexive VR storytelling design beyond immersion: facilitating self-reflection on death and loneliness},
  author={Bahng, Sojung and Kelly, Ryan M and McCormack, Jon},
  booktitle={Proceedings of the 2020 CHI conference on human factors in computing systems},
  pages={1--13},
  year={2020},
publisher = {Association for Computing Machinery},
address = {New York, NY, USA},
}

@article{isenberg2018immersive,
  title={Immersive visual data stories},
  author={Isenberg, Petra and Lee, Bongshin and Qu, Huamin and Cordeil, Maxime},
  journal={Immersive analytics},
  pages={165--184},
  year={2018},
  publisher={Springer}
}

@article{marriott2018immersive,
  title={Immersive analytics: Time to reconsider the value of 3d for information visualisation},
  author={Marriott, Kim and Chen, Jian and Hlawatsch, Marcel and Itoh, Takayuki and Nacenta, Miguel A and Reina, Guido and Stuerzlinger, Wolfgang},
  journal={Immersive analytics},
  pages={25--55},
  year={2018},
  publisher={Springer}
}

@article{Yildirim2019The,
title={The effect of VR and traditional videos on learner retention and decision making},
author={Gürkan Yildirim and Serkan Yildirim and Emrah Dolgunsöz},
journal={World Journal on Educational Technology: Current Issues},
year={2019},
doi={10.18844/WJET.V11I1.4005}
}

@article{Motejlek2023The,
title={The retention of information in virtual reality based engineering simulations},
author={J. Motejlek and E. Alpay},
journal={European Journal of Engineering Education},
year={2023},
volume={48},
pages={929 - 948},
doi={10.1080/03043797.2022.2160968}
}

@inproceedings{zhao2023leanon,
  title={LeanOn: Simulating Balance Vehicle Locomotion in Virtual Reality},
  author={Zhao, Ziyue and Li, Yue and Liang, Hai-Ning},
  booktitle={2023 IEEE International Symposium on Mixed and Augmented Reality (ISMAR)},
  pages={415--424},
  year={2023},
  organization={IEEE}
}

@article{servotte2020vr,
title={Virtual Reality Experience: Immersion, Sense of Presence, and Cybersickness},
author={J. Servotte and Manon Goosse and S. Campbell and N. Dardenne and Bruno Pilote and Ivan L. Simoneau and M. Guillaume and I. Bragard and A. Ghuysen},
journal={Clinical Simulation in Nursing},
year={2020},
volume={38},
pages={35-43},
doi={10.1016/j.ecns.2019.09.006}
}

@incollection{amini2018evaluating,
  title={Evaluating data-driven stories and storytelling tools},
  author={Amini, Fereshteh and Brehmer, Matthew and Bolduan, Gordon and Elmer, Christina and Wiederkehr, Benjamin},
  booktitle={Data-driven storytelling},
  pages={249--286},
  year={2018},
  publisher={AK Peters/CRC Press}
}

@article{kosara2013storytelling,
  title={Storytelling: The next step for visualization},
  author={Kosara, Robert and Mackinlay, Jock},
  journal={Computer},
  volume={46},
  number={5},
  pages={44--50},
  year={2013},
  publisher={IEEE}
}

@article{segel2010narrative,
  title={Narrative visualization: Telling stories with data},
  author={Segel, Edward and Heer, Jeffrey},
  journal={IEEE transactions on visualization and computer graphics},
  volume={16},
  number={6},
  pages={1139--1148},
  year={2010},
  publisher={IEEE}
}

@incollection{thudt2018exploration,
  title={Exploration and explanation in data-driven storytelling},
  author={Thudt, Alice and Walny, Jagoda and Gschwandtner, Theresia and Dykes, Jason and Stasko, John},
  booktitle={Data-Driven Storytelling},
  pages={59--83},
  year={2018},
  publisher={AK Peters/CRC Press}
}

@article{wolf2016potentials,
  title={Potentials of digital longforms in journalism. A survey among mobile Internet users about the relevance of online devices, Internet-specific qualities, and modes of payment},
  author={Wolf, Cornelia and Godulla, Alexander},
  journal={Journal of media business studies},
  volume={13},
  number={4},
  pages={199--221},
  year={2016},
  publisher={Taylor \& Francis}
}

@article{oesch2022scrolling,
  title={Scrolling into the Newsroom: A vocabulary for scrollytelling techniques in visual online articles},
  author={Oesch, Jonas and Renner, Adina and Roth, Manuel},
  journal={Information Design Journal},
  volume={27},
  number={1},
  pages={102--114},
  year={2022},
  publisher={John Benjamins Publishing Company Amsterdam/Philadelphia}
}

@article{riedl2006linear,
  title={From linear story generation to branching story graphs},
  author={Riedl, Mark O and Young, Robert Michael},
  journal={IEEE Computer Graphics and Applications},
  volume={26},
  number={3},
  pages={23--31},
  year={2006},
  publisher={IEEE}
}

@incollection{stolper2018data,
  title={Data-driven storytelling techniques: Analysis of a curated collection of visual stories},
  author={Stolper, Charles D and Lee, Bongshin and Riche, Nathalie Henry and Stasko, John},
  booktitle={Data-driven storytelling},
  pages={85--105},
  year={2018},
  publisher={AK Peters/CRC Press}
}

@article{kulkarni2023innovating,
  title={Innovating online journalism: New ways of storytelling},
  author={Kulkarni, Shirish and Thomas, Richard and Komorowski, Marlen and Lewis, Justin},
  journal={Journalism Practice},
  volume={17},
  number={9},
  pages={1845--1863},
  year={2023},
  publisher={Taylor \& Francis}
}

@article{krokos2019virtual,
  title={Virtual memory palaces: immersion aids recall},
  author={Krokos, Eric and Plaisant, Catherine and Varshney, Amitabh},
  journal={Virtual reality},
  volume={23},
  number={1},
  pages={1--15},
  year={2019},
  publisher={Springer}
}

@inproceedings{yang2018maps,
  title={Maps and globes in virtual reality},
  author={Yang, Yalong and Jenny, Bernhard and Dwyer, Tim and Marriott, Kim and Chen, Haohui and Cordeil, Maxime},
  booktitle={Computer Graphics Forum},
  volume={37},
  number={3},
  pages={427--438},
  year={2018},
  organization={Wiley Online Library}
}

@article{kraus2019impact,
  title={The impact of immersion on cluster identification tasks},
  author={Kraus, Matthias and Weiler, Niklas and Oelke, Daniela and Kehrer, Johannes and Keim, Daniel A and Fuchs, Johannes},
  journal={IEEE Transactions on Visualization and Computer Graphics},
  volume={26},
  number={1},
  pages={525--535},
  year={2019},
  publisher={IEEE}
}

@article{yang2020embodied,
  title={Embodied navigation in immersive abstract data visualization: Is overview+ detail or zooming better for 3d scatterplots?},
  author={Yang, Yalong and Cordeil, Maxime and Beyer, Johanna and Dwyer, Tim and Marriott, Kim and Pfister, Hanspeter},
  journal={IEEE Transactions on Visualization and Computer Graphics},
  volume={27},
  number={2},
  pages={1214--1224},
  year={2020},
  publisher={IEEE}
}

@article{lin2021labeling,
  title={Labeling out-of-view objects in immersive analytics to support situated visual searching},
  author={Lin, Tica and Yang, Yalong and Beyer, Johanna and Pfister, Hanspeter},
  journal={IEEE transactions on visualization and computer graphics},
  volume={29},
  number={3},
  pages={1831--1844},
  year={2021},
  publisher={IEEE}
}

@inproceedings{petford2019comparison,
  title={A comparison of notification techniques for out-of-view objects in full-coverage displays},
  author={Petford, Julian and Carson, Iain and Nacenta, Miguel A and Gutwin, Carl},
  booktitle={Proceedings of the 2019 CHI Conference on Human Factors in Computing Systems},
  pages={1--13},
  year={2019}
}

@inproceedings{lange2020hivefive,
  title={Hivefive: Immersion preserving attention guidance in virtual reality},
  author={Lange, Daniel and Stratmann, Tim Claudius and Gruenefeld, Uwe and Boll, Susanne},
  booktitle={Proceedings of the 2020 CHI conference on human factors in computing systems},
  pages={1--13},
  year={2020}
}

@inproceedings{in2024evaluating,
  title={Evaluating Navigation and Comparison Performance of Computational Notebooks on Desktop and in Virtual Reality},
  author={In, Sungwon and Krokos, Eric and Whitley, Kirsten and North, Chris and Yang, Yalong},
  booktitle={Proceedings of the CHI Conference on Human Factors in Computing Systems},
  pages={1--15},
  year={2024}
}

@article{davidson2022exploring,
  title={Exploring the evolution of sensemaking strategies in immersive space to think},
  author={Davidson, Kylie and Lisle, Lee and Whitley, Kirsten and Bowman, Doug A and North, Chris},
  journal={IEEE transactions on visualization and computer graphics},
  volume={29},
  number={12},
  pages={5294--5307},
  year={2022},
  publisher={IEEE}
}

@inproceedings{zhou2023data,
  title={Data-driven Storytelling in Hybrid Immersive Display Environments},
  author={Zhou, Xiaoyan and Yang, Yalong and Ortega, Francisco and Batmaz, Anil Ufuk and Lee, Benjamin},
  booktitle={2023 IEEE International Symposium on Mixed and Augmented Reality Adjunct (ISMAR-Adjunct)},
  pages={242--246},
  year={2023},
  organization={IEEE}
}


@incollection{bach2018narrative,
  title={Narrative design patterns for data-driven storytelling},
  author={Bach, Benjamin and Stefaner, Moritz and Boy, Jeremy and Drucker, Steven and Bartram, Lyn and Wood, Jo and Ciuccarelli, Paolo and Engelhardt, Yuri and Koeppen, Ulrike and Tversky, Barbara},
  booktitle={Data-driven storytelling},
  pages={107--133},
  year={2018},
  publisher={AK Peters/CRC Press}
}


@article{melo2020multisensory,
  title={Do multisensory stimuli benefit the virtual reality experience? A systematic review},
  author={Melo, Miguel and Gon{\c{c}}alves, Guilherme and Monteiro, Pedro and Coelho, Hugo and Vasconcelos-Raposo, Jos{\'e} and Bessa, Maximino},
  journal={IEEE transactions on visualization and computer graphics},
  volume={28},
  number={2},
  pages={1428--1442},
  year={2020},
  publisher={IEEE}
}

@inproceedings{luo2022should,
  title={Where should we put it? layout and placement strategies of documents in augmented reality for collaborative sensemaking},
  author={Luo, Weizhou and Lehmann, Anke and Widengren, Hjalmar and Dachselt, Raimund},
  booktitle={Proceedings of the 2022 CHI Conference on Human Factors in Computing Systems},
  pages={1--16},
  year={2022}
}

@article{satriadi2020maps,
  title={Maps around me: 3d multiview layouts in immersive spaces},
  author={Satriadi, Kadek Ananta and Ens, Barrett and Cordeil, Maxime and Czauderna, Tobias and Jenny, Bernhard},
  journal={Proceedings of the ACM on Human-Computer Interaction},
  volume={4},
  number={ISS},
  pages={1--20},
  year={2020},
  publisher={ACM New York, NY, USA}
}

@article{yang2020virtual,
  title={A virtual reality memory palace variant aids knowledge retrieval from scholarly articles},
  author={Yang, Fumeng and Qian, Jing and Novotny, Johannes and Badre, David and Jackson, Cullen D and Laidlaw, David H},
  journal={IEEE Transactions on Visualization and Computer Graphics},
  volume={27},
  number={12},
  pages={4359--4373},
  year={2020},
  publisher={IEEE}
}

@inproceedings{di2021locomotion,
  title={Locomotion vault: the extra mile in analyzing vr locomotion techniques},
  author={Di Luca, Massimiliano and Seifi, Hasti and Egan, Simon and Gonzalez-Franco, Mar},
  booktitle={Proceedings of the 2021 CHI conference on human factors in computing systems},
  pages={1--10},
  year={2021}
}

@article{lages2018move,
  title={Move the object or move myself? walking vs. manipulation for the examination of 3D scientific data},
  author={Lages, Wallace S and Bowman, Doug A},
  journal={Frontiers in ICT},
  volume={5},
  pages={15},
  year={2018},
  publisher={Frontiers Media SA}
}

@inproceedings{seyser2018scrollytelling,
  title={Scrollytelling--an analysis of visual storytelling in online journalism},
  author={Seyser, Doris and Zeiller, Michael},
  booktitle={2018 22nd international conference information visualisation (IV)},
  pages={401--406},
  year={2018},
  organization={IEEE}
}

@misc{nyt,
  title = {Graphics},
  url = {https://www.nytimes.com/spotlight/graphics},
  year = {2024},
  author = {The New York Times}
}

@misc{lat,
  title = {News from California, the nation and world},
  url = {https://www.latimes.com/},
  year = {2024},
  author = {Los Angeles Times}
}

@misc{wapo,
  title = {Visual Stories - The Washington Post},
  url = {https://www.washingtonpost.com/visual-stories/},
  year = {2024},
  author = {The Wasington Post}
}

@misc{guardian,
  title = {Graphics | The Guardian},
  url = {https://theguardian.com/tone/graphics},
  year = {2024},
  author = {The Guardian}
}

@misc{bloomberg,
  title = {Graphics - Bloomberg},
  url = {https://www.bloomberg.com/graphics},
  year = {2024},
  author = {Bloomberg}
}

@misc{reuters,
  title = {Reuters Graphics - Charts, Maps, Interactive Graphics and Videos},
  url = {https://www.reuters.com/graphics},
  year = {2024},
  author = {Reuters}
}

@misc{NG,
  title = {National Geographics},
  url = {https://www.nationalgeographic.com},
  year = {2024},
  author = {National Geographics}
}

@misc{FT,
  title = {Visual and data journalism},
  url = {https://www.ft.com/visual-and-data-journalism},
  year = {2024},
  author = {Financial Times}
}

@misc{pudding,
  title = {The Pudding},
  url = {https://pudding.cool},
  year = {2024},
  author = {The Pudding}
}

@article{roth2021cartographic,
  title={Cartographic design as visual storytelling: synthesis and review of map-based narratives, genres, and tropes},
  author={Roth, Robert E},
  journal={The Cartographic Journal},
  volume={58},
  number={1},
  pages={83--114},
  year={2021},
  publisher={Taylor \& Francis}
}

@article{wu2018thinking,
  title={Thinking like a director: Film editing patterns for virtual cinematographic storytelling},
  author={Wu, Hui-Yin and Pal{\`u}, Francesca and Ranon, Roberto and Christie, Marc},
  journal={ACM Transactions on Multimedia Computing, Communications, and Applications (TOMM)},
  volume={14},
  number={4},
  pages={1--22},
  year={2018},
  publisher={ACM New York, NY, USA}
}

@inproceedings{mayer2023characterization,
  title={A Characterization of Interactive Visual Data Stories With a Spatio-Temporal Context},
  author={Mayer, Benedikt and Steinhauer, Nastasja and Preim, Bernhard and Meuschke, Monique},
  booktitle={Computer Graphics Forum},
  volume={42},
  number={6},
  pages={e14922},
  year={2023},
  organization={Wiley Online Library}
}

@article{lin2022quest,
  title={The quest for omnioculars: Embedded visualization for augmenting basketball game viewing experiences},
  author={Lin, Tica and Chen, Zhutian and Yang, Yalong and Chiappalupi, Daniele and Beyer, Johanna and Pfister, Hanspeter},
  journal={IEEE transactions on visualization and computer graphics},
  volume={29},
  number={1},
  pages={962--971},
  year={2022},
  publisher={IEEE}
}

// visceralization
@inproceedings{millais2018exploring,
  title={Exploring data in virtual reality: Comparisons with 2d data visualizations},
  author={Millais, Patrick and Jones, Simon L and Kelly, Ryan},
  booktitle={Extended abstracts of the 2018 CHI conference on human factors in computing systems},
  pages={1--6},
  year={2018},
publisher = {Association for Computing Machinery},
address = {New York, NY, USA},
}

@inproceedings{lan2021understanding,
  title={Understanding narrative linearity for telling expressive time-oriented stories},
  author={Lan, Xingyu and Xu, Xinyue and Cao, Nan},
  booktitle={Proceedings of the 2021 CHI conference on human factors in computing systems},
  pages={1--13},
  year={2021},
publisher = {Association for Computing Machinery},
address = {New York, NY, USA},
}

@misc{becker_2015_is,
  author = {Becker, Roger Kenny, Ana},
  month = {04},
  title = {Is the NASDAQ in Another Bubble? a Virtual Reality Tour of the NASDAQ},
  url = {https://graphics.wsj.com/3d-nasdaq/},
  urldate = {2024-07-24},
  year = {2015},
  organization = {WSJ}
}

@misc{google_2016_beyond,
  author = {Google},
  month = {07},
  title = {Beyond the Map, Rio De Janeiro - Introduction},
  url = {https://www.youtube.com/watch?v=gN9-ZdNC6s0},
  urldate = {2024-07-24},
  year = {2016},
  organization = {YouTube}
}

@misc{sportsillustrated_2017_chapter,
  author = {Sports Illustrated},
  month = {05},
  title = {Chapter 1: Preparing to Hike to the Top of Mount Everest in 4KVR | 360 Video | Sports Illustrated},
  url = {https://www.youtube.com/watch?v=5_YNjD2HWVI&t=242s},
  urldate = {2024-07-24},
  year = {2017},
  organization = {YouTube}
}

@misc{thenewyorktimes_2022_showcasing,
  author = {The New York Times},
  month = {09},
  title = {Showcasing 31 Published Experiments in AR Storytelling},
  url = {https://rd.nytimes.com/projects/augmented-reality-storytelling/},
  year = {2022},
  organization = {rd.nytimes.com}
}

@article{berkman2021group,
  title={I-group presence questionnaire: Psychometrically revised English version},
  author={Berkman, Mehmet {\.I}lker and {\c{C}}atak, G{\"u}ven},
  journal={Mugla Journal of Science and Technology},
  volume={7},
  pages={1--10},
  year={2021},
  publisher={Mu{\u{g}}la S{\i}tk{\i} Ko{\c{c}}man {\"U}niversitesi}
}

@incollection{hart1988development,
  title={Development of NASA-TLX (Task Load Index): Results of empirical and theoretical research},
  author={Hart, Sandra G and Staveland, Lowell E},
  booktitle={Advances in psychology},
  volume={52},
  pages={139--183},
  year={1988},
  publisher={Elsevier}
}

@article{Williams2019Attending,
    title={Attending to the visual aspects of visual storytelling: using art and design concepts to interpret and compose narratives with images},
    author={W. Williams},
    journal={Journal of Visual Literacy},
    year={2019},
    volume={38},
    pages={66 - 82},
    doi={10.1080/1051144X.2019.1569832}
}

@article{Baharuddin2023The,
    title={The Creative Process: Developing Visual Storytelling through Design Thinking},
    author={N. Baharuddin and H. Rosli and Mohd. Suhaimi Juhan},
    journal={International Journal of Academic Research in Business and Social Sciences},
    year={2023},
    doi={10.6007/ijarbss/v13-i10/19113}
}

@article{Moin2020Storytelling,
title={Storytelling in destination brands’ promotional videos},
author={S M A Moin and Sameer Hosany and J. O'Brien},
journal={Tourism Management Perspectives},
year={2020},
volume={34},
pages={100639},
doi={10.1016/j.tmp.2020.100639}
}

@article{Zhou2005VISUAL,
title={VISUAL DIFFERENCES IN U.S. AND CHINESE TELEVISION COMMERCIALS},
author={Shuhua Zhou and Fei Xue and Peiqin Zhou},
journal={Journal of Advertising},
year={2005},
volume={34},
pages={112 - 119},
doi={10.1080/00913367.2005.10639182}
}

@article{Ma2012Scientific,
title={Scientific Storytelling Using Visualization},
author={K. Ma and Isaac Liao and Jennifer Frazier and H. Hauser and H. Kostis},
journal={IEEE Computer Graphics and Applications},
year={2012},
volume={32},
pages={12-19},
doi={10.1109/MCG.2012.24}
}

@article{Ursyn2019Visual,
title={Visual Storytelling for Various Interfaces},
author={A. Ursyn},
journal={Advances in Multimedia and Interactive Technologies},
year={2019},
doi={10.4018/978-1-5225-7371-5.CH004}
}

@article{Yu2018A,
title={A Comparative Research on Cognitive Effect of Infographic and Animation Presentation in News},
author={Xinyi Yu and Lei Shi},
journal={2018 International Joint Conference on Information, Media and Engineering (ICIME)},
year={2018},
pages={73-76},
doi={10.1109/ICIME.2018.00024}
}

@article{Greussing2020Learning,
title={Learning From Science News via Interactive and Animated Data Visualizations: An Investigation Combining Eye Tracking, Online Survey, and Cued Retrospective Reporting},
author={Esther Greussing and S. Kessler and H. Boomgaarden},
journal={Science Communication},
year={2020},
volume={42},
pages={803 - 828},
doi={10.1177/1075547020962100}
}

@article{Lima2020Sketch-Based,
title={Sketch-Based Interaction for Planning-Based Interactive Storytelling},
author={E. S. D. Lima and Felipe João Gheno and A. Viseu},
journal={2020 19th Brazilian Symposium on Computer Games and Digital Entertainment (SBGames)},
year={2020},
pages={154-162},
doi={10.1109/SBGames51465.2020.00029}
}

@article{Indans2019Towards,
title={Towards an Audio-Locative Mobile Application for Immersive Storytelling},
author={R. Indans and Eva Hauthal and D. Burghardt},
journal={KN - Journal of Cartography and Geographic Information},
year={2019},
volume={69},
pages={41-50},
doi={10.1007/s42489-019-00007-1}
}

@article{Chen2021SceneAR:,
title={SceneAR: Scene-based Micro Narratives for Sharing and Remixing in Augmented Reality},
author={Mengyu Chen and A. Monroy-Hernández and Misha Sra},
journal={2021 IEEE International Symposium on Mixed and Augmented Reality (ISMAR)},
year={2021},
pages={294-303},
doi={10.1109/ismar52148.2021.00045}
}

@article{Sheremetieva2022Touch,
title={Touch the Story: An immersive mid-air haptic experience},
author={Anna Sheremetieva and Ihor Romanv and Sam Frish and M. Maksymenko and Orestis Georgiou},
journal={2022 International Conference on Interactive Media, Smart Systems and Emerging Technologies (IMET)},
year={2022},
pages={1-3},
doi={10.1109/IMET54801.2022.9929479}
}

@misc{statista_2024_ar,
  author = {Statista},
  title = {AR \& VR - Worldwide | Statista Market Forecast},
  url = {https://www.statista.com/outlook/amo/ar-vr/worldwide},
  year = {2024},
  organization = {Statista}
}

@article{jantakoon2019virtual,
  title={Virtual immersive learning environments (VILEs) based on digital storytelling to enhance deeper learning for undergraduate students.},
  author={Jantakoon, Thada and Wannapiroon, Panita and Nilsook, Prachyanun},
  journal={Higher Education Studies},
  volume={9},
  number={1},
  pages={144--150},
  year={2019},
  publisher={ERIC}
}

@incollection{mystakidis2019case,
  title={The case of literacy motivation: Playful 3D immersive learning environments and problem-focused education for blended digital storytelling},
  author={Mystakidis, Stylianos and Berki, Eleni},
  booktitle={Virtual Reality in Education: Breakthroughs in Research and Practice},
  pages={259--274},
  year={2019},
  publisher={IGI Global}
}

@inproceedings{zhang2019exploring,
  title={Exploring effects of interactivity on learning with interactive storytelling in immersive virtual reality},
  author={Zhang, Lei and Bowman, Doug A and Jones, Caroline N},
  booktitle={2019 11th International Conference on Virtual Worlds and Games for Serious Applications (VS-Games)},
  pages={1--8},
  year={2019},
  organization={IEEE}
}

@article{matsiola2022digital,
  title={Digital storytelling in sports narrations: Employing audiovisual tools in sport journalism higher education course},
  author={Matsiola, Maria and Spiliopoulos, Panagiotis and Tsigilis, Nikolaos},
  journal={Education Sciences},
  volume={12},
  number={1},
  pages={51},
  year={2022},
  publisher={MDPI}
}

@article{chen2023rl,
  title={RL-LABEL: A Deep Reinforcement Learning Approach Intended for AR Label Placement in Dynamic Scenarios},
  author={Chen, Zhutian and Chiappalupi, Daniele and Lin, Tica and Yang, Yalong and Beyer, Johanna and Pfister, Hanspeter},
  journal={IEEE transactions on visualization and computer graphics},
  year={2023},
  publisher={IEEE}
}

@article{mendez2025immersive,
  title={Immersive Data-Driven Storytelling: Scoping an Emerging Field Through the Lenses of Research, Journalism, and Games},
  author={M{\'e}ndez, Juli{\'a}n and Luo, Weizhou and Rzayev, Rufat and B{\"u}schel, Wolfgang and Dachselt, Raimund},
  journal={IEEE Transactions on Visualization and Computer Graphics},
  year={2025},
  publisher={IEEE}
}

@article{bormann2015immersed,
  title={Immersed in virtual worlds and minds: effects of in-game storytelling on immersion, need satisfaction, and affective theory of mind},
  author={Bormann, Daniel and Greitemeyer, Tobias},
  journal={Social Psychological and Personality Science},
  volume={6},
  number={6},
  pages={646--652},
  year={2015},
  publisher={Sage Publications Sage CA: Los Angeles, CA}
}

@inproceedings{lugrin2010exploring,
  title={Exploring the usability of immersive interactive storytelling},
  author={Lugrin, Jean-Luc and Cavazza, Marc and Pizzi, David and Vogt, Thurid and Andr{\'e}, Elisabeth},
  booktitle={Proceedings of the 17th ACM symposium on virtual reality software and technology},
  pages={103--110},
  year={2010}
}


@article{zhu2024compositingvis,
  title={CompositingVis: Exploring Interactions for Creating Composite Visualizations in Immersive Environments},
  author={Zhu, Qian and Lu, Tao and Guo, Shunan and Ma, Xiaojuan and Yang, Yalong},
  journal={IEEE Transactions on Visualization and Computer Graphics},
  year={2024},
  publisher={IEEE}
}

@article{jones2017disrupting,
  title={Disrupting the narrative: immersive journalism in virtual reality},
  author={Jones, Sarah},
  journal={Journal of media practice},
  volume={18},
  number={2-3},
  pages={171--185},
  year={2017},
  publisher={Taylor \& Francis}
}

@book{uskali2021immersive,
  title={Immersive journalism as storytelling: Ethics, production, and design},
  author={Uskali, Turo and Gynnild, Astrid and Jones, Sarah and Sirkkunen, Esa},
  year={2021},
  publisher={Taylor \& Francis}
}

@article{huang2023embodied,
  title={Is embodied interaction beneficial? A study on navigating network visualizations},
  author={Huang, Helen H and Pfister, Hanspeter and Yang, Yalong},
  journal={Information Visualization},
  volume={22},
  number={3},
  pages={169--185},
  year={2023},
  publisher={SAGE Publications Sage UK: London, England}
}

@article{Cummings2016How,
title={How Immersive Is Enough? A Meta-Analysis of the Effect of Immersive Technology on User Presence},
author={James J. Cummings and J. Bailenson},
journal={Media Psychology},
year={2016},
volume={19},
pages={272 - 309},
doi={10.1080/15213269.2015.1015740}
}

@article{Nakevska2014Interactive,
title={Interactive storytelling in a mixed reality environment: The effects of interactivity on user experiences},
author={Marija Nakevska and Anika van der Sanden and M. Funk and Jun Hu and G.W.M. Rauterberg},
year={2014},
journal={Entertainment Computing},
pages={52-59},
doi={10.1016/j.entcom.2017.01.001}
}

@article{kraus2021value,
  title={The value of immersive visualization},
  author={Kraus, Matthias and Klein, Karsten and Fuchs, Johannes and Keim, Daniel A and Schreiber, Falk and Sedlmair, Michael},
  journal={IEEE computer graphics and applications},
  volume={41},
  number={4},
  pages={125--132},
  year={2021},
  publisher={IEEE}
}

@article{page2021prisma,
  title={The PRISMA 2020 statement: an updated guideline for reporting systematic reviews},
  author={Page, Matthew J and McKenzie, Joanne E and Bossuyt, Patrick M and Boutron, Isabelle and Hoffmann, Tammy C and Mulrow, Cynthia D and Shamseer, Larissa and Tetzlaff, Jennifer M and Akl, Elie A and Brennan, Sue E and others},
  journal={bmj},
  volume={372},
  year={2021},
  publisher={British Medical Journal Publishing Group}
}

@article{holder_2024_ukraines,
  author = {Holder, Josh and Schmitt, Eric and Gibbons-Neff, Thomas},
  month = {04},
  title = {Ukraine’s Race to Hold the Line},
  url = {https://www.nytimes.com/interactive/2024/04/22/world/europe/ukraine-war-defense.html},
  year = {2024},
  organization = {The New York Times},
  journal = {The New York Times}
}

@article{conlen_2017_seeing,
  author = {Conlen,  Matthew},
  title = {Seeing Earth from Outer Space},
  url = {https://pudding.cool/2017/10/satellites/},
  urldate = {2024-08-27},
  year = {2017},
  organization = {The Pudding},
  journal = {The Pudding}
}

@article{Sowndararajan2008Quantifying,
title={Quantifying the benefits of immersion for procedural training},
author={Ajith Sowndararajan and Rongrong Wang and D. Bowman},
year={2008},
pages={2},
doi={10.1145/1394669.1394672},
journal={Proceedings of the 2008 workshop on Immersive projection technologies/Emerging display technologiges}
}

@article{vskola2020virtual,
  title={Virtual reality with 360-video storytelling in cultural heritage: Study of presence, engagement, and immersion},
  author={{\v{S}}kola, Filip and Rizvi{\'c}, Selma and Cozza, Marco and Barbieri, Loris and Bruno, Fabio and Skarlatos, Dimitrios and Liarokapis, Fotis},
  journal={Sensors},
  volume={20},
  number={20},
  pages={5851},
  year={2020},
  publisher={MDPI}
}

@misc{mapbox_2017_mapbox,
  author = {Mapbox},
  publisher = {Mapbox},
  title = {Mapbox},
  url = {https://www.mapbox.com/},
  year = {2017},
  organization = {Mapbox}
}

@misc{atlantic,
  author = {Velasquez-Manoff, Moises and White, Jeremy},
  month = {03},
  title = {In the Atlantic Ocean, Subtle Shifts Hint at Dramatic Dangers},
  url = {https://www.nytimes.com/interactive/2021/03/02/climate/atlantic-ocean-climate-change.html},
  year = {2021},
  organization = {The New York Times},
  journal = {The New York Times}
}

@misc{911,
  author = {Bentley, Elliot},
  month = {09},
  title = {How the 9/11 Attacks Remade New York City’s Financial District},
  url = {https://www.wsj.com/articles/how-the-9-11-attacks-remade-new-york-citys-financial-district-11630501200},
  urldate = {2024-08-29},
  year = {2021},
  organization = {The Wall Street Journal},
  journal = {The Wall Street Journal}
}

@misc{covid,
  author = {Bartzokas, Nick and Gröndahl, Mika and Patanjali, Karthik and Peyton, Miles and Saget, Bedel and Syam, Umi},
  month = {02},
  title = {Why Opening Windows Is a Key to Reopening Schools},
  url = {https://www.nytimes.com/interactive/2021/02/26/science/reopen-schools-safety-ventilation.html},
  year = {2021},
  organization = {The New York Times},
  journal = {The New York Times}
}

@misc{tulsa,
  author = {Parshina-Kottas, Yuliya and Singhvi, Anjali and Burch, Audra D. S. and Griggs, Troy and Gröndahl, Mika and Huang, Lingdong and Wallace, Tim and White, Jeremy and Williams, Josh},
  month = {05},
  title = {What the Tulsa Race Massacre Destroyed},
  url = {https://www.nytimes.com/interactive/2021/05/24/us/tulsa-race-massacre.html},
  year = {2021},
  organization = {The New York Times},
  journal = {The New York Times}
}

@inproceedings{li2023geocamera,
author = {Li, Wenchao and Wang, Zhan and Wang, Yun and Weng, Di and Xie, Liwenhan and Chen, Siming and Zhang, Haidong and Qu, Huamin},
title = {GeoCamera: Telling Stories in Geographic Visualizations with Camera Movements},
year = {2023},
isbn = {9781450394215},
publisher = {Association for Computing Machinery},
address = {New York, NY, USA},
url = {https://doi.org/10.1145/3544548.3581470},
doi = {10.1145/3544548.3581470},
booktitle = {Proceedings of the 2023 CHI Conference on Human Factors in Computing Systems},
articleno = {170},
numpages = {15},
keywords = {Visual storytelling, authoring tools, data video, geographic visualization},
location = {Hamburg, Germany},
series = {CHI '23}
}

@inproceedings{xu2022from,
author = {Xu, Xian and Yang, Leni and Yip, David and Fan, Mingming and Wei, Zheng and Qu, Huamin},
title = {From ‘Wow’ to ‘Why’: Guidelines for Creating the Opening of a Data Video with Cinematic Styles},
year = {2022},
isbn = {9781450391573},
publisher = {Association for Computing Machinery},
address = {New York, NY, USA},
url = {https://doi.org/10.1145/3491102.3501896},
doi = {10.1145/3491102.3501896},
booktitle = {Proceedings of the 2022 CHI Conference on Human Factors in Computing Systems},
articleno = {599},
numpages = {20},
keywords = {Data Video, Guideline, Interview, Lab Study, Storytelling, Visualization},
location = {New Orleans, LA, USA},
series = {CHI '22}
}

@inproceedings{amini2015understanding,
author = {Amini, Fereshteh and Henry Riche, Nathalie and Lee, Bongshin and Hurter, Christophe and Irani, Pourang},
title = {Understanding Data Videos: Looking at Narrative Visualization through the Cinematography Lens},
year = {2015},
isbn = {9781450331456},
publisher = {Association for Computing Machinery},
address = {New York, NY, USA},
url = {https://doi.org/10.1145/2702123.2702431},
doi = {10.1145/2702123.2702431},
booktitle = {Proceedings of the 33rd Annual ACM Conference on Human Factors in Computing Systems},
pages = {1459–1468},
numpages = {10},
keywords = {data storytelling, data video, information visualization, narrative visualization, qualitative analysis},
location = {Seoul, Republic of Korea},
series = {CHI '15}
}

@article{ferguson2020role,
  title={On the role of interaction mode and story structure in virtual reality serious games},
  author={Ferguson, Chris and Van den Broek, Egon L and Van Oostendorp, Herre},
  journal={Computers \& Education},
  volume={143},
  pages={103671},
  year={2020},
  publisher={Elsevier}
}

@article{wilson2002six,
  title={Six views of embodied cognition},
  author={Wilson, Margaret},
  journal={Psychonomic bulletin \& review},
  volume={9},
  pages={625--636},
  year={2002},
  publisher={Springer}
}

@article{makransky2019adding,
  title={Adding immersive virtual reality to a science lab simulation causes more presence but less learning},
  author={Makransky, Guido and Terkildsen, Thomas S and Mayer, Richard E},
  journal={Learning and instruction},
  volume={60},
  pages={225--236},
  year={2019},
  publisher={Elsevier}
}

@article{legge2012building,
  title={Building a memory palace in minutes: Equivalent memory performance using virtual versus conventional environments with the Method of Loci},
  author={Legge, Eric LG and Madan, Christopher R and Ng, Enoch T and Caplan, Jeremy B},
  journal={Acta psychologica},
  volume={141},
  number={3},
  pages={380--390},
  year={2012},
  publisher={Elsevier}
}

@article{mellet2002neural,
  title={Neural basis of mental scanning of a topographic representation built from a text},
  author={Mellet, E and Bricogne, S and Crivello, F and Mazoyer, B and Denis, M and Tzourio-Mazoyer, N},
  journal={Cerebral Cortex},
  volume={12},
  number={12},
  pages={1322--1330},
  year={2002},
  publisher={Oxford University Press}
}

@article{slater2009place,
  title={Place illusion and plausibility can lead to realistic behaviour in immersive virtual environments},
  author={Slater, Mel},
  journal={Philosophical Transactions of the Royal Society B: Biological Sciences},
  volume={364},
  number={1535},
  pages={3549--3557},
  year={2009},
  publisher={The Royal Society}
}

@article{cummings2016immersive,
  title={How immersive is enough? A meta-analysis of the effect of immersive technology on user presence},
  author={Cummings, James J and Bailenson, Jeremy N},
  journal={Media psychology},
  volume={19},
  number={2},
  pages={272--309},
  year={2016},
  publisher={Taylor \& Francis}
}

@article{van2018virtual,
  title={Virtual reality perspective-taking increases cognitive empathy for specific others},
  author={Van Loon, Austin and Bailenson, Jeremy and Zaki, Jamil and Bostick, Joshua and Willer, Robb},
  journal={PloS one},
  volume={13},
  number={8},
  pages={e0202442},
  year={2018},
  publisher={Public Library of Science San Francisco, CA USA}
}

@inproceedings{shin2019any,
  title={Is any room really ok? the effect of room size and furniture on presence, narrative engagement, and usability during a space-adaptive augmented reality game},
  author={Shin, Jae-eun and Kim, Hayun and Parker, Callum and Kim, Hyung-il and Oh, Seoyoung and Woo, Woontack},
  booktitle={2019 IEEE International Symposium on Mixed and Augmented Reality (ISMAR)},
  pages={135--144},
  year={2019},
  organization={IEEE}
}

@inproceedings{shin2024investigating,
  title={Investigating the Design of Augmented Narrative Spaces Through Virtual-Real Connections: A Systematic Literature Review},
  author={Shin, Jae-Eun and Kim, Hayun and Park, Hyerim and Woo, Woontack},
  booktitle={Proceedings of the CHI Conference on Human Factors in Computing Systems},
  pages={1--18},
  year={2024}
}

@inproceedings{hoppe2022there,
  title={There is no first-or third-person view in virtual reality: Understanding the perspective continuum},
  author={Hoppe, Matthias and Baumann, Andrea and Tamunjoh, Patrick Chofor and Machulla, Tonja-Katrin and Wo{\'z}niak, Pawe{\l} W and Schmidt, Albrecht and Welsch, Robin},
  booktitle={Proceedings of the 2022 CHI Conference on Human Factors in Computing Systems},
  pages={1--13},
  year={2022}
}

@book{laviola20173d,
  title={3D user interfaces: theory and practice},
  author={LaViola Jr, Joseph J and Kruijff, Ernst and McMahan, Ryan P and Bowman, Doug and Poupyrev, Ivan P},
  year={2017},
  publisher={Addison-Wesley Professional}
}

@inproceedings{galyean1995guided,
  title={Guided navigation of virtual environments},
  author={Galyean, Tinsley A},
  booktitle={Proceedings of the 1995 symposium on Interactive 3D graphics},
  pages={103--ff},
  year={1995}
}

@inproceedings{mackinlay1990rapid,
  title={Rapid controlled movement through a virtual 3D workspace},
  author={Mackinlay, Jock D and Card, Stuart K and Robertson, George G},
  booktitle={Proceedings of the 17th annual conference on Computer graphics and interactive techniques},
  pages={171--176},
  year={1990}
}

@inproceedings{tursunov2024creating,
  title={Creating a Metaverse-Based Meeting Room with Live Avatar Control and Web Communication},
  author={Tursunov, Javlon and Rozinaj, Gregor and Minarik, Ivan and Vanco, Marek},
  booktitle={2024 International Symposium ELMAR},
  pages={57--60},
  year={2024},
  organization={IEEE}
}

@misc{swidrak2024beyond,
  title={Beyond audiovisual: novel multisensory stimulation techniques and their applications},
  author={{\'S}widrak, Justyna and Georgiou, Orestis and Banakou, Domna and Matamala-Gomez, Marta and Pochwatko, Grzegorz and Seinfeld, Sofia},
  journal={Frontiers in Virtual Reality},
  volume={5},
  pages={1491854},
  year={2024},
  publisher={Frontiers Media SA}
}

@article{dong2021tailored,
  title={Tailored reality: Perception-aware scene restructuring for adaptive vr navigation},
  author={Dong, Zhi-Chao and Wu, Wenming and Xu, Zenghao and Sun, Qi and Yuan, Guanjie and Liu, Ligang and Fu, Xiao-Ming},
  journal={ACM Transactions on Graphics (TOG)},
  volume={40},
  number={5},
  pages={1--15},
  year={2021},
  publisher={ACM New York, NY}
}

@inproceedings{mirhosseini2019exploration,
  title={Exploration of large omnidirectional images in immersive environments},
  author={Mirhosseini, Seyedkoosha and Ghahremani, Parmida and Ojal, Sushant and Marino, Joseph and Kaufman, Arie},
  booktitle={2019 IEEE Conference on Virtual Reality and 3D User Interfaces (VR)},
  pages={413--422},
  year={2019},
  organization={IEEE}
}