@article{almajid2022prediction,
  title={Prediction of porous media fluid flow using physics informed neural networks},
  author={Almajid, Muhammad M and Abu-Al-Saud, Moataz O},
  journal={Journal of Petroleum Science and Engineering},
  volume={208},
  pages={109205},
  year={2022},
  publisher={Elsevier}
}

@article{anagnostopoulos2024residual,
  title={Residual-based attention in physics-informed neural networks},
  author={Anagnostopoulos, Sokratis J and Toscano, Juan Diego and Stergiopulos, Nikolaos and Karniadakis, George Em},
  journal={Computer Methods in Applied Mechanics and Engineering},
  volume={421},
  pages={116805},
  year={2024},
  publisher={Elsevier}
}

@article{baldan2023physics,
  title={Physics-informed neural networks for inverse electromagnetic problems},
  author={Baldan, Marco and Di Barba, Paolo and Lowther, David A},
  journal={IEEE Transactions on Magnetics},
  volume={59},
  number={5},
  pages={1--5},
  year={2023},
  publisher={IEEE}
}

@article{bararnia2022application,
  title={On the application of physics informed neural networks (PINN) to solve boundary layer thermal-fluid problems},
  author={Bararnia, Hassan and Esmaeilpour, Mehdi},
  journal={International Communications in Heat and Mass Transfer},
  volume={132},
  pages={105890},
  year={2022},
  publisher={Elsevier}
}

@article{caforio2024physics,
  title={Physics-informed neural network estimation of material properties in soft tissue nonlinear biomechanical models},
  author={Caforio, Federica and Regazzoni, Francesco and Pagani, Stefano and Karabelas, Elias and Augustin, Christoph and Haase, Gundolf and Plank, Gernot and Quarteroni, Alfio},
  journal={Computational Mechanics},
  pages={1--27},
  year={2024},
  publisher={Springer}
}

@article{cao2023tsonn,
  title={TSONN: Time-stepping-oriented neural network for solving partial differential equations},
  author={Cao, Wenbo and Zhang, Weiwei},
  journal={arXiv preprint arXiv:2310.16491},
  year={2023}
}

@article{cao2024surrogate,
  title={Surrogate modeling of multi-dimensional premixed and non-premixed combustion using pseudo-time stepping physics-informed neural networks},
  author={Cao, Zhen and Liu, Kai and Luo, Kun and Wang, Sifan and Jiang, Liang and Fan, Jianren},
  journal={Physics of Fluids},
  volume={36},
  number={11},
  year={2024},
  publisher={AIP Publishing}
}

@article{chen2024self,
  title={Self-adaptive weights based on balanced residual decay rate for physics-informed neural networks and deep operator networks},
  author={Chen, Wenqian and Howard, Amanda A and Stinis, Panos},
  journal={arXiv preprint arXiv:2407.01613},
  year={2024}
}

@article{chiu2022can,
  title={CAN-PINN: A fast physics-informed neural network based on coupled-automatic--numerical differentiation method},
  author={Chiu, Pao-Hsiung and Wong, Jian Cheng and Ooi, Chinchun and Dao, My Ha and Ong, Yew-Soon},
  journal={Computer Methods in Applied Mechanics and Engineering},
  volume={395},
  pages={114909},
  year={2022},
  publisher={Elsevier}
}

@article{cho2024separable,
  title={Separable physics-informed neural networks},
  author={Cho, Junwoo and Nam, Seungtae and Yang, Hyunmo and Yun, Seok-Bae and Hong, Youngjoon and Park, Eunbyung},
  journal={Advances in Neural Information Processing Systems},
  volume={36},
  year={2024}
}

@article{daw2022rethinking,
  title={Rethinking the Importance of Sampling in Physics-informed Neural Networks},
  author={Daw, Arka and Bu, Jie and Wang, Sifan and Perdikaris, Paris and Karpatne, Anuj},
  journal={arXiv preprint arXiv:2207.02338},
  year={2022}
}

@article{eivazi2022physics,
  title={Physics-informed neural networks for solving Reynolds-averaged Navier--Stokes equations},
  author={Eivazi, Hamidreza and Tahani, Mojtaba and Schlatter, Philipp and Vinuesa, Ricardo},
  journal={Physics of Fluids},
  volume={34},
  number={7},
  year={2022},
  publisher={AIP Publishing}
}

@inproceedings{fathony2021multiplicative,
  title={Multiplicative filter networks},
  author={Fathony, Rizal and Sahu, Anit Kumar and Willmott, Devin and Kolter, J Zico},
  booktitle={International Conference on Learning Representations},
  year={2021}
}

@article{gokhale2022physics,
  title={Physics informed neural networks for control oriented thermal modeling of buildings},
  author={Gokhale, Gargya and Claessens, Bert and Develder, Chris},
  journal={Applied Energy},
  volume={314},
  pages={118852},
  year={2022},
  publisher={Elsevier}
}

@article{hu2024physics,
  title={Physics-informed Neural Networks (PINN) for computational solid mechanics: Numerical frameworks and applications},
  author={Hu, Haoteng and Qi, Lehua and Chao, Xujiang},
  journal={Thin-Walled Structures},
  pages={112495},
  year={2024},
  publisher={Elsevier}
}

@article{huang2024efficient,
  title={Efficient physics-informed neural networks using hash encoding},
  author={Huang, Xinquan and Alkhalifah, Tariq},
  journal={Journal of Computational Physics},
  pages={112760},
  year={2024},
  publisher={Elsevier}
}

@article{jeong2023physics,
  title={A physics-informed neural network-based topology optimization (PINNTO) framework for structural optimization},
  author={Jeong, Hyogu and Bai, Jinshuai and Batuwatta-Gamage, Chanaka Prabuddha and Rathnayaka, Charith and Zhou, Ying and Gu, YuanTong},
  journal={Engineering Structures},
  volume={278},
  pages={115484},
  year={2023},
  publisher={Elsevier}
}

@article{jnini2024gauss,
  title={Gauss-Newton Natural Gradient Descent for Physics-Informed Computational Fluid Dynamics},
  author={Jnini, Anas and Vella, Flavio and Zeinhofer, Marius},
  journal={arXiv preprint arXiv:2402.10680},
  year={2024}
}

@article{kang2022pixel,
  title={PIXEL: Physics-Informed Cell Representations for Fast and Accurate PDE Solvers},
  author={Kang, Namgyu and Lee, Byeonghyeon and Hong, Youngjoon and Yun, Seok-Bae and Park, Eunbyung},
  journal={arXiv preprint arXiv:2207.12800},
  year={2022}
}

@article{khan2022physics,
  title={Physics informed neural networks for electromagnetic analysis},
  author={Khan, Arbaaz and Lowther, David A},
  journal={IEEE Transactions on Magnetics},
  volume={58},
  number={9},
  pages={1--4},
  year={2022},
  publisher={IEEE}
}

@article{kharazmi2021hp,
  title={hp-VPINNs: Variational physics-informed neural networks with domain decomposition},
  author={Kharazmi, Ehsan and Zhang, Zhongqiang and Karniadakis, George Em},
  journal={Computer Methods in Applied Mechanics and Engineering},
  volume={374},
  pages={113547},
  year={2021},
  publisher={Elsevier}
}

@article{kissas2020machine,
  title={Machine learning in cardiovascular flows modeling: Predicting arterial blood pressure from non-invasive {4D} flow {MRI} data using physics-informed neural networks},
  author={Kissas, Georgios and Yang, Yibo and Hwuang, Eileen and Witschey, Walter R and Detre, John A and Perdikaris, Paris},
  journal={Computer Methods in Applied Mechanics and Engineering},
  volume={358},
  pages={112623},
  year={2020},
  publisher={Elsevier}
}

@article{kovacs2022conditional,
  title={Conditional physics informed neural networks},
  author={Kovacs, Alexander and Exl, Lukas and Kornell, Alexander and Fischbacher, Johann and Hovorka, Markus and Gusenbauer, Markus and Breth, Leoni and Oezelt, Harald and Yano, Masao and Sakuma, Noritsugu and others},
  journal={Communications in Nonlinear Science and Numerical Simulation},
  volume={104},
  pages={106041},
  year={2022},
  publisher={Elsevier}
}

@article{krishnapriyan2021characterizing,
  title={Characterizing possible failure modes in physics-informed neural networks},
  author={Krishnapriyan, Aditi S and Gholami, Amir and Zhe, Shandian and Kirby, Robert M and Mahoney, Michael W},
  journal={arXiv preprint arXiv:2109.01050},
  year={2021}
}

@article{li2022revisiting,
  title={Revisiting PINNs: Generative adversarial physics-informed neural networks and point-weighting method},
  author={Li, Wensheng and Zhang, Chao and Wang, Chuncheng and Guan, Hanting and Tao, Dacheng},
  journal={arXiv preprint arXiv:2205.08754},
  year={2022}
}

@article{liu2024config,
  title={Config: Towards conflict-free training of physics informed neural networks},
  author={Liu, Qiang and Chu, Mengyu and Thuerey, Nils},
  journal={arXiv preprint arXiv:2408.11104},
  year={2024}
}

@article{liu2024discontinuity,
  title={Discontinuity computing using physics-informed neural networks},
  author={Liu, Li and Liu, Shengping and Xie, Hui and Xiong, Fansheng and Yu, Tengchao and Xiao, Mengjuan and Liu, Lufeng and Yong, Heng},
  journal={Journal of Scientific Computing},
  volume={98},
  number={1},
  pages={22},
  year={2024},
  publisher={Springer}
}

@article{moseley2021finite,
  title={Finite Basis Physics-Informed Neural Networks (FBPINNs): a scalable domain decomposition approach for solving differential equations},
  author={Moseley, Ben and Markham, Andrew and Nissen-Meyer, Tarje},
  journal={arXiv preprint arXiv:2107.07871},
  year={2021}
}

@inproceedings{muller2023achieving,
  title={Achieving high accuracy with PINNs via energy natural gradient descent},
  author={M{\"u}ller, Johannes and Zeinhofer, Marius},
  booktitle={International Conference on Machine Learning},
  pages={25471--25485},
  year={2023},
  organization={PMLR}
}

@article{nabian2021efficient,
  title={Efficient training of physics-informed neural networks via importance sampling},
  author={Nabian, Mohammad Amin and Gladstone, Rini Jasmine and Meidani, Hadi},
  journal={Computer-Aided Civil and Infrastructure Engineering},
  year={2021},
  publisher={Wiley Online Library}
}

@article{patel2022thermodynamically,
  title={Thermodynamically consistent physics-informed neural networks for hyperbolic systems},
  author={Patel, Ravi G and Manickam, Indu and Trask, Nathaniel A and Wood, Mitchell A and Lee, Myoungkyu and Tomas, Ignacio and Cyr, Eric C},
  journal={Journal of Computational Physics},
  volume={449},
  pages={110754},
  year={2022},
  publisher={Elsevier}
}

@article{raissi2020hidden,
  title={Hidden fluid mechanics: {L}earning velocity and pressure fields from flow visualizations},
  author={Raissi, Maziar and Yazdani, Alireza and Karniadakis, George Em},
  journal={Science},
  volume={367},
  number={6481},
  pages={1026--1030},
  year={2020},
  publisher={American Association for the Advancement of Science}
}

@article{ren2024seismicnet,
  title={SeismicNet: Physics-informed neural networks for seismic wave modeling in semi-infinite domain},
  author={Ren, Pu and Rao, Chengping and Chen, Su and Wang, Jian-Xun and Sun, Hao and Liu, Yang},
  journal={Computer Physics Communications},
  volume={295},
  pages={109010},
  year={2024},
  publisher={Elsevier}
}

@article{sitzmann2020implicit,
  title={Implicit neural representations with periodic activation functions},
  author={Sitzmann, Vincent and Martel, Julien and Bergman, Alexander and Lindell, David and Wetzstein, Gordon},
  journal={Advances in Neural Information Processing Systems},
  volume={33},
  pages={7462--7473},
  year={2020}
}

@article{smith2022hyposvi,
  title={HypoSVI: Hypocentre inversion with Stein variational inference and physics informed neural networks},
  author={Smith, Jonthan D and Ross, Zachary E and Azizzadenesheli, Kamyar and Muir, Jack B},
  journal={Geophysical Journal International},
  volume={228},
  number={1},
  pages={698--710},
  year={2022},
  publisher={Oxford University Press}
}

@article{son2021sobolev,
  title={Sobolev training for physics informed neural networks},
  author={Son, Hwijae and Jang, Jin Woo and Han, Woo Jin and Hwang, Hyung Ju},
  journal={arXiv preprint arXiv:2101.08932},
  year={2021}
}

@article{song2023simulating,
  title={Simulating seismic multifrequency wavefields with the Fourier feature physics-informed neural network},
  author={Song, Chao and Wang, Yanghua},
  journal={Geophysical Journal International},
  volume={232},
  number={3},
  pages={1503--1514},
  year={2023},
  publisher={Oxford University Press}
}

@article{song2024admm,
  title={The ADMM-PINNs algorithmic framework for nonsmooth PDE-constrained optimization: a deep learning approach},
  author={Song, Yongcun and Yuan, Xiaoming and Yue, Hangrui},
  journal={SIAM Journal on Scientific Computing},
  volume={46},
  number={6},
  pages={C659--C687},
  year={2024},
  publisher={SIAM}
}

@article{song2025vw,
  title={VW-PINNs: A volume weighting method for PDE residuals in physics-informed neural networks},
  author={Song, Jiahao and Cao, Wenbo and Liao, Fei and Zhang, Weiwei},
  journal={Acta Mechanica Sinica},
  volume={41},
  number={3},
  pages={324140},
  year={2025},
  publisher={Springer}
}

@article{urban2025unveiling,
  title={Unveiling the optimization process of Physics Informed Neural Networks: How accurate and competitive can PINNs be?},
  author={Urb{\'a}n, Jorge F and Stefanou, Petros and Pons, Jos{\'e} A},
  journal={Journal of Computational Physics},
  volume={523},
  pages={113656},
  year={2025},
  publisher={Elsevier}
}

@article{wang2021understanding,
  title={Understanding and mitigating gradient flow pathologies in physics-informed neural networks},
  author={Wang, Sifan and Teng, Yujun and Perdikaris, Paris},
  journal={SIAM Journal on Scientific Computing},
  volume={43},
  number={5},
  pages={A3055--A3081},
  year={2021},
  publisher={SIAM}
}

@article{wang2022and,
  title={When and why {PINNs} fail to train: A Neural Tangent Kernel perspective},
  author={Wang, Sifan and Yu, Xinling and Perdikaris, Paris},
  journal={Journal of Computational Physics},
  volume={449},
  pages={110768},
  year={2022},
  publisher={Elsevier}
}

@article{wang2023expert,
  title={An Expert's Guide to Training Physics-informed Neural Networks},
  author={Wang, Sifan and Sankaran, Shyam and Wang, Hanwen and Perdikaris, Paris},
  journal={arXiv preprint arXiv:2308.08468},
  year={2023}
}

@article{wang2024piratenets,
  title={PirateNets: Physics-informed Deep Learning with Residual Adaptive Networks},
  author={Wang, Sifan and Li, Bowen and Chen, Yuhan and Perdikaris, Paris},
  journal={arXiv preprint arXiv:2402.00326},
  year={2024}
}

@article{wight2020solving,
  title={Solving {Allen-Cahn} and {Cahn-Hilliard} equations using the adaptive physics informed neural networks},
  author={Wight, Colby L and Zhao, Jia},
  journal={arXiv preprint arXiv:2007.04542},
  year={2020}
}

@article{wu2023comprehensive,
  title={A comprehensive study of non-adaptive and residual-based adaptive sampling for physics-informed neural networks},
  author={Wu, Chenxi and Zhu, Min and Tan, Qinyang and Kartha, Yadhu and Lu, Lu},
  journal={Computer Methods in Applied Mechanics and Engineering},
  volume={403},
  pages={115671},
  year={2023},
  publisher={Elsevier}
}

@article{xu2023physics,
  title={Physics-informed neural networks for studying heat transfer in porous media},
  author={Xu, Jiaxuan and Wei, Han and Bao, Hua},
  journal={International Journal of Heat and Mass Transfer},
  volume={217},
  pages={124671},
  year={2023},
  publisher={Elsevier}
}

@article{yu2022gradient,
  title={Gradient-enhanced physics-informed neural networks for forward and inverse PDE problems},
  author={Yu, Jeremy and Lu, Lu and Meng, Xuhui and Karniadakis, George Em},
  journal={Computer Methods in Applied Mechanics and Engineering},
  volume={393},
  pages={114823},
  year={2022},
  publisher={Elsevier}
}

@article{zhang2022analyses,
  title={Analyses of internal structures and defects in materials using physics-informed neural networks},
  author={Zhang, Enrui and Dao, Ming and Karniadakis, George Em and Suresh, Subra},
  journal={Science advances},
  volume={8},
  number={7},
  pages={eabk0644},
  year={2022},
  publisher={American Association for the Advancement of Science}
}

@article{zhang2023physics,
  title={Physics-informed neural networks (PINNs) for 4D hemodynamics prediction: an investigation of optimal framework based on vascular morphology},
  author={Zhang, Xuelan and Mao, Baoyan and Che, Yue and Kang, Jiaheng and Luo, Mingyao and Qiao, Aike and Liu, Youjun and Anzai, Hitomi and Ohta, Makoto and Guo, Yuting and others},
  journal={Computers in Biology and Medicine},
  volume={164},
  pages={107287},
  year={2023},
  publisher={Elsevier}
}

