@article{anil2020scalable,
  title={Scalable second order optimization for deep learning},
  author={Anil, Rohan and Gupta, Vineet and Koren, Tomer and Regan, Kevin and Singer, Yoram},
  journal={arXiv preprint arXiv:2002.09018},
  year={2020}
}

@article{hazan2007logarithmic,
  title={Logarithmic regret algorithms for online convex optimization},
  author={Hazan, Elad and Agarwal, Amit and Kale, Satyen},
  journal={Machine Learning},
  volume={69},
  number={2},
  pages={169--192},
  year={2007},
  publisher={Springer}
}

@inproceedings{liu2021towards,
  title={Towards impartial multi-task learning},
  author={Liu, Liyang and Li, Yi and Kuang, Zhanghui and Xue, J and Chen, Yimin and Yang, Wenming and Liao, Qingmin and Zhang, Wayne},
  year={2021},
  organization={iclr}
}

@misc{jordan2024muon,
  author       = {Keller Jordan and Yuchen Jin and Vlado Boza and Jiacheng You and
                  Franz Cesista and Laker Newhouse and Jeremy Bernstein},
  title        = {Muon: An optimizer for hidden layers in neural networks},
  year         = {2024},
  url          = {https://web.archive.org/web/20250122060345/https://kellerjordan.github.io/posts/muon/}
}

@inproceedings{martens2015optimizing,
  title={Optimizing neural networks with kronecker-factored approximate curvature},
  author={Martens, James and Grosse, Roger},
  booktitle={International conference on machine learning},
  pages={2408--2417},
  year={2015},
  organization={PMLR}
}


@article{mcmahan2010adaptive,
  title={Adaptive bound optimization for online convex optimization},
  author={McMahan, H Brendan and Streeter, Matthew},
  journal={arXiv preprint arXiv:1002.4908},
  year={2010}
}


@article{agarwal2018case,
  title={The case for full-matrix adaptive regularization},
  author={Agarwal, Naman and Bullins, Brian and Chen, Xinyi and Hazan, Elad and Singh, Karan and Zhang, Cyril and Zhang, Yi},
  journal={arXiv preprint arXiv:1806.02958},
  pages={404--413},
  year={2018}
}

@article{morwani2024new,
  title={A New Perspective on Shampoo's Preconditioner},
  author={Morwani, Depen and Shapira, Itai and Vyas, Nikhil and Malach, Eran and Kakade, Sham and Janson, Lucas},
  journal={arXiv preprint arXiv:2406.17748},
  year={2024}
}

@article{duchi2011adaptive,
  title={Adaptive subgradient methods for online learning and stochastic optimization.},
  author={Duchi, John and Hazan, Elad and Singer, Yoram},
  journal={Journal of machine learning research},
  volume={12},
  number={7},
  year={2011}
}

@inproceedings{balles2018dissecting,
  title={Dissecting adam: The sign, magnitude and variance of stochastic gradients},
  author={Balles, Lukas and Hennig, Philipp},
  booktitle={International Conference on Machine Learning},
  pages={404--413},
  year={2018},
  organization={PMLR}
}

@article{barakat2021convergence,
  title={Convergence and dynamical behavior of the ADAM algorithm for nonconvex stochastic optimization},
  author={Barakat, Anas and Bianchi, Pascal},
  journal={SIAM Journal on Optimization},
  volume={31},
  number={1},
  pages={244--274},
  year={2021},
  publisher={SIAM}
}

@article{zhou2022towards,
  title={Towards understanding the condensation of neural networks at initial training},
  author={Zhou, Hanxu and Qixuan, Zhou and Luo, Tao and Zhang, Yaoyu and Xu, Zhi-Qin},
  journal={Advances in Neural Information Processing Systems},
  volume={35},
  pages={2184--2196},
  year={2022}
}

@article{chen2024dynamics,
  title={On the dynamics of three-layer neural networks: initial condensation},
  author={Chen, Zheng-an and Luo, Tao},
  journal={arXiv preprint arXiv:2402.15958},
  year={2024}
}

@article{abbasi2024physical,
  title={Physical activation functions (PAFs): An approach for more efficient induction of physics into physics-informed neural networks (PINNs)},
  author={Abbasi, Jassem and Andersen, P{\aa}l {\O}steb{\o}},
  journal={Neurocomputing},
  volume={608},
  pages={128352},
  year={2024},
  publisher={Elsevier}
}

@inproceedings{gupta2018shampoo,
  title={Shampoo: Preconditioned stochastic tensor optimization},
  author={Gupta, Vineet and Koren, Tomer and Singer, Yoram},
  booktitle={International Conference on Machine Learning},
  pages={1842--1850},
  year={2018},
  organization={PMLR}
}

@article{lasiecka1986galerkin,
  title={Galerkin approximations of abstract parabolic boundary value problems with rough boundary dataâ€”$L_p$ theory},
  author={Lasiecka, I},
  journal={mathematics of computation},
  volume={47},
  number={175},
  pages={55--75},
  year={1986}
}

@article{zeinhofer2023unified,
  title={A unified framework for the error analysis of physics-informed neural networks},
  author={Zeinhofer, Marius and Masri, Rami and Mardal, Kent-Andr{\'e}},
  journal={arXiv preprint arXiv:2311.00529},
  year={2023}
}

@article{lasiecka1986non,
  title={Non homogeneous boundary value problems for second order hyperbolic operators},
  author={Lasiecka, Irena and Lions, J-L and Triggiani, Roberto},
  journal={Journal de Math{\'e}matiques pures et Appliqu{\'e}es},
  volume={65},
  number={2},
  pages={149--192},
  year={1986}
}

@article{hu2024physics,
  title={Physics-informed Neural Networks (PINN) for computational solid mechanics: Numerical frameworks and applications},
  author={Hu, Haoteng and Qi, Lehua and Chao, Xujiang},
  journal={Thin-Walled Structures},
  pages={112495},
  year={2024},
  publisher={Elsevier}
}

@article{gokhale2022physics,
  title={Physics informed neural networks for control oriented thermal modeling of buildings},
  author={Gokhale, Gargya and Claessens, Bert and Develder, Chris},
  journal={Applied Energy},
  volume={314},
  pages={118852},
  year={2022},
  publisher={Elsevier}
}


@article{bararnia2022application,
  title={On the application of physics informed neural networks (PINN) to solve boundary layer thermal-fluid problems},
  author={Bararnia, Hassan and Esmaeilpour, Mehdi},
  journal={International Communications in Heat and Mass Transfer},
  volume={132},
  pages={105890},
  year={2022},
  publisher={Elsevier}
}

@article{xu2023physics,
  title={Physics-informed neural networks for studying heat transfer in porous media},
  author={Xu, Jiaxuan and Wei, Han and Bao, Hua},
  journal={International Journal of Heat and Mass Transfer},
  volume={217},
  pages={124671},
  year={2023},
  publisher={Elsevier}
}

@article{song2023simulating,
  title={Simulating seismic multifrequency wavefields with the Fourier feature physics-informed neural network},
  author={Song, Chao and Wang, Yanghua},
  journal={Geophysical Journal International},
  volume={232},
  number={3},
  pages={1503--1514},
  year={2023},
  publisher={Oxford University Press}
}

@article{ren2024seismicnet,
  title={SeismicNet: Physics-informed neural networks for seismic wave modeling in semi-infinite domain},
  author={Ren, Pu and Rao, Chengping and Chen, Su and Wang, Jian-Xun and Sun, Hao and Liu, Yang},
  journal={Computer Physics Communications},
  volume={295},
  pages={109010},
  year={2024},
  publisher={Elsevier}
}

@article{baldan2023physics,
  title={Physics-informed neural networks for inverse electromagnetic problems},
  author={Baldan, Marco and Di Barba, Paolo and Lowther, David A},
  journal={IEEE Transactions on Magnetics},
  volume={59},
  number={5},
  pages={1--5},
  year={2023},
  publisher={IEEE}
}

@inproceedings{sankar2021deeper,
  title={A deeper look at the hessian eigenspectrum of deep neural networks and its applications to regularization},
  author={Sankar, Adepu Ravi and Khasbage, Yash and Vigneswaran, Rahul and Balasubramanian, Vineeth N},
  booktitle={Proceedings of the AAAI Conference on Artificial Intelligence},
  volume={35},
  number={11},
  pages={9481--9488},
  year={2021}
}

@article{khan2022physics,
  title={Physics informed neural networks for electromagnetic analysis},
  author={Khan, Arbaaz and Lowther, David A},
  journal={IEEE Transactions on Magnetics},
  volume={58},
  number={9},
  pages={1--4},
  year={2022},
  publisher={IEEE}
}

@article{zhang2022analyses,
  title={Analyses of internal structures and defects in materials using physics-informed neural networks},
  author={Zhang, Enrui and Dao, Ming and Karniadakis, George Em and Suresh, Subra},
  journal={Science advances},
  volume={8},
  number={7},
  pages={eabk0644},
  year={2022},
  publisher={American Association for the Advancement of Science}
}

@article{jeong2023physics,
  title={A physics-informed neural network-based topology optimization (PINNTO) framework for structural optimization},
  author={Jeong, Hyogu and Bai, Jinshuai and Batuwatta-Gamage, Chanaka Prabuddha and Rathnayaka, Charith and Zhou, Ying and Gu, YuanTong},
  journal={Engineering Structures},
  volume={278},
  pages={115484},
  year={2023},
  publisher={Elsevier}
}

@article{wu2023comprehensive,
  title={A comprehensive study of non-adaptive and residual-based adaptive sampling for physics-informed neural networks},
  author={Wu, Chenxi and Zhu, Min and Tan, Qinyang and Kartha, Yadhu and Lu, Lu},
  journal={Computer Methods in Applied Mechanics and Engineering},
  volume={403},
  pages={115671},
  year={2023},
  publisher={Elsevier}
}



@article{cho2024separable,
  title={Separable physics-informed neural networks},
  author={Cho, Junwoo and Nam, Seungtae and Yang, Hyunmo and Yun, Seok-Bae and Hong, Youngjoon and Park, Eunbyung},
  journal={Advances in Neural Information Processing Systems},
  volume={36},
  year={2024}
}

@article{zhang2023physics,
  title={Physics-informed neural networks (PINNs) for 4D hemodynamics prediction: an investigation of optimal framework based on vascular morphology},
  author={Zhang, Xuelan and Mao, Baoyan and Che, Yue and Kang, Jiaheng and Luo, Mingyao and Qiao, Aike and Liu, Youjun and Anzai, Hitomi and Ohta, Makoto and Guo, Yuting and others},
  journal={Computers in Biology and Medicine},
  volume={164},
  pages={107287},
  year={2023},
  publisher={Elsevier}
}

@article{caforio2024physics,
  title={Physics-informed neural network estimation of material properties in soft tissue nonlinear biomechanical models},
  author={Caforio, Federica and Regazzoni, Francesco and Pagani, Stefano and Karabelas, Elias and Augustin, Christoph and Haase, Gundolf and Plank, Gernot and Quarteroni, Alfio},
  journal={Computational Mechanics},
  pages={1--27},
  year={2024},
  publisher={Springer}
}

@article{eivazi2022physics,
  title={Physics-informed neural networks for solving Reynolds-averaged Navier--Stokes equations},
  author={Eivazi, Hamidreza and Tahani, Mojtaba and Schlatter, Philipp and Vinuesa, Ricardo},
  journal={Physics of Fluids},
  volume={34},
  number={7},
  year={2022},
  publisher={AIP Publishing}
}

@article{zhao2024comprehensive,
  title={A comprehensive review of advances in physics-informed neural networks and their applications in complex fluid dynamics},
  author={Zhao, Chi and Zhang, Feifei and Lou, Wenqiang and Wang, Xi and Yang, Jianyong},
  journal={Physics of Fluids},
  volume={36},
  number={10},
  year={2024},
  publisher={AIP Publishing}
}

@software{Agdestein_IncompressibleNavierStokes_jl_2024,
author = {Agdestein, Syver DÃ¸ving and Ciarella, Simone and Sanderse, Benjamin},
license = {MIT},
month = nov,
title = {{IncompressibleNavierStokes.jl}},
url = {https://github.com/agdestein/IncompressibleNavierStokes.jl},
version = {2.1.0},
year = {2024}
}

@article{hormander1958interior,
  title={On interior regularity of the solutions of partial differential equations},
  author={H{\"o}rmander, Lars},
  journal={Communications on Pure and Applied Mathematics},
  volume={11},
  number={2},
  pages={197--218},
  year={1958},
  publisher={Wiley Online Library}
}

@article{lasiecka1984ritz,
  title={Ritz--Galerkin approximation of the time optimal boundary control problem for parabolic systems with Dirichlet boundary conditions},
  author={Lasiecka, Irena},
  journal={SIAM journal on control and optimization},
  volume={22},
  number={3},
  pages={477--500},
  year={1984},
  publisher={SIAM}
}

@inproceedings{muller2023achieving,
  title={Achieving high accuracy with PINNs via energy natural gradient descent},
  author={M{\"u}ller, Johannes and Zeinhofer, Marius},
  booktitle={International Conference on Machine Learning},
  pages={25471--25485},
  year={2023},
  organization={PMLR}
}

@article{jnini2024gauss,
  title={Gauss-Newton Natural Gradient Descent for Physics-Informed Computational Fluid Dynamics},
  author={Jnini, Anas and Vella, Flavio and Zeinhofer, Marius},
  journal={arXiv preprint arXiv:2402.10680},
  year={2024}
}

@article{molybog2023theory,
  title={A theory on adam instability in large-scale machine learning},
  author={Molybog, Igor and Albert, Peter and Chen, Moya and DeVito, Zachary and Esiobu, David and Goyal, Naman and Koura, Punit Singh and Narang, Sharan and Poulton, Andrew and Silva, Ruan and others},
  journal={arXiv preprint arXiv:2304.09871},
  year={2023}
}

@article{lasiecka1980boundary,
  title={Boundary control of parabolic systems: finite-element approximation},
  author={Lasiecka, Irena},
  journal={Applied Mathematics and Optimization},
  volume={6},
  pages={31--62},
  year={1980},
  publisher={Springer}
}


@book{lions2012non,
  title={Non-homogeneous boundary value problems and applications: Vol. 1},
  author={Lions, Jacques Louis and Magenes, Enrico},
  volume={181},
  year={2012},
  publisher={Springer Science \& Business Media}
}


@book{krylov1996lectures,
  title={Lectures on elliptic and parabolic equations in Holder spaces},
  author={Krylov, Nikola\v{i} Vladimirovich},
  series={Graduate studies in mathematics},
  number={12},
  year={1996},
  publisher={American Mathematical Soc.}
}


@article{bramble1970rayleigh,
  title={Rayleigh-Ritz-Galerkin methods for dirichlet's problem using subspaces without boundary conditions},
  author={Bramble, James H and Schatz, Alfred H},
  journal={Communications on Pure and Applied Mathematics},
  volume={23},
  number={4},
  pages={653--675},
  year={1970},
  publisher={Wiley Online Library}
}

@book{evans2022partial,
  title={Partial differential equations},
  author={Evans, Lawrence C},
  volume={19},
  year={2022},
  publisher={American Mathematical Society}
}

@book{hildebrand1987introduction,
  title={Introduction to numerical analysis},
  author={Hildebrand, Francis Begnaud},
  year={1987},
  publisher={Courier Corporation}
}

@article{mishra2021enhancing,
  title={Enhancing accuracy of deep learning algorithms by training with low-discrepancy sequences},
  author={Mishra, Siddhartha and Rusch, T Konstantin},
  journal={SIAM Journal on Numerical Analysis},
  volume={59},
  number={3},
  pages={1811--1834},
  year={2021},
  publisher={SIAM}
}

@article{mishra2022estimates,
  title={Estimates on the generalization error of physics-informed neural networks for approximating a class of inverse problems for PDEs},
  author={Mishra, Siddhartha and Molinaro, Roberto},
  journal={IMA Journal of Numerical Analysis},
  volume={42},
  number={2},
  pages={981--1022},
  year={2022},
  publisher={Oxford University Press}
}

@article{lee2017deep,
  title={Deep neural networks as {G}aussian processes},
  author={Lee, Jaehoon and Bahri, Yasaman and Novak, Roman and Schoenholz, Samuel S and Pennington, Jeffrey and Sohl-Dickstein, Jascha},
  journal={arXiv preprint arXiv:1711.00165},
  year={2017}
}

@article{maddu2021inverse,
  title={Inverse Dirichlet Weighting Enables Reliable Training of Physics Informed Neural Networks},
  author={Maddu, Suryanarayana and Sturm, Dominik and M{\"u}ller, Christian L and Sbalzarini, Ivo F},
  journal={Machine Learning: Science and Technology},
  year={2021},
  publisher={IOP Publishing}
}

@article{nguyen2023climax,
  title={ClimaX: A foundation model for weather and climate},
  author={Nguyen, Tung and Brandstetter, Johannes and Kapoor, Ashish and Gupta, Jayesh K and Grover, Aditya},
  journal={arXiv preprint arXiv:2301.10343},
  year={2023}
}

@article{allen1975coherent,
  title={Coherent and incoherent equilibria in iron-rich iron-aluminum alloys},
  author={Allen, Samuel M and Cahn, John W},
  journal={Acta Metallurgica},
  volume={23},
  number={9},
  pages={1017--1026},
  year={1975},
  publisher={Elsevier}
}

@article{du2021evolutional,
  title={Evolutional deep neural network},
  author={Du, Yifan and Zaki, Tamer A},
  journal={arXiv preprint arXiv:2103.09959},
  year={2021}
}

@article{vadyala2022physics,
  title={Physics-informed neural network method for solving one-dimensional advection equation using PyTorch},
  author={Vadyala, Shashank Reddy and Betgeri, Sai Nethra and Betgeri, Naga Parameshwari},
  journal={Array},
  volume={13},
  pages={100110},
  year={2022},
  publisher={Elsevier}
}

@article{mathews2021uncovering,
  title={Uncovering turbulent plasma dynamics via deep learning from partial observations},
  author={Mathews, Abhilash and Francisquez, Manaure and Hughes, Jerry W and Hatch, David R and Zhu, Ben and Rogers, Barrett N},
  journal={Physical Review E},
  volume={104},
  number={2},
  pages={025205},
  year={2021},
  publisher={APS}
}

@article{wang2021understanding,
  title={Understanding and mitigating gradient flow pathologies in physics-informed neural networks},
  author={Wang, Sifan and Teng, Yujun and Perdikaris, Paris},
  journal={SIAM Journal on Scientific Computing},
  volume={43},
  number={5},
  pages={A3055--A3081},
  year={2021},
  publisher={SIAM}
}

@book{strauss2007partial,
  title={Partial differential equations: An introduction},
  author={Strauss, Walter A},
  year={2007},
  publisher={John Wiley \& Sons}
}

@article{moseley2021finite,
  title={Finite Basis Physics-Informed Neural Networks (FBPINNs): a scalable domain decomposition approach for solving differential equations},
  author={Moseley, Ben and Markham, Andrew and Nissen-Meyer, Tarje},
  journal={arXiv preprint arXiv:2107.07871},
  year={2021}
}

@article{jagtap2020adaptive,
  title={Adaptive activation functions accelerate convergence in deep and physics-informed neural networks},
  author={Jagtap, Ameya D and Kawaguchi, Kenji and Karniadakis, George Em},
  journal={Journal of Computational Physics},
  volume={404},
  pages={109136},
  year={2020},
  publisher={Elsevier}
}

@book{hughes2012finite,
  title={The finite element method: linear static and dynamic finite element analysis},
  author={Hughes, Thomas JR},
  year={2012},
  publisher={Courier Corporation}
}

@article{krishnapriyan2021characterizing,
  title={Characterizing possible failure modes in physics-informed neural networks},
  author={Krishnapriyan, Aditi S and Gholami, Amir and Zhe, Shandian and Kirby, Robert M and Mahoney, Michael W},
  journal={arXiv preprint arXiv:2109.01050},
  year={2021}
}

@article{griebel2017reproducing,
  title={Reproducing kernel Hilbert spaces for parametric partial differential equations},
  author={Griebel, Michael and Rieger, Christian},
  journal={SIAM/ASA Journal on Uncertainty Quantification},
  volume={5},
  number={1},
  pages={111--137},
  year={2017},
  publisher={SIAM}
}

@article{poggio2017and,
  title={Why and when can deep-but not shallow-networks avoid the curse of dimensionality: a review},
  author={Poggio, Tomaso and Mhaskar, Hrushikesh and Rosasco, Lorenzo and Miranda, Brando and Liao, Qianli},
  journal={International Journal of Automation and Computing},
  volume={14},
  number={5},
  pages={503--519},
  year={2017},
  publisher={Springer}
}

@article{chen2024self,
  title={Self-adaptive weights based on balanced residual decay rate for physics-informed neural networks and deep operator networks},
  author={Chen, Wenqian and Howard, Amanda A and Stinis, Panos},
  journal={arXiv preprint arXiv:2407.01613},
  year={2024}
}

@article{elbrachter2018dnn,
  title={DNN expression rate analysis of high-dimensional {PDEs}: Application to option pricing},
  author={Elbr{\"a}chter, Dennis and Grohs, Philipp and Jentzen, Arnulf and Schwab, Christoph},
  journal={arXiv preprint arXiv:1809.07669},
  year={2018}
}

@article{han2018solving,
  title={Solving high-dimensional partial differential equations using deep learning},
  author={Han, Jiequn and Jentzen, Arnulf and Weinan, E},
  journal={Proceedings of the National Academy of Sciences},
  volume={115},
  number={34},
  pages={8505--8510},
  year={2018},
  publisher={National Acad Sciences}
}

@article{chen2020physics,
  title={Physics-informed neural networks for inverse problems in nano-optics and metamaterials},
  author={Chen, Yuyao and Lu, Lu and Karniadakis, George Em and Dal Negro, Luca},
  journal={Optics express},
  volume={28},
  number={8},
  pages={11618--11633},
  year={2020},
  publisher={Optical Society of America}
}

@article{zhangphysics,
  title={Physics-informed Deep Learning Based on the Finite Difference Method for Efficient and Accurate Numerical Solution of Partial Differential Equations},
  author={Zhang, Jiaming and Dalton, David and Gao, Hao and Husmeier, Dirk}
}

@article{karakonstantis2024room,
  title={Room impulse response reconstruction with physics-informed deep learning},
  author={Karakonstantis, Xenofon and Caviedes-Nozal, Diego and Richard, Antoine and Fernandez-Grande, Efren},
  journal={The Journal of the Acoustical Society of America},
  volume={155},
  number={2},
  pages={1048--1059},
  year={2024},
  publisher={AIP Publishing}
}

@article{vyas2024soap,
  title={Soap: Improving and stabilizing shampoo using adam},
  author={Vyas, Nikhil and Morwani, Depen and Zhao, Rosie and Shapira, Itai and Brandfonbrener, David and Janson, Lucas and Kakade, Sham},
  journal={arXiv preprint arXiv:2409.11321},
  year={2024}
}


@article{liu2024config,
  title={Config: Towards conflict-free training of physics informed neural networks},
  author={Liu, Qiang and Chu, Mengyu and Thuerey, Nils},
  journal={arXiv preprint arXiv:2408.11104},
  year={2024}
}

@article{lu2020extraction,
  title={Extraction of mechanical properties of materials through deep learning from instrumented indentation},
  author={Lu, Lu and Dao, Ming and Kumar, Punit and Ramamurty, Upadrasta and Karniadakis, George Em and Suresh, Subra},
  journal={Proceedings of the National Academy of Sciences},
  volume={117},
  number={13},
  pages={7052--7062},
  year={2020},
  publisher={National Acad Sciences}
}

@article{goswami2020transfer,
  title={Transfer learning enhanced physics informed neural network for phase-field modeling of fracture},
  author={Goswami, Somdatta and Anitescu, Cosmin and Chakraborty, Souvik and Rabczuk, Timon},
  journal={Theoretical and Applied Fracture Mechanics},
  volume={106},
  pages={102447},
  year={2020},
  publisher={Elsevier}
}

@article{karumuri2020simulator,
  title={Simulator-free solution of high-dimensional stochastic elliptic partial differential equations using deep neural networks},
  author={Karumuri, Sharmila and Tripathy, Rohit and Bilionis, Ilias and Panchal, Jitesh},
  journal={Journal of Computational Physics},
  volume={404},
  pages={109120},
  year={2020},
  publisher={Elsevier}
}

@article{sun2020surrogate,
  title={Surrogate modeling for fluid flows based on physics-constrained deep learning without simulation data},
  author={Sun, Luning and Gao, Han and Pan, Shaowu and Wang, Jian-Xun},
  journal={Computer Methods in Applied Mechanics and Engineering},
  volume={361},
  pages={112732},
  year={2020},
  publisher={Elsevier}
}

@article{majda2018strategies,
  title={Strategies for reduced-order models for predicting the statistical responses and uncertainty quantification in complex turbulent dynamical systems},
  author={Majda, Andrew J and Qi, Di},
  journal={SIAM Review},
  volume={60},
  number={3},
  pages={491--549},
  year={2018},
  publisher={SIAM}
}

@article{mezic2005spectral,
  title={Spectral properties of dynamical systems, model reduction and decompositions},
  author={Mezi{\'c}, Igor},
  journal={Nonlinear Dynamics},
  volume={41},
  number={1},
  pages={309--325},
  year={2005},
  publisher={Springer}
}

@article{lassila2014model,
  title={Model order reduction in fluid dynamics: challenges and perspectives},
  author={Lassila, Toni and Manzoni, Andrea and Quarteroni, Alfio and Rozza, Gianluigi},
  journal={Reduced Order Methods for modeling and computational reduction},
  pages={235--273},
  year={2014},
  publisher={Springer}
}

@book{quarteroni2014reduced,
  title={Reduced order methods for modeling and computational reduction},
  author={Quarteroni, Alfio and Rozza, Gianluigi and others},
  volume={9},
  year={2014},
  publisher={Springer}
}

@book{schilders2008model,
  title={Model order reduction: theory, research aspects and applications},
  author={Schilders, Wilhelmus HA and Van der Vorst, Henk A and Rommes, Joost},
  volume={13},
  year={2008},
  publisher={Springer}
}

@book{benner2017model,
  title={Model reduction of parametrized systems},
  author={Benner, Peter and Ohlberger, Mario and Patera, Anthony and Rozza, Gianluigi and Urban, Karsten},
  year={2017},
  publisher={Springer}
}

@book{kutz2016dynamic,
  title={Dynamic mode decomposition: data-driven modeling of complex systems},
  author={Kutz, J Nathan and Brunton, Steven L and Brunton, Bingni W and Proctor, Joshua L},
  year={2016},
  publisher={SIAM}
}


@article{lucia2004reduced,
  title={Reduced-order modeling: new approaches for computational physics},
  author={Lucia, David J and Beran, Philip S and Silva, Walter A},
  journal={Progress in aerospace sciences},
  volume={40},
  number={1-2},
  pages={51--117},
  year={2004},
  publisher={Elsevier}
}

@book{courant2008methods,
  title={Methods of Mathematical Physics: Partial Differential Equations},
  author={Courant, Richard and Hilbert, David},
  year={2008},
  publisher={John Wiley \& Sons}
}

@article{matthews2018gaussian,
  title={Gaussian process behaviour in wide deep neural networks},
  author={Matthews, Alexander G de G and Rowland, Mark and Hron, Jiri and Turner, Richard E and Ghahramani, Zoubin},
  journal={arXiv preprint arXiv:1804.11271},
  year={2018}
}

@article{wang2024piratenets,
  title={PirateNets: Physics-informed Deep Learning with Residual Adaptive Networks},
  author={Wang, Sifan and Li, Bowen and Chen, Yuhan and Perdikaris, Paris},
  journal={arXiv preprint arXiv:2402.00326},
  year={2024}
}

@article{chen1995universal,
  title={Universal approximation to nonlinear operators by neural networks with arbitrary activation functions and its application to dynamical systems},
  author={Chen, Tianping and Chen, Hong},
  journal={IEEE Transactions on Neural Networks},
  volume={6},
  number={4},
  pages={911--917},
  year={1995},
  publisher={IEEE}
}

@article{lin2020operator,
  title={Operator learning for predicting multiscale bubble growth dynamics},
  author={Lin, Chensen and Li, Zhen and Lu, Lu and Cai, Shengze and Maxey, Martin and Karniadakis, George Em},
  journal={arXiv preprint arXiv:2012.12816},
  year={2020}
}

@article{hennigh2020nvidia,
  title={NVIDIA SimNet\^{}$\{$TM$\}$: an AI-accelerated multi-physics simulation framework},
  author={Hennigh, Oliver and Narasimhan, Susheela and Nabian, Mohammad Amin and Subramaniam, Akshay and Tangsali, Kaustubh and Rietmann, Max and Ferrandis, Jose del Aguila and Byeon, Wonmin and Fang, Zhiwei and Choudhry, Sanjay},
  journal={arXiv preprint arXiv:2012.07938},
  year={2020}
}

@article{griewank1989automatic,
  title={On automatic differentiation},
  author={Griewank, Andreas and others},
  journal={Mathematical Programming: recent developments and applications},
  volume={6},
  number={6},
  pages={83--107},
  year={1989},
  publisher={Amsterdam}
}

@article{chen2020meta,
  title={Meta-MgNet: Meta Multigrid Networks for Solving Parameterized Partial Differential Equations},
  author={Chen, Yuyan and Dong, Bin and Xu, Jinchao},
  journal={arXiv preprint arXiv:2010.14088},
  year={2020}
}

@article{geneva2020modeling,
  title={Modeling the dynamics of {PDE} systems with physics-constrained deep auto-regressive networks},
  author={Geneva, Nicholas and Zabaras, Nicholas},
  journal={Journal of Computational Physics},
  volume={403},
  pages={109056},
  year={2020},
  publisher={Elsevier}
}

@article{peherstorfer2016data,
  title={Data-driven operator inference for nonintrusive projection-based model reduction},
  author={Peherstorfer, Benjamin and Willcox, Karen},
  journal={Computer Methods in Applied Mechanics and Engineering},
  volume={306},
  pages={196--215},
  year={2016},
  publisher={Elsevier}
}

@article{liu2021learning,
  title={A learning-based multiscale method and its application to inelastic impact problems},
  author={Liu, Burigede and Kovachki, Nikola and Li, Zongyi and Azizzadenesheli, Kamyar and Anandkumar, Anima and Stuart, Andrew and Bhattacharya, Kaushik},
  journal={arXiv preprint arXiv:2102.07256},
  year={2021}
}

@article{cai2020deepm,
  title={DeepM\&Mnet: Inferring the electroconvection multiphysics fields based on operator approximation by neural networks},
  author={Cai, Shengze and Wang, Zhicheng and Lu, Lu and Zaki, Tamer A and Karniadakis, George Em},
  journal={arXiv preprint arXiv:2009.12935},
  year={2020}
}

@book{iserles2009first,
  title={A first course in the numerical analysis of differential equations},
  author={Iserles, Arieh},
  number={44},
  year={2009},
  publisher={Cambridge university press}
}

@article{lanthaler2021error,
  title={Error estimates for {DeepONets}: A deep learning framework in infinite dimensions},
  author={Lanthaler, Samuel and Mishra, Siddhartha and Karniadakis, George Em},
  journal={arXiv preprint arXiv:2102.09618},
  year={2021}
}

@article{nelsen2020random,
  title={The random feature model for input-output maps between {Banach} spaces},
  author={Nelsen, Nicholas H and Stuart, Andrew M},
  journal={arXiv preprint arXiv:2005.10224},
  year={2020}
}

@article{owhadi2020ideas,
  title={Do ideas have shape? Plato's theory of forms as the continuous limit of artificial neural networks},
  author={Owhadi, Houman},
  journal={arXiv preprint arXiv:2008.03920},
  year={2020}
}

@article{kadri2016operator,
  title={Operator-valued kernels for learning from functional response data},
  author={Kadri, Hachem and Duflos, Emmanuel and Preux, Philippe and Canu, St{\'e}phane and Rakotomamonjy, Alain and Audiffren, Julien},
  journal={Journal of Machine Learning Research},
  volume={17},
  number={20},
  pages={1--54},
  year={2016}
}

@article{back2002universal,
  title={Universal approximation of multiple nonlinear operators by neural networks},
  author={Back, Andrew D and Chen, Tianping},
  journal={Neural Computation},
  volume={14},
  number={11},
  pages={2561--2566},
  year={2002},
  publisher={MIT Press}
}

@article{li2020neural,
  title={Neural operator: Graph kernel network for partial differential equations},
  author={Li, Zongyi and Kovachki, Nikola and Azizzadenesheli, Kamyar and Liu, Burigede and Bhattacharya, Kaushik and Stuart, Andrew and Anandkumar, Anima},
  journal={arXiv preprint arXiv:2003.03485},
  year={2020}
}

@article{li2020multipole,
  title={Multipole graph neural operator for parametric partial differential equations},
  author={Li, Zongyi and Kovachki, Nikola and Azizzadenesheli, Kamyar and Liu, Burigede and Bhattacharya, Kaushik and Stuart, Andrew and Anandkumar, Anima},
  journal={arXiv preprint arXiv:2006.09535},
  year={2020}
}

@article{wang2020multi,
  title={Multi-scale Deep Neural Network ({MscaleDNN}) Methods for Oscillatory Stokes Flows in Complex Domains},
  author={Wang, Bo and Zhang, Wenzhong and Cai, Wei},
  journal={arXiv preprint arXiv:2009.12729},
  year={2020}
}

@article{liu2020multi,
  title={Multi-scale deep neural network ({MscaleDNN}) for solving {P}oisson-{B}oltzmann equation in complex domains},
  author={Liu, Ziqi and Cai, Wei and Xu, Zhi-Qin John},
  journal={arXiv preprint arXiv:2007.11207},
  year={2020}
}

@article{li2020dnn,
  title={A {DNN}-based algorithm for multi-scale elliptic problems},
  author={Li, Xi-An and Xu, Zhi-Qin John and Zhang, Lei},
  journal={arXiv preprint arXiv:2009.14597},
  year={2020}
}

@article{lagaris1998artificial,
  title={Artificial neural networks for solving ordinary and partial differential equations},
  author={Lagaris, Isaac E and Likas, Aristidis and Fotiadis, Dimitrios I},
  journal={IEEE transactions on neural networks},
  volume={9},
  number={5},
  pages={987--1000},
  year={1998},
  publisher={IEEE}
}

@article{psichogios1992hybrid,
  title={A hybrid neural network-first principles approach to process modeling},
  author={Psichogios, Dimitris C and Ungar, Lyle H},
  journal={AIChE Journal},
  volume={38},
  number={10},
  pages={1499--1511},
  year={1992},
  publisher={Wiley Online Library}
}


@article{sun2020physics,
  title={Physics-constrained {B}ayesian neural network for fluid flow reconstruction with sparse and noisy data},
  author={Sun, Luning and Wang, Jian-Xun},
  journal={arXiv preprint arXiv:2001.05542},
  year={2020}
}


@article{mackay1998introduction,
  title={Introduction to {G}aussian processes},
  author={MacKay, David JC},
  journal={NATO ASI Series F Computer and Systems Sciences},
  volume={168},
  pages={133--166},
  year={1998},
  publisher={Citeseer}
}


@article{cao2019towards,
  title={Towards understanding the spectral bias of deep learning},
  author={Cao, Yuan and Fang, Zhiying and Wu, Yue and Zhou, Ding-Xuan and Gu, Quanquan},
  journal={arXiv preprint arXiv:1912.01198},
  year={2019}
}

@article{yang2019scaling,
  title={Scaling limits of wide neural networks with weight sharing: {G}aussian process behavior, gradient independence, and neural tangent kernel derivation},
  author={Yang, Greg},
  journal={arXiv preprint arXiv:1902.04760},
  year={2019}
}

@article{basri2020frequency,
  title={Frequency bias in neural networks for input of non-uniform density},
  author={Basri, Ronen and Galun, Meirav and Geifman, Amnon and Jacobs, David and Kasten, Yoni and Kritchman, Shira},
  journal={arXiv preprint arXiv:2003.04560},
  year={2020}
}

@article{luo2020two,
  title={Two-layer neural networks for partial differential equations: {O}ptimization and generalization theory},
  author={Luo, Tao and Yang, Haizhao},
  journal={arXiv preprint arXiv:2006.15733},
  year={2020}
}

@article{raissi2020hidden,
  title={Hidden fluid mechanics: {L}earning velocity and pressure fields from flow visualizations},
  author={Raissi, Maziar and Yazdani, Alireza and Karniadakis, George Em},
  journal={Science},
  volume={367},
  number={6481},
  pages={1026--1030},
  year={2020},
  publisher={American Association for the Advancement of Science}
}



@article{shin2020error,
  title={Error estimates of residual minimization using neural networks for linear {PDEs}},
  author={Shin, Yeonjong and Zhang, Zhongqiang and Karniadakis, George Em},
  journal={arXiv preprint arXiv:2010.08019},
  year={2020}
}

@article{shin2020convergence,
  title={On the Convergence of Physics Informed Neural Networks for Linear Second-Order Elliptic and Parabolic Type {PDEs}},
  author={Shin, Yeonjong and Darbon, J{\'e}r{\^o}me and Karniadakis, George Em},
  year={2020}
}

@article{tancik2020fourier,
  title={{Fourier} Features Let Networks Learn High Frequency Functions in Low Dimensional Domains},
  author={Tancik, Matthew and Srinivasan, Pratul P and Mildenhall, Ben and Fridovich-Keil, Sara and Raghavan, Nithin and Singhal, Utkarsh and Ramamoorthi, Ravi and Barron, Jonathan T and Ng, Ren},
  journal={arXiv preprint arXiv:2006.10739},
  year={2020}
}

@inproceedings{rahaman2019spectral,
  title={On the spectral bias of neural networks},
  author={Rahaman, Nasim and Baratin, Aristide and Arpit, Devansh and Draxler, Felix and Lin, Min and Hamprecht, Fred and Bengio, Yoshua and Courville, Aaron},
  booktitle={International Conference on Machine Learning},
  pages={5301--5310},
  year={2019}
}

@article{kuramoto1976persistent,
  title={Persistent propagation of concentration waves in dissipative media far from thermal equilibrium},
  author={Kuramoto, Yoshiki and Tsuzuki, Toshio},
  journal={Progress of theoretical physics},
  volume={55},
  number={2},
  pages={356--369},
  year={1976},
  publisher={Oxford University Press}
}

@article{li2021physics,
  title={Physics-informed neural operator for learning partial differential equations},
  author={Li, Zongyi and Zheng, Hongkai and Kovachki, Nikola and Jin, David and Chen, Haoxuan and Liu, Burigede and Azizzadenesheli, Kamyar and Anandkumar, Anima},
  journal={arXiv preprint arXiv:2111.03794},
  year={2021}
}

@book{griewank2008evaluating,
  title={Evaluating derivatives: principles and techniques of algorithmic differentiation},
  author={Griewank, Andreas and Walther, Andrea},
  year={2008},
  publisher={SIAM}
}

@article{sivashinsky1977nonlinear,
  title={Nonlinear analysis of hydrodynamic instability in laminar flamesâ€”I. Derivation of basic equations},
  author={Sivashinsky, Gregory I},
  journal={Acta astronautica},
  volume={4},
  number={11},
  pages={1177--1206},
  year={1977}
}

@article{raissi2018deep,
  title={Deep hidden physics models: Deep learning of nonlinear partial differential equations},
  author={Raissi, Maziar},
  journal={The Journal of Machine Learning Research},
  volume={19},
  number={1},
  pages={932--955},
  year={2018},
  publisher={JMLR. org}
}

@article{zhu2019physics,
  title={Physics-constrained deep learning for high-dimensional surrogate modeling and uncertainty quantification without labeled data},
  author={Zhu, Yinhao and Zabaras, Nicholas and Koutsourelakis, Phaedon-Stelios and Perdikaris, Paris},
  journal={Journal of Computational Physics},
  volume={394},
  pages={56--81},
  year={2019},
  publisher={Elsevier}
}

@article{tchelepi2020limitations,
  title={LIMITATIONS OF PHYSICS INFORMED MACHINE LEARNING FOR NONLINEAR TWO-PHASE TRANSPORT IN POROUS MEDIA},
  author={Tchelepi, Hamdi A and Fuks, Olga},
  journal={Journal of Machine Learning for Modeling and Computing},
  volume={1},
  number={1},
  year={2020},
  publisher={Begel House Inc.}
}

@inproceedings{jacot2018neural,
  title={Neural tangent kernel: Convergence and generalization in neural networks},
  author={Jacot, Arthur and Gabriel, Franck and Hongler, Cl{\'e}ment},
  booktitle={Advances in neural information processing systems},
  pages={8571--8580},
  year={2018}
}

@inproceedings{arora2019exact,
  title={On exact computation with an infinitely wide neural net},
  author={Arora, Sanjeev and Du, Simon S and Hu, Wei and Li, Zhiyuan and Salakhutdinov, Russ R and Wang, Ruosong},
  booktitle={Advances in Neural Information Processing Systems},
  pages={8141--8150},
  year={2019}
}

@inproceedings{lee2019wide,
  title={Wide neural networks of any depth evolve as linear models under gradient descent},
  author={Lee, Jaehoon and Xiao, Lechao and Schoenholz, Samuel and Bahri, Yasaman and Novak, Roman and Sohl-Dickstein, Jascha and Pennington, Jeffrey},
  booktitle={Advances in neural information processing systems},
  pages={8572--8583},
  year={2019}
}


@article{raissi2019physics,
  title={Physics-informed neural networks: A deep learning framework for solving forward and inverse problems involving nonlinear partial differential equations},
  author={Raissi, Maziar and Perdikaris, Paris and Karniadakis, George E},
  journal={Journal of Computational Physics},
  volume={378},
  pages={686--707},
  year={2019},
  publisher={Elsevier}
}



@inproceedings{ronen2019convergence,
  title={The convergence rate of neural networks for learned functions of different frequencies},
  author={Ronen, Basri and Jacobs, David and Kasten, Yoni and Kritchman, Shira},
  booktitle={Advances in Neural Information Processing Systems},
  pages={4761--4771},
  year={2019}
}

@article{lu2019deepxde,
  title={{DeepXDE}: A deep learning library for solving differential equations},
  author={Lu, Lu and Meng, Xuhui and Mao, Zhiping and Karniadakis, George E},
  journal={arXiv preprint arXiv:1907.04502},
  year={2019}
}

@article{xu2019frequency,
  title={Frequency principle: {F}ourier analysis sheds light on deep neural networks},
  author={Xu, Zhi-Qin John and Zhang, Yaoyu and Luo, Tao and Xiao, Yanyang and Ma, Zheng},
  journal={arXiv preprint arXiv:1901.06523},
  year={2019}
}

@article{wang2021eigenvector,
  title={On the eigenvector bias of Fourier feature networks: From regression to solving multi-scale {PDEs} with physics-informed neural networks},
  author={Wang, Sifan and Wang, Hanwen and Perdikaris, Paris},
  journal={Computer Methods in Applied Mechanics and Engineering},
  volume={384},
  pages={113938},
  year={2021},
  publisher={Elsevier}
}

@inproceedings{glorot2010understanding,
  title={Understanding the difficulty of training deep feedforward neural networks},
  author={Glorot, Xavier and Bengio, Yoshua},
  booktitle={Proceedings of the thirteenth international conference on artificial intelligence and statistics},
  pages={249--256},
  year={2010}
}

@article{kingma2014adam,
  title={Adam: A method for stochastic optimization},
  author={Kingma, Diederik P and Ba, Jimmy},
  journal={arXiv preprint arXiv:1412.6980},
  year={2014}
}

@book{evans1998partial,
  title={Partial Differential Equations},
  author={Evans, L.C. and American Mathematical Society},
  isbn={9780821807729},
  lccn={97041033},
  series={Graduate studies in mathematics},
  url={https://books.google.com/books?id=5Pv4LVB\_m8AC},
  year={1998},
  publisher={American Mathematical Society}
}

@book{moin2010fundamentals,
  title={Fundamentals of engineering numerical analysis},
  author={Moin, Parviz},
  year={2010},
  publisher={Cambridge University Press}
}

@article{sahli2020physics,
  title={Physics-informed neural networks for cardiac activation mapping},
  author={Sahli Costabal, Francisco and Yang, Yibo and Perdikaris, Paris and Hurtado, Daniel E and Kuhl, Ellen},
  journal={Frontiers in Physics},
  volume={8},
  pages={42},
  year={2020},
  publisher={Frontiers}
}

@article{kissas2020machine,
  title={Machine learning in cardiovascular flows modeling: Predicting arterial blood pressure from non-invasive {4D} flow {MRI} data using physics-informed neural networks},
  author={Kissas, Georgios and Yang, Yibo and Hwuang, Eileen and Witschey, Walter R and Detre, John A and Perdikaris, Paris},
  journal={Computer Methods in Applied Mechanics and Engineering},
  volume={358},
  pages={112623},
  year={2020},
  publisher={Elsevier}
}

@article{yang2019adversarial,
  title={Adversarial uncertainty quantification in physics-informed neural networks},
  author={Yang, Yibo and Perdikaris, Paris},
  journal={Journal of Computational Physics},
  volume={394},
  pages={136--152},
  year={2019},
  publisher={Elsevier}
}

@article{raissi2019deep,
  title={Deep learning of turbulent scalar mixing},
  author={Raissi, Maziar and Babaee, Hessam and Givi, Peyman},
  journal={Physical Review Fluids},
  volume={4},
  number={12},
  pages={124501},
  year={2019},
  publisher={APS}
}

@article{raissi2019deep_vortex,
  title={Deep learning of vortex-induced vibrations},
  author={Raissi, Maziar and Wang, Zhicheng and Triantafyllou, Michael S and Karniadakis, George Em},
  journal={Journal of Fluid Mechanics},
  volume={861},
  pages={119--137},
  year={2019},
  publisher={Cambridge University Press}
}

@article{wang2020deep,
  title={Deep learning of free boundary and {S}tefan problems},
  author={Wang, Sifan and Perdikaris, Paris},
  journal={arXiv preprint arXiv:2006.05311},
  year={2020}
}

@article{karniadakis2021physics,
  title={Physics-informed machine learning},
  author={Karniadakis, George Em and Kevrekidis, Ioannis G and Lu, Lu and Perdikaris, Paris and Wang, Sifan and Yang, Liu},
  journal={Nature Reviews Physics},
  pages={1--19},
  year={2021},
  publisher={Nature Publishing Group}
}

@article{meng2020ppinn,
  title={{PPINN}: Parareal physics-informed neural network for time-dependent {PDEs}},
  author={Meng, Xuhui and Li, Zhen and Zhang, Dongkun and Karniadakis, George Em},
  journal={Computer Methods in Applied Mechanics and Engineering},
  volume={370},
  pages={113250},
  year={2020},
  publisher={Elsevier}
}


@article{kharazmi2019variational,
  title={Variational physics-informed neural networks for solving partial differential equations},
  author={Kharazmi, Ehsan and Zhang, Zhongqiang and Karniadakis, George Em},
  journal={arXiv preprint arXiv:1912.00873},
  year={2019}
}

@article{jagtap2020extended,
  title={Extended Physics-Informed Neural Networks ({XPINNs}): A Generalized Space-Time Domain Decomposition Based Deep Learning Framework for Nonlinear Partial Differential Equations},
  author={Jagtap, Ameya D and Karniadakis, George Em},
  journal={Communications in Computational Physics},
  volume={28},
  number={5},
  pages={2002--2041},
  year={2020},
  publisher={GLOBAL SCIENCE PRESS ROOM 3208, CENTRAL PLAZA, 18 HARBOUR RD, WANCHAI, HONG~â€¦}
}


@article{yang2020b,
  title={{B-PINNs}: {B}ayesian physics-informed neural networks for forward and inverse pde problems with noisy data},
  author={Yang, Liu and Meng, Xuhui and Karniadakis, George Em},
  journal={arXiv preprint arXiv:2003.06097},
  year={2020}
}



@article{raissi2018forward,
  title={Forward-backward stochastic neural networks: Deep learning of high-dimensional partial differential equations},
  author={Raissi, Maziar},
  journal={arXiv preprint arXiv:1804.07010},
  year={2018}
}


@article{reyes2020learning,
  title={Learning Unknown Physics of non-{N}ewtonian Fluids},
  author={Reyes, Brandon and Howard, Amanda A and Perdikaris, Paris and Tartakovsky, Alexandre M},
  journal={arXiv preprint arXiv:2009.01658},
  year={2020}
}



@article{li2020fourier,
  title={Fourier neural operator for parametric partial differential equations},
  author={Li, Zongyi and Kovachki, Nikola and Azizzadenesheli, Kamyar and Liu, Burigede and Bhattacharya, Kaushik and Stuart, Andrew and Anandkumar, Anima},
  journal={arXiv preprint arXiv:2010.08895},
  year={2020}
}

@article{jin2020nsfnets,
  title={NSFnets ({N}avier-{S}tokes Flow nets): Physics-informed neural networks for the incompressible {N}avier-{S}tokes equations},
  author={Jin, Xiaowei and Cai, Shengze and Li, Hui and Karniadakis, George Em},
  journal={arXiv preprint arXiv:2003.06496},
  year={2020}
}

@book{hesthaven2007spectral,
  title={Spectral methods for time-dependent problems},
  author={Hesthaven, Jan S and Gottlieb, Sigal and Gottlieb, David},
  volume={21},
  year={2007},
  publisher={Cambridge University Press}
}

@article{yang2020bayesian,
  doi = {10.1098/rspa.2020.0290},
  url = {https://doi.org/10.1098/rspa.2020.0290},
  year = {2020},
  month = nov,
  publisher = {The Royal Society},
  volume = {476},
  number = {2243},
  pages = {20200290},
  author = {Yibo Yang and Mohamed Aziz Bhouri and Paris Perdikaris},
  title = {Bayesian differential programming for robust systems identification under uncertainty},
  journal = {Proceedings of the Royal Society A: Mathematical,  Physical and Engineering Sciences}
}




@article{mao2020physics,
  title={Physics-informed neural networks for high-speed flows},
  author={Mao, Zhiping and Jagtap, Ameya D and Karniadakis, George Em},
  journal={Computer Methods in Applied Mechanics and Engineering},
  volume={360},
  pages={112789},
  year={2020},
  publisher={Elsevier}
}




@article{tartakovsky2020physics,
  title={Physics-Informed Deep Neural Networks for Learning Parameters and Constitutive Relationships in Subsurface Flow Problems},
  author={Tartakovsky, AM and Marrero, C Ortiz and Perdikaris, Paris and Tartakovsky, GD and Barajas-Solano, D},
  journal={Water Resources Research},
  volume={56},
  number={5},
  pages={e2019WR026731},
  year={2020},
  publisher={Wiley Online Library}
}

@article{yang2018physics,
  title={Physics-informed deep generative models},
  author={Yang, Yibo and Perdikaris, Paris},
  journal={arXiv preprint arXiv:1812.03511},
  year={2018}
}


@article{zhang2020learning,
  title={Learning in modal space: Solving time-dependent stochastic {PDEs} using physics-informed neural networks},
  author={Zhang, Dongkun and Guo, Ling and Karniadakis, George Em},
  journal={SIAM Journal on Scientific Computing},
  volume={42},
  number={2},
  pages={A639--A665},
  year={2020},
  publisher={SIAM}
}



@article{pang2019fpinns,
  title={{fPINNs}: {F}ractional physics-informed neural networks},
  author={Pang, Guofei and Lu, Lu and Karniadakis, George Em},
  journal={SIAM Journal on Scientific Computing},
  volume={41},
  number={4},
  pages={A2603--A2626},
  year={2019},
  publisher={SIAM}
}




@article{raissi2019deep1,
  title={Deep learning of turbulent scalar mixing},
  author={Raissi, Maziar and Babaee, Hessam and Givi, Peyman},
  journal={Physical Review Fluids},
  volume={4},
  number={12},
  pages={124501},
  year={2019},
  publisher={APS}
}





@article{raissi2019deep2,
  title={Deep learning of vortex-induced vibrations},
  author={Raissi, Maziar and Wang, Zhicheng and Triantafyllou, Michael S and Karniadakis, George Em},
  journal={Journal of Fluid Mechanics},
  volume={861},
  pages={119--137},
  year={2019},
  publisher={Cambridge University Press}
}


@article{tartakovsky2018learning,
  title={Learning parameters and constitutive relationships with physics informed deep neural networks},
  author={Tartakovsky, Alexandre M and Marrero, Carlos Ortiz and Perdikaris, Paris and Tartakovsky, Guzel D and Barajas-Solano, David},
  journal={arXiv preprint arXiv:1808.03398},
  year={2018}
}

@article{lu2021learning,
  title={Learning nonlinear operators via {DeepONet} based on the universal approximation theorem of operators},
  author={Lu, Lu and Jin, Pengzhan and Pang, Guofei and Zhang, Zhongqiang and Karniadakis, George Em},
  journal={Nature Machine Intelligence},
  volume={3},
  number={3},
  pages={218--229},
  year={2021},
  publisher={Nature Publishing Group}
}


@article{fang2019deep,
  title={Deep Physical Informed Neural Networks for Metamaterial Design},
  author={Fang, Zhiwei and Zhan, Justin},
  journal={IEEE Access},
  volume={8},
  pages={24506--24513},
  year={2019},
  publisher={IEEE}
}

@article{liu2019multi,
  title={Multi-Fidelity Physics-Constrained Neural Network and Its Application in Materials Modeling},
  author={Liu, Dehao and Wang, Yan},
  journal={Journal of Mechanical Design},
  volume={141},
  number={12},
  year={2019},
  publisher={American Society of Mechanical Engineers Digital Collection}
}



@article{sirignano2018dgm,
  title={{DGM}: A deep learning algorithm for solving partial differential equations},
  author={Sirignano, Justin and Spiliopoulos, Konstantinos},
  journal={Journal of computational physics},
  volume={375},
  pages={1339--1364},
  year={2018},
  publisher={Elsevier}
}


@article{pang2020npinns,
  title={{nPINNs}: nonlocal Physics-Informed Neural Networks for a parametrized nonlocal universal Laplacian operator. Algorithms and Applications},
  author={Pang, Guofei and D'Elia, Marta and Parks, Michael and Karniadakis, George E},
  journal={arXiv preprint arXiv:2004.04276},
  year={2020}
}

@article{yazdani2020systems,
  title={Systems biology informed deep learning for inferring parameters and hidden dynamics},
  author={Yazdani, Alireza and Lu, Lu and Raissi, Maziar and Karniadakis, George Em},
  journal={PLoS computational biology},
  volume={16},
  number={11},
  pages={e1007575},
  year={2020},
  publisher={Public Library of Science}
}



@inproceedings{xie2017diverse,
  title={Diverse neural network learns true target functions},
  author={Xie, Bo and Liang, Yingyu and Song, Le},
  booktitle={Artificial Intelligence and Statistics},
  pages={1216--1224},
  year={2017}
}


@article{shawe2005eigenspectrum,
  title={On the eigenspectrum of the Gram matrix and the generalization error of kernel-{PCA}},
  author={Shawe-Taylor, John and Williams, Christopher KI and Cristianini, Nello and Kandola, Jaz},
  journal={IEEE Transactions on Information Theory},
  volume={51},
  number={7},
  pages={2510--2522},
  year={2005},
  publisher={IEEE}
}


@article{wang2022and,
  title={When and why {PINNs} fail to train: A Neural Tangent Kernel perspective},
  author={Wang, Sifan and Yu, Xinling and Perdikaris, Paris},
  journal={Journal of Computational Physics},
  volume={449},
  pages={110768},
  year={2022},
  publisher={Elsevier}
}

@article{cox2002exponential,
  title={Exponential time differencing for stiff systems},
  author={Cox, Steven M and Matthews, Paul C},
  journal={Journal of Computational Physics},
  volume={176},
  number={2},
  pages={430--455},
  year={2002},
  publisher={Elsevier}
}

@misc{driscoll2014chebfun,
  title={Chebfun guide},
  author={Driscoll, Tobin A and Hale, Nicholas and Trefethen, Lloyd N},
  year={2014},
  publisher={Pafnuty Publications, Oxford}
}

@book{gray1990chemical,
  title={Chemical oscillations and instabilities: non-linear chemical kinetics},
  author={Gray, Peter and Scott, Stephen K},
  year={1990}
}


@article{kuramoto1978diffusion,
  title={Diffusion-induced chaos in reaction systems},
  author={Kuramoto, Yoshiki},
  journal={Progress of Theoretical Physics Supplement},
  volume={64},
  pages={346--367},
  year={1978},
  publisher={Narnia}
}

@article{gao2020phygeonet,
  title={{PhyGeoNet}: Physics-Informed Geometry-Adaptive Convolutional Neural Networks for Solving Parametric {PDEs} on Irregular Domain},
  author={Gao, Han and Sun, Luning and Wang, Jian-Xun},
  journal={arXiv preprint arXiv:2004.13145},
  year={2020}
}


@article{wang2021long,
  title={Long-time integration of parametric evolution equations with physics-informed DeepONets},
  author={Wang, Sifan and Perdikaris, Paris},
  journal={arXiv preprint arXiv:2106.05384},
  year={2021}
}

@article{selig1996uiuc,
  title={UIUC airfoil data site},
  author={Selig, Michael S},
  year={1996},
  publisher={Department of Aeronautical and Astronautical Engineering University of~â€¦}
}

@article{mcclenny2020self,
  title={Self-Adaptive Physics-Informed Neural Networks using a Soft Attention Mechanism},
  author={McClenny, Levi and Braga-Neto, Ulisses},
  journal={arXiv preprint arXiv:2009.04544},
  year={2020}
}

@article{khoo2017solving,
  title={Solving parametric PDE problems with artificial neural networks},
  author={Khoo, Yuehaw and Lu, Jianfeng and Ying, Lexing},
  journal={arXiv preprint arXiv:1707.03351},
  year={2017}
}

@inproceedings{finn2017model,
  title={Model-agnostic meta-learning for fast adaptation of deep networks},
  author={Finn, Chelsea and Abbeel, Pieter and Levine, Sergey},
  booktitle={International Conference on Machine Learning},
  pages={1126--1135},
  year={2017},
  organization={PMLR}
}

@inproceedings{park2019deepsdf,
  title={Deepsdf: Learning continuous signed distance functions for shape representation},
  author={Park, Jeong Joon and Florence, Peter and Straub, Julian and Newcombe, Richard and Lovegrove, Steven},
  booktitle={Proceedings of the IEEE/CVF Conference on Computer Vision and Pattern Recognition},
  pages={165--174},
  year={2019}
}

@book{rasmussen2006gaussian,
  title = {Gaussian Processes for Machine Learning},
  author = {Rasmussen, CE. and Williams, CKI.},
  pages = {248},
  series = {Adaptive Computation and Machine Learning},
  publisher = {MIT Press},
  organization = {Max-Planck-Gesellschaft},
  school = {Biologische Kybernetik},
  address = {Cambridge, MA, USA},
  month = jan,
  year = {2006},
  month_numeric = {1}
}

@article{kochkov2021machine,
  title={Machine learning accelerated computational fluid dynamics},
  author={Kochkov, Dmitrii and Smith, Jamie A and Alieva, Ayya and Wang, Qing and Brenner, Michael P and Hoyer, Stephan},
  journal={arXiv preprint arXiv:2102.01010},
  year={2021}
}

@article{baydin2018automatic,
  title={Automatic differentiation in machine learning: a survey},
  author={Baydin, Atilim Gunes and Pearlmutter, Barak A and Radul, Alexey Andreyevich and Siskind, Jeffrey Mark},
  journal={Journal of machine learning research},
  volume={18},
  year={2018},
  publisher={Journal of Machine Learning Research}
}

@article{cai2021flow,
  title={Flow over an espresso cup: inferring 3-D velocity and pressure fields from tomographic background oriented Schlieren via physics-informed neural networks},
  author={Cai, Shengze and Wang, Zhicheng and Fuest, Frederik and Jeon, Young Jin and Gray, Callum and Karniadakis, George Em},
  journal={Journal of Fluid Mechanics},
  volume={915},
  year={2021},
  publisher={Cambridge University Press}
}


@article{beck2020overview,
  title={An overview on deep learning-based approximation methods for partial differential equations},
  author={Beck, Christian and Hutzenthaler, Martin and Jentzen, Arnulf and Kuckuck, Benno},
  journal={arXiv preprint arXiv:2012.12348},
  year={2020}
}

@book{weinan2011principles,
  title={Principles of multiscale modeling},
  author={Weinan, E},
  year={2011},
  publisher={Cambridge University Press}
}

@article{wight2020solving,
  title={Solving {Allen-Cahn} and {Cahn-Hilliard} equations using the adaptive physics informed neural networks},
  author={Wight, Colby L and Zhao, Jia},
  journal={arXiv preprint arXiv:2007.04542},
  year={2020}
}



@article{wang2021learning,
  title={Learning the solution operator of parametric partial differential equations with physics-informed DeepONets},
  author={Wang, Sifan and Wang, Hanwen and Perdikaris, Paris},
  journal={Science advances},
  volume={7},
  number={40},
  pages={eabi8605},
  year={2021},
  publisher={American Association for the Advancement of Science}
}


@article{raissi2017inferring,
  title={Inferring solutions of differential equations using noisy multi-fidelity data},
  author={Raissi, Maziar and Perdikaris, Paris and Karniadakis, George Em},
  journal={Journal of Computational Physics},
  volume={335},
  pages={736--746},
  year={2017},
  publisher={Elsevier}
}

@article{chen2021solving,
  title={Solving and Learning Nonlinear {PDEs} with Gaussian Processes},
  author={Chen, Yifan and Hosseini, Bamdad and Owhadi, Houman and Stuart, Andrew M},
  journal={arXiv preprint arXiv:2103.12959},
  year={2021}
}

@book{saad2003iterative,
  title={Iterative methods for sparse linear systems},
  author={Saad, Yousef},
  year={2003},
  publisher={SIAM}
}



@article{ji2020stiff,
  title={Stiff-{PINN}: Physics-Informed Neural Network for Stiff Chemical Kinetics},
  author={Ji, Weiqi and Qiu, Weilun and Shi, Zhiyu and Pan, Shaowu and Deng, Sili},
  journal={arXiv preprint arXiv:2011.04520},
  year={2020}
}

@article{hairer1999stiff,
  title={Stiff differential equations solved by Radau methods},
  author={Hairer, Ernst and Wanner, Gerhard},
  journal={Journal of Computational and Applied Mathematics},
  volume={111},
  number={1-2},
  pages={93--111},
  year={1999},
  publisher={Elsevier}
}

@book{wanner1996solving,
  title={Solving ordinary differential equations II},
  author={Wanner, Gerhard and Hairer, Ernst},
  volume={375},
  year={1996},
  publisher={Springer Berlin Heidelberg}
}

@article{robertson1966solution,
  title={The solution of a set of reaction rate equations},
  author={Robertson, HH},
  journal={Numerical analysis: an introduction},
  volume={178182},
  year={1966}
}

@inproceedings{sanchez2020learning,
  title={Learning to simulate complex physics with graph networks},
  author={Sanchez-Gonzalez, Alvaro and Godwin, Jonathan and Pfaff, Tobias and Ying, Rex and Leskovec, Jure and Battaglia, Peter},
  booktitle={International Conference on Machine Learning},
  pages={8459--8468},
  year={2020},
  organization={PMLR}
}

@inproceedings{lions1988schwarz,
  title={On the {S}chwarz alternating method. I},
  author={Lions, Pierre-Louis},
  booktitle={First international symposium on domain decomposition methods for partial differential equations},
  volume={1},
  pages={42},
  year={1988},
  organization={Paris, France}
}

@misc{jax2018github,
  author = {James Bradbury and Roy Frostig and Peter Hawkins and Matthew James Johnson and Chris Leary and Dougal Maclaurin and George Necula and Adam Paszke and Jake Vander{P}las and Skye Wanderman-{M}ilne and Qiao Zhang},
  title = {{JAX}: composable transformations of {P}ython+{N}um{P}y programs},
  url = {http://github.com/google/jax},
  version = {0.2.5},
  year = {2018},
}

@article{harris2020array,
  title={Array programming with NumPy},
  author={Harris, Charles R and Millman, K Jarrod and van der Walt, St{\'e}fan J and Gommers, Ralf and Virtanen, Pauli and Cournapeau, David and Wieser, Eric and Taylor, Julian and Berg, Sebastian and Smith, Nathaniel J and others},
  journal={Nature},
  volume={585},
  number={7825},
  pages={357--362},
  year={2020},
  publisher={Nature Publishing Group}
}

@article{wang2021train,
  title={Train Once and Use Forever: Solving Boundary Value Problems in Unseen Domains with Pre-trained Deep Learning Models},
  author={Wang, Hengjie and Planas, Robert and Chandramowlishwaran, Aparna and Bostanabad, Ramin},
  journal={arXiv preprint arXiv:2104.10873},
  year={2021}
}

@article{hunter2007matplotlib,
  title={Matplotlib: A {2D} graphics environment},
  author={Hunter, John D},
  journal={IEEE Annals of the History of Computing},
  volume={9},
  number={03},
  pages={90--95},
  year={2007},
  publisher={IEEE Computer Society}
}

@article{lu2021deepxde,
  author  = {Lu, Lu and Meng, Xuhui and Mao, Zhiping and Karniadakis, George Em},
  title   = {{DeepXDE}: A deep learning library for solving differential equations},
  journal = {SIAM Review},
  volume  = {63},
  number  = {1},
  pages   = {208-228},
  year    = {2021},
  doi     = {10.1137/19M1274067}
}


@article{brauer2000korteweg,
  title={The {Korteweg-de Vries} equation: history, exact solutions, and graphical representation},
  author={Brauer, Klaus},
  journal={University of Osnabr{\"u}ck/Germany1},
  year={2000}
}

@article{miles1981korteweg,
  title={The {Korteweg-de Vries} equation: a historical essay},
  author={Miles, John W},
  journal={Journal of fluid mechanics},
  volume={106},
  pages={131--147},
  year={1981},
  publisher={Cambridge University Press}
}

@article{mitusch2019dolfin,
  title={dolfin-adjoint 2018.1: automated adjoints for FEniCS and Firedrake},
  author={Mitusch, Sebastian K and Funke, Simon W and Dokken, J{\o}rgen S},
  journal={Journal of Open Source Software},
  volume={4},
  number={38},
  pages={1292},
  year={2019}
}
@article{alnaes2015fenics,
  title={The FEniCS project version 1.5},
  author={Aln{\ae}s, Martin and Blechta, Jan and Hake, Johan and Johansson, August and Kehlet, Benjamin and Logg, Anders and Richardson, Chris and Ring, Johannes and Rognes, Marie E and Wells, Garth N},
  journal={Archive of Numerical Software},
  volume={3},
  number={100},
  year={2015}
}

@article{Funke2013Fenics,
  title={A framework for automated PDE-constrained optimisation},
  author={Funke, Simon W. and Farrell, Patrick E.},
  journal={arXiv preprint arXiv:1302.3894},
  year={2013}
}

@article{Mitusch2019fenics,
  title={dolfin-adjoint 2018.1: automated adjoints for FEniCSand Firedrake},
  author={Mitusch, Sebastian K. and Funke, Simon W. and Dokken, J\o{}rrgen S.},
  journal={Journal of Open Source Software},
  volume={4},
  number={38},
  year={2019}
}

@article{Dokken2020Fenics,
  title={Automatic shape derivatives for transient {PDEs} in FEniCS and Firedrake},
  author={Dokken, J\o{}rgen S. and Mitusch, Sebastian K. and Funke, Simon W.},
  journal={arXiv preprint arXiv:2001.10058},
  year={2020}
}


@article{Schulz2016Shape,
  title={The {Korteweg-de Vries} equation: a historical essay},
  author={Schulz, Volker and Siebenborn, Martin},
  journal={Computational Methods in Applied Mathematics},
  volume={16},
  number=3,
  pages={485--496},
  year={2016},
}


@article{Pironneau1974,
  title={On optimum design in fluid mechanics},
  author={Pironneau, Olivier},
  journal={Journal of Fluid Mechanics},
  volume={64},
  number=1,
  pages={97--110},
  year={1974},
}


@article{wang2021improved,
  title={Improved architectures and training algorithms for deep operator networks},
  author={Wang, Sifan and Wang, Hanwen and Perdikaris, Paris},
  journal={arXiv preprint arXiv:2110.01654},
  year={2021}
}



@book{haslinger2003introduction,
  title={Introduction to shape optimization: theory, approximation, and computation},
  author={Haslinger, Jaroslav and M{\"a}kinen, Raino AE},
  year={2003},
  publisher={SIAM}
}

@incollection{sokolowski1992introduction,
  title={Introduction to shape optimization},
  author={Sokolowski, Jan and Zol{\'e}sio, Jean-Paul},
  booktitle={Introduction to shape optimization},
  pages={5--12},
  year={1992},
  publisher={Springer}
}

@book{lewis2012optimal,
  title={Optimal control},
  author={Lewis, Frank L and Vrabie, Draguna and Syrmos, Vassilis L},
  year={2012},
  publisher={John Wiley \& Sons}
}

@article{de2013image,
  title={Image denoising: learning the noise model via nonsmooth PDE-constrained optimization},
  author={De los Reyes, Juan Carlos and Sch{\"o}nlieb, Carola-Bibiane},
  journal={Inverse Problems \& Imaging},
  volume={7},
  number={4},
  pages={1183},
  year={2013},
  publisher={American Institute of Mathematical Sciences}
}

@article{hazra2005aerodynamic,
  title={Aerodynamic shape optimization using simultaneous pseudo-timestepping},
  author={Hazra, SB and Schulz, V and Brezillon, J and Gauger, NR},
  journal={Journal of Computational Physics},
  volume={204},
  number={1},
  pages={46--64},
  year={2005},
  publisher={Elsevier}
}

@article{frank1992comparison,
  title={A comparison of optimization-based approaches for a model computational aerodynamics design problem},
  author={Frank, Paul D and Shubin, Gregory R},
  journal={Journal of Computational Physics},
  volume={98},
  number={1},
  pages={74--89},
  year={1992},
  publisher={Elsevier}
}

@article{ng2012optimal,
  title={Optimal boundary control of a diffusion--convection-reaction {PDE} model with time-dependent spatial domain: Czochralski crystal growth process},
  author={Ng, James and Dubljevic, Stevan},
  journal={Chemical engineering science},
  volume={67},
  number={1},
  pages={111--119},
  year={2012},
  publisher={Elsevier}
}

@inproceedings{chakrabarty2005optimal,
  title={Optimal control of drug delivery to brain tumors for a distributed parameters model},
  author={Chakrabarty, Siddhartha P and Hanson, Floyd B},
  booktitle={Proceedings of the 2005, American Control Conference, 2005.},
  pages={973--978},
  year={2005},
  organization={IEEE}
}

@article{fabbri2000heat,
  title={Heat transfer optimization in corrugated wall channels},
  author={Fabbri, Giampietro},
  journal={International Journal of Heat and Mass Transfer},
  volume={43},
  number={23},
  pages={4299--4310},
  year={2000},
  publisher={Elsevier}
}

@book{cornuejols2006optimization,
  title={Optimization methods in finance},
  author={Cornuejols, Gerard and T{\"u}t{\"u}nc{\"u}, Reha},
  volume={5},
  year={2006},
  publisher={Cambridge University Press}
}

@inproceedings{audet2000surrogate,
  title={A surrogate-model-based method for constrained optimization},
  author={Audet, Charles and Denni, J and Moore, Douglas and Booker, Andrew and Frank, Paul},
  booktitle={8th symposium on multidisciplinary analysis and optimization},
  pages={4891},
  year={2000}
}

@article{liu2013gaussian,
  title={A {G}aussian process surrogate model assisted evolutionary algorithm for medium scale expensive optimization problems},
  author={Liu, Bo and Zhang, Qingfu and Gielen, Georges GE},
  journal={IEEE Transactions on Evolutionary Computation},
  volume={18},
  number={2},
  pages={180--192},
  year={2013},
  publisher={IEEE}
}

@article{queipo2005surrogate,
  title={Surrogate-based analysis and optimization},
  author={Queipo, Nestor V and Haftka, Raphael T and Shyy, Wei and Goel, Tushar and Vaidyanathan, Rajkumar and Tucker, P Kevin},
  journal={Progress in aerospace sciences},
  volume={41},
  number={1},
  pages={1--28},
  year={2005},
  publisher={Elsevier}
}

@article{forrester2009recent,
  title={Recent advances in surrogate-based optimization},
  author={Forrester, Alexander IJ and Keane, Andy J},
  journal={Progress in aerospace sciences},
  volume={45},
  number={1-3},
  pages={50--79},
  year={2009},
  publisher={Elsevier}
}

@article{kennedy2014parallel,
  title={A parallel finite-element framework for large-scale gradient-based design optimization of high-performance structures},
  author={Kennedy, Graeme J and Martins, Joaquim RRA},
  journal={Finite Elements in Analysis and Design},
  volume={87},
  pages={56--73},
  year={2014},
  publisher={Elsevier}
}

@inproceedings{lam2018advances,
  title={Advances in {B}ayesian optimization with applications in aerospace engineering},
  author={Lam, R{\'e}mi and Poloczek, Matthias and Frazier, Peter and Willcox, Karen E},
  booktitle={2018 AIAA Non-Deterministic Approaches Conference},
  pages={1656},
  year={2018}
}

@article{willcox2002balanced,
  title={Balanced model reduction via the proper orthogonal decomposition},
  author={Willcox, Karen and Peraire, Jaime},
  journal={AIAA journal},
  volume={40},
  number={11},
  pages={2323--2330},
  year={2002}
}

@article{ryan2016review,
  title={A review of modern computational algorithms for {B}ayesian optimal design},
  author={Ryan, Elizabeth G and Drovandi, Christopher C and McGree, James M and Pettitt, Anthony N},
  journal={International Statistical Review},
  volume={84},
  number={1},
  pages={128--154},
  year={2016},
  publisher={Wiley Online Library}
}


@article{sirovich1987turbulence,
  title={Turbulence and the dynamics of coherent structures. I. Coherent structures},
  author={Sirovich, Lawrence},
  journal={Quarterly of applied mathematics},
  volume={45},
  number={3},
  pages={561--571},
  year={1987}
}

@article{audouze2009reduced,
  title={Reduced-order modeling of parameterized {PDEs} using time--space-parameter principal component analysis},
  author={Audouze, C and De Vuyst, F and Nair, PB},
  journal={International journal for numerical methods in engineering},
  volume={80},
  number={8},
  pages={1025--1057},
  year={2009},
  publisher={Wiley Online Library}
}

@article{lee2020model,
  title={Model reduction of dynamical systems on nonlinear manifolds using deep convolutional autoencoders},
  author={Lee, Kookjin and Carlberg, Kevin T},
  journal={Journal of Computational Physics},
  volume={404},
  pages={108973},
  year={2020},
  publisher={Elsevier}
}

@article{maulik2021reduced,
  title={Reduced-order modeling of advection-dominated systems with recurrent neural networks and convolutional autoencoders},
  author={Maulik, Romit and Lusch, Bethany and Balaprakash, Prasanna},
  journal={Physics of Fluids},
  volume={33},
  number={3},
  pages={037106},
  year={2021},
  publisher={American Institute of Phyiscs}
}

@article{chen2009optimization,
  title={Optimization principles for convective heat transfer},
  author={Chen, Qun and Wang, Moran and Pan, Ning and Guo, Zeng-Yuan},
  journal={Energy},
  volume={34},
  number={9},
  pages={1199--1206},
  year={2009},
  publisher={Elsevier}
}

@article{hicks1978wing,
  title={Wing design by numerical optimization},
  author={Hicks, Raymond M and Henne, Preston A},
  journal={Journal of Aircraft},
  volume={15},
  number={7},
  pages={407--412},
  year={1978}
}

@book{biegler2007real,
  title={Real-time {PDE}-constrained Optimization},
  author={Biegler, Lorenz T and Ghattas, Omar and Heinkenschloss, Matthias and Keyes, David and van Bloemen Waanders, Bart},
  year={2007},
  publisher={SIAM}
}

@article{so2020deep,
  title={Deep learning enabled inverse design in nanophotonics},
  author={So, Sunae and Badloe, Trevon and Noh, Jaebum and Bravo-Abad, Jorge and Rho, Junsuk},
  journal={Nanophotonics},
  volume={9},
  number={5},
  pages={1041--1057},
  year={2020},
  publisher={De Gruyter}
}

@article{sasaki2019topology,
  title={Topology optimization accelerated by deep learning},
  author={Sasaki, Hidenori and Igarashi, Hajime},
  journal={IEEE Transactions on Magnetics},
  volume={55},
  number={6},
  pages={1--5},
  year={2019},
  publisher={IEEE}
}

@article{guo2021artificial,
  title={Artificial intelligence and machine learning in design of mechanical materials},
  author={Guo, Kai and Yang, Zhenze and Yu, Chi-Hua and Buehler, Markus J},
  journal={Materials Horizons},
  volume={8},
  number={4},
  pages={1153--1172},
  year={2021},
  publisher={Royal Society of Chemistry}
}

@article{xu2020multi,
  title={Multi-level convolutional autoencoder networks for parametric prediction of spatio-temporal dynamics},
  author={Xu, Jiayang and Duraisamy, Karthik},
  journal={Computer Methods in Applied Mechanics and Engineering},
  volume={372},
  pages={113379},
  year={2020},
  publisher={Elsevier}
}

@article{lu2021physics,
  title={Physics-informed neural networks with hard constraints for inverse design},
  author={Lu, Lu and Pestourie, Raphael and Yao, Wenjie and Wang, Zhicheng and Verdugo, Francesc and Johnson, Steven G},
  journal={arXiv preprint arXiv:2102.04626},
  year={2021}
}



@article{coifman2008diffusion,
  title={Diffusion maps, reduction coordinates, and low dimensional representation of stochastic systems},
  author={Coifman, Ronald R and Kevrekidis, Ioannis G and Lafon, St{\'e}phane and Maggioni, Mauro and Nadler, Boaz},
  journal={Multiscale Modeling \& Simulation},
  volume={7},
  number={2},
  pages={842--864},
  year={2008},
  publisher={SIAM}
}

@article{maulik2021latent,
  title={Latent-space time evolution of non-intrusive reduced-order models using Gaussian process emulation},
  author={Maulik, Romit and Botsas, Themistoklis and Ramachandra, Nesar and Mason, Lachlan R and Pan, Indranil},
  journal={Physica D: Nonlinear Phenomena},
  volume={416},
  pages={132797},
  year={2021},
  publisher={Elsevier}
}

@article{hoyer2019neural,
  title={Neural reparameterization improves structural optimization},
  author={Hoyer, Stephan and Sohl-Dickstein, Jascha and Greydanus, Sam},
  journal={arXiv preprint arXiv:1909.04240},
  year={2019}
}

@inproceedings{Beatson2020neural,
  title={Learning composable energy surrogates for {PDE} order reduction},
  author={Beatson, Alex and Ash, Jordan and Roeder, Geoffrey and Xue, Tianju and Adams, Ryan},
  booktitle={Advances in neural information processing systems},
  year={2020}
}

@inproceedings{Tianju2020FEPDE,
  title={Amortized finite element analysis for fast {PDE}-constrained optimization},
  author={Xue, Tianju and Beatson, Alex and Adriaenssens, Sigrid and Adams, Ryan},
  booktitle={37th International Conference on Machine Learning},
  pages={10638--10647},
  year={2020},
  organization={PMLR}
}

@inproceedings{rozza2012reduction,
  title={Reduction strategies for {PDE}-constrained optimization problems in haemodynamics},
  author={Rozza, Gianluigi and Manzoni, Andrea and Negri, Federico},
  booktitle={Proceedings of the 6th European Congress on Computational Methods in Applied Sciences and Engineering},
  number={CONF},
  pages={1748--1769},
  year={2012},
  organization={Vienna Technical University,}
}

@article{Herzog2010alg,
  title={Algorithms for {PDE} constrained optimization},
  author={Herzog, Roland and Kunisch, Karl},
  journal={GAMM-Mitteilungen},
  volume={33},
  number={2},
  pages={163--176A3081},
  year={2010}
}


@book{vogel2002computational,
  title={Computational methods for inverse problems},
  author={Vogel, Curtis R},
  year={2002},
  publisher={SIAM}
}

@article{amsallem2008interpolation,
  title={Interpolation method for adapting reduced-order models and application to aeroelasticity},
  author={Amsallem, David and Farhat, Charbel},
  journal={AIAA journal},
  volume={46},
  number={7},
  pages={1803--1813},
  year={2008}
}

@inproceedings{bansal2021deepreach,
  title={Deepreach: A deep learning approach to high-dimensional reachability},
  author={Bansal, Somil and Tomlin, Claire J},
  booktitle={2021 IEEE International Conference on Robotics and Automation (ICRA)},
  pages={1817--1824},
  year={2021},
  organization={IEEE}
}

@inproceedings{hennigh2021nvidia,
  title={NVIDIA SimNetâ„¢: An AI-Accelerated Multi-Physics Simulation Framework},
  author={Hennigh, Oliver and Narasimhan, Susheela and Nabian, Mohammad Amin and Subramaniam, Akshay and Tangsali, Kaustubh and Fang, Zhiwei and Rietmann, Max and Byeon, Wonmin and Choudhry, Sanjay},
  booktitle={International Conference on Computational Science},
  pages={447--461},
  year={2021},
  organization={Springer}
}

@article{dong2021method,
  title={A method for representing periodic functions and enforcing exactly periodic boundary conditions with deep neural networks},
  author={Dong, Suchuan and Ni, Naxian},
  journal={Journal of Computational Physics},
  volume={435},
  pages={110242},
  year={2021},
  publisher={Elsevier}
}


@article{sukumar2021exact,
  title={Exact imposition of boundary conditions with distance functions in physics-informed deep neural networks},
  author={Sukumar, N and Srivastava, Ankit},
  journal={arXiv preprint arXiv:2104.08426},
  year={2021}
}


@article{shukla2020physics,
  title={Physics-informed neural network for ultrasound nondestructive quantification of surface breaking cracks},
  author={Shukla, Khemraj and Di Leoni, Patricio Clark and Blackshire, James and Sparkman, Daniel and Karniadakis, George Em},
  journal={Journal of Nondestructive Evaluation},
  volume={39},
  number={3},
  pages={1--20},
  year={2020},
  publisher={Springer}
}

@article{lorenz1963deterministic,
  title={Deterministic nonperiodic flow},
  author={Lorenz, Edward N},
  journal={Journal of atmospheric sciences},
  volume={20},
  number={2},
  pages={130--141},
  year={1963}
}

@article{wang2021deep,
  title={Deep learning of free boundary and {Stefan} problems},
  author={Wang, Sifan and Perdikaris, Paris},
  journal={Journal of Computational Physics},
  volume={428},
  pages={109914},
  year={2021},
  publisher={Elsevier}
}

@article{yin2021non,
  title={Non-invasive inference of thrombus material properties with physics-informed neural networks},
  author={Yin, Minglang and Zheng, Xiaoning and Humphrey, Jay D and Karniadakis, George Em},
  journal={Computer Methods in Applied Mechanics and Engineering},
  volume={375},
  pages={113603},
  year={2021},
  publisher={Elsevier}
}





@article{nabian2021efficient,
  title={Efficient training of physics-informed neural networks via importance sampling},
  author={Nabian, Mohammad Amin and Gladstone, Rini Jasmine and Meidani, Hadi},
  journal={Computer-Aided Civil and Infrastructure Engineering},
  year={2021},
  publisher={Wiley Online Library}
}

@inproceedings{bu2021quadratic,
  title={Quadratic residual networks: A new class of neural networks for solving forward and inverse problems in physics involving {PDEs}},
  author={Bu, Jie and Karpatne, Anuj},
  booktitle={Proceedings of the 2021 SIAM International Conference on Data Mining (SDM)},
  pages={675--683},
  year={2021},
  organization={SIAM}
}

@article{jagtap2022deep,
  title={Deep Kronecker neural networks: A general framework for neural networks with adaptive activation functions},
  author={Jagtap, Ameya D and Shin, Yeonjong and Kawaguchi, Kenji and Karniadakis, George Em},
  journal={Neurocomputing},
  volume={468},
  pages={165--180},
  year={2022},
  publisher={Elsevier}
}

@article{liang2021reproducing,
  title={Reproducing activation function for deep learning},
  author={Liang, Senwei and Lyu, Liyao and Wang, Chunmei and Yang, Haizhao},
  journal={arXiv preprint arXiv:2101.04844},
  year={2021}
}


@article{mattey2022novel,
  title={A novel sequential method to train physics informed neural networks for Allen Cahn and Cahn Hilliard equations},
  author={Mattey, Revanth and Ghosh, Susanta},
  journal={Computer Methods in Applied Mechanics and Engineering},
  volume={390},
  pages={114474},
  year={2022},
  publisher={Elsevier}
}

@article{bettencourt2019taylor,
  title={Taylor-mode automatic differentiation for higher-order derivatives in JAX},
  author={Bettencourt, Jesse and Johnson, Matthew J and Duvenaud, David},
  year={2019}
}

@article{Kochkov2021,
  author = {Kochkov, Dmitrii and Smith, Jamie A. and Alieva, Ayya and Wang, Qing and Brenner, Michael P. and Hoyer, Stephan},
  title = {Machine learning{\textendash}accelerated computational fluid dynamics},
  volume = {118},
  number = {21},
  elocation-id = {e2101784118},
  year = {2021},
  doi = {10.1073/pnas.2101784118},
  publisher = {National Academy of Sciences},
  issn = {0027-8424},
  URL = {https://www.pnas.org/content/118/21/e2101784118},
  eprint = {https://www.pnas.org/content/118/21/e2101784118.full.pdf},
  journal = {Proceedings of the National Academy of Sciences}
}

@article{shukla2021parallel,
  title={Parallel physics-informed neural networks via domain decomposition},
  author={Shukla, Khemraj and Jagtap, Ameya D and Karniadakis, George Em},
  journal={arXiv preprint arXiv:2104.10013},
  year={2021}
}

@article{schaarschmidt2021automap,
  title={Automap: Towards Ergonomic Automated Parallelism for ML Models},
  author={Schaarschmidt, Michael and Grewe, Dominik and Vytiniotis, Dimitrios and Paszke, Adam and Schmid, Georg Stefan and Norman, Tamara and Molloy, James and Godwin, Jonathan and Rink, Norman Alexander and Nair, Vinod and others},
  journal={arXiv preprint arXiv:2112.02958},
  year={2021}
}


@article{salimans2016weight,
  title={Weight normalization: A simple reparameterization to accelerate training of deep neural networks},
  author={Salimans, Tim and Kingma, Durk P},
  journal={Advances in neural information processing systems},
  volume={29},
  year={2016}
}

@article{bietti2019inductive,
  title={On the inductive bias of neural tangent kernels},
  author={Bietti, Alberto and Mairal, Julien},
  journal={Advances in Neural Information Processing Systems},
  volume={32},
  year={2019}
}

@inproceedings{mildenhall2020nerf,
  title={Nerf: Representing scenes as neural radiance fields for view synthesis},
  author={Mildenhall, Ben and Srinivasan, Pratul P and Tancik, Matthew and Barron, Jonathan T and Ramamoorthi, Ravi and Ng, Ren},
  booktitle={European conference on computer vision},
  pages={405--421},
  year={2020},
  organization={Springer}
}

@inproceedings{agustsson2017ntire,
  title={Ntire 2017 challenge on single image super-resolution: Dataset and study},
  author={Agustsson, Eirikur and Timofte, Radu},
  booktitle={Proceedings of the IEEE conference on computer vision and pattern recognition workshops},
  pages={126--135},
  year={2017}
}

@inproceedings{mescheder2019occupancy,
  title={Occupancy networks: Learning 3d reconstruction in function space},
  author={Mescheder, Lars and Oechsle, Michael and Niemeyer, Michael and Nowozin, Sebastian and Geiger, Andreas},
  booktitle={Proceedings of the IEEE/CVF conference on computer vision and pattern recognition},
  pages={4460--4470},
  year={2019}
}

@article{daw2022rethinking,
  title={Rethinking the Importance of Sampling in Physics-informed Neural Networks},
  author={Daw, Arka and Bu, Jie and Wang, Sifan and Perdikaris, Paris and Karpatne, Anuj},
  journal={arXiv preprint arXiv:2207.02338},
  year={2022}
}

@article{shepp1974fourier,
  title={The Fourier reconstruction of a head section},
  author={Shepp, Lawrence A and Logan, Benjamin F},
  journal={IEEE Transactions on nuclear science},
  volume={21},
  number={3},
  pages={21--43},
  year={1974},
  publisher={IEEE}
}

@article{liew2018large,
  title={A large, open source dataset of stroke anatomical brain images and manual lesion segmentations},
  author={Liew, Sook-Lei and Anglin, Julia M and Banks, Nick W and Sondag, Matt and Ito, Kaori L and Kim, Hosung and Chan, Jennifer and Ito, Joyce and Jung, Connie and Khoshab, Nima and others},
  journal={Scientific data},
  volume={5},
  number={1},
  pages={1--11},
  year={2018},
  publisher={Nature Publishing Group}
}

@article{sitzmann2020implicit,
  title={Implicit neural representations with periodic activation functions},
  author={Sitzmann, Vincent and Martel, Julien and Bergman, Alexander and Lindell, David and Wetzstein, Gordon},
  journal={Advances in Neural Information Processing Systems},
  volume={33},
  pages={7462--7473},
  year={2020}
}

@article{wang2022respecting,
  title={Respecting causality is all you need for training physics-informed neural networks},
  author={Wang, Sifan and Sankaran, Shyam and Perdikaris, Paris},
  journal={arXiv preprint arXiv:2203.07404},
  year={2022}
}

@misc{flax2020github,
  author = {Jonathan Heek and Anselm Levskaya and Avital Oliver and Marvin Ritter and Bertrand Rondepierre and Andreas Steiner and Marc van {Z}ee},
  title = {{F}lax: A neural network library and ecosystem for {JAX}},
  url = {http://github.com/google/flax},
  version = {0.6.0},
  year = {2020},
}

@inproceedings{henzler2020learning,
  title={Learning a neural 3d texture space from 2d exemplars},
  author={Henzler, Philipp and Mitra, Niloy J and Ritschel, Tobias},
  booktitle={Proceedings of the IEEE/CVF Conference on Computer Vision and Pattern Recognition},
  pages={8356--8364},
  year={2020}
}

@inproceedings{oechsle2019texture,
  title={Texture fields: Learning texture representations in function space},
  author={Oechsle, Michael and Mescheder, Lars and Niemeyer, Michael and Strauss, Thilo and Geiger, Andreas},
  booktitle={Proceedings of the IEEE/CVF International Conference on Computer Vision},
  pages={4531--4540},
  year={2019}
}

@inproceedings{nguyen2015deep,
  title={Deep neural networks are easily fooled: High confidence predictions for unrecognizable images},
  author={Nguyen, Anh and Yosinski, Jason and Clune, Jeff},
  booktitle={Proceedings of the IEEE conference on computer vision and pattern recognition},
  pages={427--436},
  year={2015}
}

@article{stanley2007compositional,
  title={Compositional pattern producing networks: A novel abstraction of development},
  author={Stanley, Kenneth O},
  journal={Genetic programming and evolvable machines},
  volume={8},
  number={2},
  pages={131--162},
  year={2007},
  publisher={Springer}
}

@inproceedings{chen2019learning,
  title={Learning implicit fields for generative shape modeling},
  author={Chen, Zhiqin and Zhang, Hao},
  booktitle={Proceedings of the IEEE/CVF Conference on Computer Vision and Pattern Recognition},
  pages={5939--5948},
  year={2019}
}



@inproceedings{genova2019learning,
  title={Learning shape templates with structured implicit functions},
  author={Genova, Kyle and Cole, Forrester and Vlasic, Daniel and Sarna, Aaron and Freeman, William T and Funkhouser, Thomas},
  booktitle={Proceedings of the IEEE/CVF International Conference on Computer Vision},
  pages={7154--7164},
  year={2019}
}

@inproceedings{genova2020local,
  title={Local deep implicit functions for 3d shape},
  author={Genova, Kyle and Cole, Forrester and Sud, Avneesh and Sarna, Aaron and Funkhouser, Thomas},
  booktitle={Proceedings of the IEEE/CVF Conference on Computer Vision and Pattern Recognition},
  pages={4857--4866},
  year={2020}
}

@inproceedings{niemeyer2020differentiable,
  title={Differentiable volumetric rendering: Learning implicit 3d representations without 3d supervision},
  author={Niemeyer, Michael and Mescheder, Lars and Oechsle, Michael and Geiger, Andreas},
  booktitle={Proceedings of the IEEE/CVF Conference on Computer Vision and Pattern Recognition},
  pages={3504--3515},
  year={2020}
}

@inproceedings{saito2019pifu,
  title={Pifu: Pixel-aligned implicit function for high-resolution clothed human digitization},
  author={Saito, Shunsuke and Huang, Zeng and Natsume, Ryota and Morishima, Shigeo and Kanazawa, Angjoo and Li, Hao},
  booktitle={Proceedings of the IEEE/CVF International Conference on Computer Vision},
  pages={2304--2314},
  year={2019}
}

@article{sitzmann2019scene,
  title={Scene representation networks: Continuous 3d-structure-aware neural scene representations},
  author={Sitzmann, Vincent and Zollh{\"o}fer, Michael and Wetzstein, Gordon},
  journal={Advances in Neural Information Processing Systems},
  volume={32},
  year={2019}
}

@inproceedings{ioffe2015batch,
  title={Batch normalization: Accelerating deep network training by reducing internal covariate shift},
  author={Ioffe, Sergey and Szegedy, Christian},
  booktitle={International conference on machine learning},
  pages={448--456},
  year={2015},
  organization={PMLR}
}

@article{ba2016layer,
  title={Layer normalization},
  author={Ba, Jimmy Lei and Kiros, Jamie Ryan and Hinton, Geoffrey E},
  journal={arXiv preprint arXiv:1607.06450},
  year={2016}
}

@article{lecun1998gradient,
  title={Gradient-based learning applied to document recognition},
  author={LeCun, Yann and Bottou, L{\'e}on and Bengio, Yoshua and Haffner, Patrick},
  journal={Proceedings of the IEEE},
  volume={86},
  number={11},
  pages={2278--2324},
  year={1998},
  publisher={Ieee}
}

@article{scarselli2008graph,
  title={The graph neural network model},
  author={Scarselli, Franco and Gori, Marco and Tsoi, Ah Chung and Hagenbuchner, Markus and Monfardini, Gabriele},
  journal={IEEE transactions on neural networks},
  volume={20},
  number={1},
  pages={61--80},
  year={2008},
  publisher={IEEE}
}

@article{vaswani2017attention,
  title={Attention is all you need},
  author={Vaswani, Ashish and Shazeer, Noam and Parmar, Niki and Uszkoreit, Jakob and Jones, Llion and Gomez, Aidan N and Kaiser, {\L}ukasz and Polosukhin, Illia},
  journal={Advances in neural information processing systems},
  volume={30},
  year={2017}
}

@inproceedings{wang2021enhancing,
title={Enhancing the trainability and expressivity of deep {MLP}s with globally orthogonal initialization},
author={Hanwen Wang and Isabelle Crawford-Eng and Paris Perdikaris},
booktitle={The Symbiosis of Deep Learning and Differential Equations},
year={2021},
url={https://openreview.net/forum?id=KkMGjzTsXM}
}





@article{hendrycks2016gaussian,
  title={Gaussian error linear units (gelus)},
  author={Hendrycks, Dan and Gimpel, Kevin},
  journal={arXiv preprint arXiv:1606.08415},
  year={2016}
}

@article{wang2022random,
  title={Random Weight Factorization Improves the Training of Continuous Neural Representations},
  author={Wang, Sifan and Wang, Hanwen and Seidman, Jacob H and Perdikaris, Paris},
  journal={arXiv preprint arXiv:2210.01274},
  year={2022}
}



@article{kovacs2022conditional,
  title={Conditional physics informed neural networks},
  author={Kovacs, Alexander and Exl, Lukas and Kornell, Alexander and Fischbacher, Johann and Hovorka, Markus and Gusenbauer, Markus and Breth, Leoni and Oezelt, Harald and Yano, Masao and Sakuma, Noritsugu and others},
  journal={Communications in Nonlinear Science and Numerical Simulation},
  volume={104},
  pages={106041},
  year={2022},
  publisher={Elsevier}
}

@article{fang2021high,
  title={A high-efficient hybrid physics-informed neural networks based on convolutional neural network},
  author={Fang, Zhiwei},
  journal={IEEE Transactions on Neural Networks and Learning Systems},
  volume={33},
  number={10},
  pages={5514--5526},
  year={2021},
  publisher={IEEE}
}


@article{islam2021extraction,
  title={Extraction of material properties through multi-fidelity deep learning from molecular dynamics simulation},
  author={Islam, Mahmudul and Thakur, Md Shajedul Hoque and Mojumder, Satyajit and Hasan, Mohammad Nasim},
  journal={Computational Materials Science},
  volume={188},
  pages={110187},
  year={2021},
  publisher={Elsevier}
}

@article{haghighat2021sciann,
  title={SciANN: A Keras/TensorFlow wrapper for scientific computations and physics-informed deep learning using artificial neural networks},
  author={Haghighat, Ehsan and Juanes, Ruben},
  journal={Computer Methods in Applied Mechanics and Engineering},
  volume={373},
  pages={113552},
  year={2021},
  publisher={Elsevier}
}

@article{smith2022hyposvi,
  title={HypoSVI: Hypocentre inversion with Stein variational inference and physics informed neural networks},
  author={Smith, Jonthan D and Ross, Zachary E and Azizzadenesheli, Kamyar and Muir, Jack B},
  journal={Geophysical Journal International},
  volume={228},
  number={1},
  pages={698--710},
  year={2022},
  publisher={Oxford University Press}
}

@article{cai2021physics,
  title={Physics-informed neural networks for heat transfer problems},
  author={Cai, Shengze and Wang, Zhicheng and Wang, Sifan and Perdikaris, Paris and Karniadakis, George Em},
  journal={Journal of Heat Transfer},
  volume={143},
  number={6},
  year={2021},
  publisher={American Society of Mechanical Engineers Digital Collection}
}



@article{pathak2022fourcastnet,
  title={Fourcastnet: A global data-driven high-resolution weather model using adaptive fourier neural operators},
  author={Pathak, Jaideep and Subramanian, Shashank and Harrington, Peter and Raja, Sanjeev and Chattopadhyay, Ashesh and Mardani, Morteza and Kurth, Thorsten and Hall, David and Li, Zongyi and Azizzadenesheli, Kamyar and others},
  journal={arXiv preprint arXiv:2202.11214},
  year={2022}
}

@article{almajid2022prediction,
  title={Prediction of porous media fluid flow using physics informed neural networks},
  author={Almajid, Muhammad M and Abu-Al-Saud, Moataz O},
  journal={Journal of Petroleum Science and Engineering},
  volume={208},
  pages={109205},
  year={2022},
  publisher={Elsevier}
}

@article{lam2022graphcast,
  title={GraphCast: Learning skillful medium-range global weather forecasting},
  author={Lam, Remi and Sanchez-Gonzalez, Alvaro and Willson, Matthew and Wirnsberger, Peter and Fortunato, Meire and Pritzel, Alexander and Ravuri, Suman and Ewalds, Timo and Alet, Ferran and Eaton-Rosen, Zach and others},
  journal={arXiv preprint arXiv:2212.12794},
  year={2022}
}

@article{wang2018deepmd,
  title={DeePMD-kit: A deep learning package for many-body potential energy representation and molecular dynamics},
  author={Wang, Han and Zhang, Linfeng and Han, Jiequn and Weinan, E},
  journal={Computer Physics Communications},
  volume={228},
  pages={178--184},
  year={2018},
  publisher={Elsevier}
}

@article{ruff2021alphafold,
  title={AlphaFold and implications for intrinsically disordered proteins},
  author={Ruff, Kiersten M and Pappu, Rohit V},
  journal={Journal of Molecular Biology},
  volume={433},
  number={20},
  pages={167208},
  year={2021},
  publisher={Elsevier}
}

@article{pfau2020ferminet,
  title={Ab-Initio Solution of the Many-Electron Schr{\"o}dinger Equation with Deep Neural Networks},
  author={D. Pfau and J.S. Spencer and A.G. de G. Matthews and W.M.C. Foulkes},
  journal={Phys. Rev. Research},
  year={2020},
  volume={2},
  issue = {3},
  pages={033429},
  doi = {10.1103/PhysRevResearch.2.033429},
  url = {https://link.aps.org/doi/10.1103/PhysRevResearch.2.033429}
}

@article{maddu2022inverse,
  title={Inverse Dirichlet weighting enables reliable training of physics informed neural networks},
  author={Maddu, Suryanarayana and Sturm, Dominik and M{\"u}ller, Christian L and Sbalzarini, Ivo F},
  journal={Machine Learning: Science and Technology},
  volume={3},
  number={1},
  pages={015026},
  year={2022},
  publisher={IOP Publishing}
}

@article{zeng2024rbf,
  title={RBF-PINN: Non-Fourier positional embedding in physics-informed neural networks},
  author={Zeng, Chengxi and Burghardt, Tilo and Gambaruto, Alberto M},
  journal={arXiv preprint arXiv:2402.08367},
  year={2024}
}


@article{anagnostopoulos2024residual,
  title={Residual-based attention in physics-informed neural networks},
  author={Anagnostopoulos, Sokratis J and Toscano, Juan Diego and Stergiopulos, Nikolaos and Karniadakis, George Em},
  journal={Computer Methods in Applied Mechanics and Engineering},
  volume={421},
  pages={116805},
  year={2024},
  publisher={Elsevier}
}


@article{cao2024surrogate,
  title={Surrogate modeling of multi-dimensional premixed and non-premixed combustion using pseudo-time stepping physics-informed neural networks},
  author={Cao, Zhen and Liu, Kai and Luo, Kun and Wang, Sifan and Jiang, Liang and Fan, Jianren},
  journal={Physics of Fluids},
  volume={36},
  number={11},
  year={2024},
  publisher={AIP Publishing}
}

@article{li2022revisiting,
  title={Revisiting PINNs: Generative adversarial physics-informed neural networks and point-weighting method},
  author={Li, Wensheng and Zhang, Chao and Wang, Chuncheng and Guan, Hanting and Tao, Dacheng},
  journal={arXiv preprint arXiv:2205.08754},
  year={2022}
}

@article{cao2023tsonn,
  title={TSONN: Time-stepping-oriented neural network for solving partial differential equations},
  author={Cao, Wenbo and Zhang, Weiwei},
  journal={arXiv preprint arXiv:2310.16491},
  year={2023}
}

@article{liu2024discontinuity,
  title={Discontinuity computing using physics-informed neural networks},
  author={Liu, Li and Liu, Shengping and Xie, Hui and Xiong, Fansheng and Yu, Tengchao and Xiao, Mengjuan and Liu, Lufeng and Yong, Heng},
  journal={Journal of Scientific Computing},
  volume={98},
  number={1},
  pages={22},
  year={2024},
  publisher={Springer}
}

@article{song2025vw,
  title={VW-PINNs: A volume weighting method for PDE residuals in physics-informed neural networks},
  author={Song, Jiahao and Cao, Wenbo and Liao, Fei and Zhang, Weiwei},
  journal={Acta Mechanica Sinica},
  volume={41},
  number={3},
  pages={324140},
  year={2025},
  publisher={Springer}
}


@article{song2024admm,
  title={The ADMM-PINNs algorithmic framework for nonsmooth PDE-constrained optimization: a deep learning approach},
  author={Song, Yongcun and Yuan, Xiaoming and Yue, Hangrui},
  journal={SIAM Journal on Scientific Computing},
  volume={46},
  number={6},
  pages={C659--C687},
  year={2024},
  publisher={SIAM}
}



@article{costabal2024delta,
  title={$\Delta$-PINNs: physics-informed neural networks on complex geometries},
  author={Costabal, Francisco Sahli and Pezzuto, Simone and Perdikaris, Paris},
  journal={Engineering Applications of Artificial Intelligence},
  volume={127},
  pages={107324},
  year={2024},
  publisher={Elsevier}
}

@article{urban2025unveiling,
  title={Unveiling the optimization process of Physics Informed Neural Networks: How accurate and competitive can PINNs be?},
  author={Urb{\'a}n, Jorge F and Stefanou, Petros and Pons, Jos{\'e} A},
  journal={Journal of Computational Physics},
  volume={523},
  pages={113656},
  year={2025},
  publisher={Elsevier}
}

@article{zhang2020physics,
  title={Physics-informed multi-LSTM networks for metamodeling of nonlinear structures},
  author={Zhang, Ruiyang and Liu, Yang and Sun, Hao},
  journal={Computer Methods in Applied Mechanics and Engineering},
  volume={369},
  pages={113226},
  year={2020},
  publisher={Elsevier}
}

@article{gao2021phygeonet,
  title={PhyGeoNet: Physics-informed geometry-adaptive convolutional neural networks for solving parameterized steady-state PDEs on irregular domain},
  author={Gao, Han and Sun, Luning and Wang, Jian-Xun},
  journal={Journal of Computational Physics},
  volume={428},
  pages={110079},
  year={2021},
  publisher={Elsevier}
}

@inproceedings{fathony2021multiplicative,
  title={Multiplicative filter networks},
  author={Fathony, Rizal and Sahu, Anit Kumar and Willmott, Devin and Kolter, J Zico},
  booktitle={International Conference on Learning Representations},
  year={2021}
}


@article{kang2022pixel,
  title={PIXEL: Physics-Informed Cell Representations for Fast and Accurate PDE Solvers},
  author={Kang, Namgyu and Lee, Byeonghyeon and Hong, Youngjoon and Yun, Seok-Bae and Park, Eunbyung},
  journal={arXiv preprint arXiv:2207.12800},
  year={2022}
}

@article{chiu2022can,
  title={CAN-PINN: A fast physics-informed neural network based on coupled-automatic--numerical differentiation method},
  author={Chiu, Pao-Hsiung and Wong, Jian Cheng and Ooi, Chinchun and Dao, My Ha and Ong, Yew-Soon},
  journal={Computer Methods in Applied Mechanics and Engineering},
  volume={395},
  pages={114909},
  year={2022},
  publisher={Elsevier}
}

@article{kharazmi2021hp,
  title={hp-VPINNs: Variational physics-informed neural networks with domain decomposition},
  author={Kharazmi, Ehsan and Zhang, Zhongqiang and Karniadakis, George Em},
  journal={Computer Methods in Applied Mechanics and Engineering},
  volume={374},
  pages={113547},
  year={2021},
  publisher={Elsevier}
}

@article{yu2022gradient,
  title={Gradient-enhanced physics-informed neural networks for forward and inverse PDE problems},
  author={Yu, Jeremy and Lu, Lu and Meng, Xuhui and Karniadakis, George Em},
  journal={Computer Methods in Applied Mechanics and Engineering},
  volume={393},
  pages={114823},
  year={2022},
  publisher={Elsevier}
}



@article{son2021sobolev,
  title={Sobolev training for physics informed neural networks},
  author={Son, Hwijae and Jang, Jin Woo and Han, Woo Jin and Hwang, Hyung Ju},
  journal={arXiv preprint arXiv:2101.08932},
  year={2021}
}

@article{patel2022thermodynamically,
  title={Thermodynamically consistent physics-informed neural networks for hyperbolic systems},
  author={Patel, Ravi G and Manickam, Indu and Trask, Nathaniel A and Wood, Mitchell A and Lee, Myoungkyu and Tomas, Ignacio and Cyr, Eric C},
  journal={Journal of Computational Physics},
  volume={449},
  pages={110754},
  year={2022},
  publisher={Elsevier}
}


@article{desai2021one,
  title={One-shot transfer learning of physics-informed neural networks},
  author={Desai, Shaan and Mattheakis, Marios and Joy, Hayden and Protopapas, Pavlos and Roberts, Stephen},
  journal={arXiv preprint arXiv:2110.11286},
  year={2021}
}

@article{chakraborty2021transfer,
  title={Transfer learning based multi-fidelity physics informed deep neural network},
  author={Chakraborty, Souvik},
  journal={Journal of Computational Physics},
  volume={426},
  pages={109942},
  year={2021},
  publisher={Elsevier}
}


@article{GHIA1982387,
title = {High-Re solutions for incompressible flow using the Navier-Stokes equations and a multigrid method},
journal = {Journal of Computational Physics},
volume = {48},
number = {3},
pages = {387-411},
year = {1982},
issn = {0021-9991},
doi = {https://doi.org/10.1016/0021-9991(82)90058-4},
author = {U Ghia and K.N Ghia and C.T Shin},
}

@article{chuang2022experience,
  title={Experience report of physics-informed neural networks in fluid simulations: pitfalls and frustration},
  author={Chuang, Pi-Yueh and Barba, Lorena A},
  journal={arXiv preprint arXiv:2205.14249},
  year={2022}
}

@article{voulodimos2018deep,
  title={Deep learning for computer vision: A brief review},
  author={Voulodimos, Athanasios and Doulamis, Nikolaos and Doulamis, Anastasios and Protopapadakis, Eftychios and others},
  journal={Computational intelligence and neuroscience},
  volume={2018},
  year={2018},
  publisher={Hindawi}
}

@article{chowdhary2020natural,
  title={Natural language processing},
  author={Chowdhary, KR1442 and Chowdhary, KR},
  journal={Fundamentals of artificial intelligence},
  pages={603--649},
  year={2020},
  publisher={Springer}
}

@book{sutton2018reinforcement,
  title={Reinforcement learning: An introduction},
  author={Sutton, Richard S and Barto, Andrew G},
  year={2018},
  publisher={MIT press}
}

@article{wang20222,
  title={Is  $L^2$ Physics Informed Loss Always Suitable for Training Physics Informed Neural Network?},
  author={Wang, Chuwei and Li, Shanda and He, Di and Wang, Liwei},
  journal={Advances in Neural Information Processing Systems},
  volume={35},
  pages={8278--8290},
  year={2022}
}

@article{wang2023expert,
  title={An Expert's Guide to Training Physics-informed Neural Networks},
  author={Wang, Sifan and Sankaran, Shyam and Wang, Hanwen and Perdikaris, Paris},
  journal={arXiv preprint arXiv:2308.08468},
  year={2023}
}

@article{anagnostopoulos2023residual,
  title={Residual-based attention and connection to information bottleneck theory in PINNs},
  author={Anagnostopoulos, Sokratis J and Toscano, Juan Diego and Stergiopulos, Nikolaos and Karniadakis, George Em},
  journal={arXiv preprint arXiv:2307.00379},
  year={2023}
}

@article{es2023optimal,
  title={About optimal loss function for training physics-informed neural networks under respecting causality},
  author={Es' kin, Vasiliy A and Davydov, Danil V and Egorova, Ekaterina D and Malkhanov, Alexey O and Akhukov, Mikhail A and Smorkalov, Mikhail E},
  journal={arXiv preprint arXiv:2304.02282},
  year={2023}
}

@article{zabusky1965interaction,
  title={Interaction of" solitons" in a collisionless plasma and the recurrence of initial states},
  author={Zabusky, Norman J and Kruskal, Martin D},
  journal={Physical review letters},
  volume={15},
  number={6},
  pages={240},
  year={1965},
  publisher={APS}
}

@inproceedings{savarese2017residual,
  title={Residual gates: A simple mechanism for improved network optimization},
  author={Savarese, Pedro and Figueiredo, Daniel},
  booktitle={Proc. Int. Conf. Learn. Representations},
  year={2017}
}

@inproceedings{he2016identity,
  title={Identity mappings in deep residual networks},
  author={He, Kaiming and Zhang, Xiangyu and Ren, Shaoqing and Sun, Jian},
  booktitle={Computer Vision--ECCV 2016: 14th European Conference, Amsterdam, The Netherlands, October 11--14, 2016, Proceedings, Part IV 14},
  pages={630--645},
  year={2016},
  organization={Springer}
}

@inproceedings{he2016deep,
  title={Deep residual learning for image recognition},
  author={He, Kaiming and Zhang, Xiangyu and Ren, Shaoqing and Sun, Jian},
  booktitle={Proceedings of the IEEE conference on computer vision and pattern recognition},
  pages={770--778},
  year={2016}
}


@article{jumper2021highly,
  title={Highly accurate protein structure prediction with AlphaFold},
  author={Jumper, John and Evans, Richard and Pritzel, Alexander and Green, Tim and Figurnov, Michael and Ronneberger, Olaf and Tunyasuvunakool, Kathryn and Bates, Russ and {\v{Z}}{\'\i}dek, Augustin and Potapenko, Anna and others},
  journal={Nature},
  volume={596},
  number={7873},
  pages={583--589},
  year={2021},
  publisher={Nature Publishing Group}
}

@article{zhang2018deep,
  title={Deep potential molecular dynamics: a scalable model with the accuracy of quantum mechanics},
  author={Zhang, Linfeng and Han, Jiequn and Wang, Han and Car, Roberto and Weinan, EJPRL},
  journal={Physical review letters},
  volume={120},
  number={14},
  pages={143001},
  year={2018},
  publisher={APS}
}

@article{mohan2020embedding,
  title={Embedding hard physical constraints in neural network coarse-graining of 3D turbulence},
  author={Mohan, Arvind T and Lubbers, Nicholas and Livescu, Daniel and Chertkov, Michael},
  journal={arXiv preprint arXiv:2002.00021},
  year={2020}
}

@article{darbon2020overcoming,
  title={Overcoming the curse of dimensionality for some Hamilton--Jacobi partial differential equations via neural network architectures},
  author={Darbon, J{\'e}r{\^o}me and Langlois, Gabriel P and Meng, Tingwei},
  journal={Research in the Mathematical Sciences},
  volume={7},
  pages={1--50},
  year={2020},
  publisher={Springer}
}

@inproceedings{cohen2019gauge,
  title={Gauge equivariant convolutional networks and the icosahedral CNN},
  author={Cohen, Taco and Weiler, Maurice and Kicanaoglu, Berkay and Welling, Max},
  booktitle={International conference on Machine learning},
  pages={1321--1330},
  year={2019},
  organization={PMLR}
}

@inproceedings{maron2019universality,
  title={On the universality of invariant networks},
  author={Maron, Haggai and Fetaya, Ethan and Segol, Nimrod and Lipman, Yaron},
  booktitle={International conference on machine learning},
  pages={4363--4371},
  year={2019},
  organization={PMLR}
}

@article{maron2018invariant,
  title={Invariant and equivariant graph networks},
  author={Maron, Haggai and Ben-Hamu, Heli and Shamir, Nadav and Lipman, Yaron},
  journal={arXiv preprint arXiv:1812.09902},
  year={2018}
}

@article{huang2024efficient,
  title={Efficient physics-informed neural networks using hash encoding},
  author={Huang, Xinquan and Alkhalifah, Tariq},
  journal={Journal of Computational Physics},
  pages={112760},
  year={2024},
  publisher={Elsevier}
}

@article{devlin2018bert,
  title={Bert: Pre-training of deep bidirectional transformers for language understanding},
  author={Devlin, Jacob and Chang, Ming-Wei and Lee, Kenton and Toutanova, Kristina},
  journal={arXiv preprint arXiv:1810.04805},
  year={2018}
}

@inproceedings{radford2021learning,
  title={Learning transferable visual models from natural language supervision},
  author={Radford, Alec and Kim, Jong Wook and Hallacy, Chris and Ramesh, Aditya and Goh, Gabriel and Agarwal, Sandhini and Sastry, Girish and Askell, Amanda and Mishkin, Pamela and Clark, Jack and others},
  booktitle={International conference on machine learning},
  pages={8748--8763},
  year={2021},
  organization={PMLR}
}

@inproceedings{rombach2022high,
  title={High-resolution image synthesis with latent diffusion models},
  author={Rombach, Robin and Blattmann, Andreas and Lorenz, Dominik and Esser, Patrick and Ommer, Bj{\"o}rn},
  booktitle={Proceedings of the IEEE/CVF conference on computer vision and pattern recognition},
  pages={10684--10695},
  year={2022}
}

@article{wang2023solution,
  title={Solution multiplicity and effects of data and eddy viscosity on Navier-Stokes solutions inferred by physics-informed neural networks},
  author={Wang, Zhicheng and Meng, Xuhui and Jiang, Xiaomo and Xiang, Hui and Karniadakis, George Em},
  journal={arXiv preprint arXiv:2309.06010},
  year={2023}
}


@article{dwivedi2020physics,
  title={Physics informed extreme learning machine (pielm)--a rapid method for the numerical solution of partial differential equations},
  author={Dwivedi, Vikas and Srinivasan, Balaji},
  journal={Neurocomputing},
  volume={391},
  pages={96--118},
  year={2020},
  publisher={Elsevier}
}

@article{dong2021local,
  title={Local extreme learning machines and domain decomposition for solving linear and nonlinear partial differential equations},
  author={Dong, Suchuan and Li, Zongwei},
  journal={Computer Methods in Applied Mechanics and Engineering},
  volume={387},
  pages={114129},
  year={2021},
  publisher={Elsevier}
}

@article{poochinapan2012numerical,
  title={Numerical implementations for 2D lid-driven cavity flow in stream function formulation},
  author={Poochinapan, K},
  journal={International Scholarly Research Notices},
  volume={2012},
  year={2012},
  publisher={Hindawi}
}

@article{godichon2024full,
  title={A Full Adagrad algorithm with O (Nd) operations},
  author={Godichon-Baggioni, Antoine and Lu, Wei and Portier, Bruno},
  journal={arXiv preprint arXiv:2405.01908},
  year={2024}
}

@article{yu2020gradient,
  title={Gradient surgery for multi-task learning},
  author={Yu, Tianhe and Kumar, Saurabh and Gupta, Abhishek and Levine, Sergey and Hausman, Karol and Finn, Chelsea},
  journal={Advances in Neural Information Processing Systems},
  volume={33},
  pages={5824--5836},
  year={2020}
}

@article{liu2021conflict,
  title={Conflict-averse gradient descent for multi-task learning},
  author={Liu, Bo and Liu, Xingchao and Jin, Xiaojie and Stone, Peter and Liu, Qiang},
  journal={Advances in Neural Information Processing Systems},
  volume={34},
  pages={18878--18890},
  year={2021}
}

@article{shi2023recon,
  title={Recon: Reducing conflicting gradients from the root for multi-task learning},
  author={Shi, Guangyuan and Li, Qimai and Zhang, Wenlong and Chen, Jiaxin and Wu, Xiao-Ming},
  journal={arXiv preprint arXiv:2302.11289},
  year={2023}
}