@inproceedings{bentert2020comparing,
  title={Comparing election methods where each voter ranks only few candidates},
  author={Bentert, Matthias and Skowron, Piotr},
  booktitle={Proceedings of the AAAI Conference on Artificial Intelligence},
  volume={34},
  pages={2218--2225},
  year={2020}
}

@book{brandt2016handbook,
  title={Handbook of computational social choice},
  author={Brandt, Felix and Conitzer, Vincent and Endriss, Ulle and Lang, J{\'e}r{\^o}me and Procaccia, Ariel D},
  year={2016},
  publisher={Cambridge University Press}
}

@inproceedings{dey2015sample,
  title={Sample complexity for winner prediction in elections},
  author={Dey, Palash and Bhattacharyya, Arnab},
  booktitle={Proceedings of the 2015 International Conference on Autonomous Agents and Multiagent Systems},
  pages={1421--1430},
  year={2015}
}

@inproceedings{filmus2014efficient,
  title={Efficient voting via the top-k elicitation scheme: a probabilistic approach},
  author={Filmus, Yuval and Oren, Joel},
  booktitle={Proceedings of the fifteenth ACM conference on Economics and computation},
  pages={295--312},
  year={2014}
}

@inproceedings{halpern2024computing,
  title={Computing Voting Rules with Elicited Incomplete Votes},
  author={Halpern, Daniel and Hossain, Safwan and Tucker-Foltz, Jamie},
  booktitle={Proceedings of the 25th ACM Conference on Economics and Computation},
  pages={941--963},
  year={2024}
}

@inproceedings{micha2020can,
  title={Can We Predict the Election Outcome from Sampled Votes?},
  author={Micha, Evi and Shah, Nisarg},
  booktitle={Proceedings of the AAAI Conference on Artificial Intelligence},
  pages={2176--2183},
  year={2020}
}

@inproceedings{oren2013efficient,
  title={Efficient Vote Elicitation under Candidate Uncertainty.},
  author={Oren, Joel and Filmus, Yuval and Boutilier, Craig},
  booktitle={IJCAI},
  pages={309--316},
  year={2013}
}

@article{procaccia2008note,
  title={A note on the query complexity of the Condorcet winner problem},
  author={Procaccia, Ariel D},
  journal={Information Processing Letters},
  volume={108},
  number={6},
  pages={390--393},
  year={2008},
  publisher={Elsevier}
}

@article{shivaswamy2015coactive,
  title={Coactive learning},
  author={Shivaswamy, Pannaga and Joachims, Thorsten},
  journal={Journal of Artificial Intelligence Research},
  volume={53},
  pages={1--40},
  year={2015}
}

@inproceedings{tucker2024coactive,
  title={Coactive Learning for Large Language Models using Implicit User Feedback},
  author={Tucker, Aaron David and Brantley, Kiant{\'e} and Cahall, Adam and Joachims, Thorsten},
  booktitle={Forty-first International Conference on Machine Learning},
  year={2024}
}

