@inproceedings{halpern2024computing,
  title={Computing Voting Rules with Elicited Incomplete Votes},
  author={Halpern, Daniel and Hossain, Safwan and Tucker-Foltz, Jamie},
  booktitle={Proceedings of the 25th ACM Conference on Economics and Computation},
  pages={941--963},
  year={2024}
}

@book{brandt2016handbook,
  title={Handbook of computational social choice},
  author={Brandt, Felix and Conitzer, Vincent and Endriss, Ulle and Lang, J{\'e}r{\^o}me and Procaccia, Ariel D},
  year={2016},
  publisher={Cambridge University Press}
}


@article{small2021polis,
  title={Polis: Scaling deliberation by mapping high dimensional opinion spaces},
  author={Small, Christopher and Bjorkegren, Michael and Erkkil{\"a}, Timo and Shaw, Lynette and Megill, Colin},
  journal={Recerca: revista de pensament i an{\`a}lisi},
  volume={26},
  number={2},
  year={2021},
  publisher={Universitat Jaume I Servei de Comunicacio i Publicacions}
}


@article{instructgpt,
  title={Training language models to follow instructions with human feedback},
  author={Ouyang, Long and Wu, Jeffrey and Jiang, Xu and Almeida, Diogo and Wainwright, Carroll and Mishkin, Pamela and Zhang, Chong and Agarwal, Sandhini and Slama, Katarina and Ray, Alex and John Schulman and Jacob Hilton and Fraser Kelton and Luke Miller and Maddie Simens and Amanda Askell and Peter Welinder and Paul Christiano and Jan Leike and Ryan Lowe},
  journal={Advances in Neural Information Processing Systems},
  volume={35},
  pages={27730--27744},
  year={2022}
}

@article{christiano2017deep,
  title={Deep reinforcement learning from human preferences},
  author={Christiano, Paul F and Leike, Jan and Brown, Tom and Martic, Miljan and Legg, Shane and Amodei, Dario},
  journal={Advances in neural information processing systems},
  volume={30},
  year={2017}
}


@article{shivaswamy2015coactive,
  title={Coactive learning},
  author={Shivaswamy, Pannaga and Joachims, Thorsten},
  journal={Journal of Artificial Intelligence Research},
  volume={53},
  pages={1--40},
  year={2015}
}


@inproceedings{tucker2024coactive,
  title={Coactive Learning for Large Language Models using Implicit User Feedback},
  author={Tucker, Aaron David and Brantley, Kiant{\'e} and Cahall, Adam and Joachims, Thorsten},
  booktitle={Forty-first International Conference on Machine Learning},
  year={2024}
}




@article{stiennon2020learning,
  title={Learning to summarize with human feedback},
  author={Stiennon, Nisan and Ouyang, Long and Wu, Jeffrey and Ziegler, Daniel M and Lowe, Ryan J and Voss, Caleb and Radford, Alec and Amodei, Dario and Christiano, Paul},
  journal={Advances in Neural Information Processing Systems},
  volume={33},
  pages={3008--3021},
  year={2020}
}

@article{hadfield2016cooperative,
  title={Cooperative inverse reinforcement learning},
  author={Hadfield-Menell, Dylan and Russell, Stuart J and Abbeel, Pieter and Dragan, Anca D},
  journal={Advances in Neural Information Processing Systems},
  volume={29},
  pages={3909--3917},
  year={2016}
}


@article{yang2024trajectory,
  title={Trajectory Improvement and Reward Learning from Comparative Language Feedback},
  author={Yang, Zhaojing and Jun, Miru and Tien, Jeremy and Russell, Stuart J and Dragan, Anca and B{\i}y{\i}k, Erdem},
  journal={arXiv preprint arXiv:2410.06401},
  year={2024}
}


@inproceedings{bajcsy2018learning,
  title={Learning from physical human corrections, one feature at a time},
  author={Bajcsy, Andrea and Losey, Dylan P and O'Malley, Marcia K and Dragan, Anca D},
  booktitle={Proceedings of the 2018 ACM/IEEE International Conference on Human-Robot Interaction},
  pages={141--149},
  year={2018}
}


@article{schick2022peer,
  title={Peer: A collaborative language model},
  author={Schick, Timo and Dwivedi-Yu, Jane and Jiang, Zhengbao and Petroni, Fabio and Lewis, Patrick and Izacard, Gautier and You, Qingfei and Nalmpantis, Christoforos and Grave, Edouard and Riedel, Sebastian},
  journal={arXiv preprint arXiv:2208.11663},
  year={2022}
}


@article{jin2023data,
  title={Data-efficient alignment of large language models with human feedback through natural language},
  author={Jin, Di and Mehri, Shikib and Hazarika, Devamanyu and Padmakumar, Aishwarya and Lee, Sungjin and Liu, Yang and Namazifar, Mahdi},
  journal={arXiv preprint arXiv:2311.14543},
  year={2023}
}


@inproceedings{filmus2014efficient,
  title={Efficient voting via the top-k elicitation scheme: a probabilistic approach},
  author={Filmus, Yuval and Oren, Joel},
  booktitle={Proceedings of the fifteenth ACM conference on Economics and computation},
  pages={295--312},
  year={2014}
}


@inproceedings{oren2013efficient,
  title={Efficient Vote Elicitation under Candidate Uncertainty.},
  author={Oren, Joel and Filmus, Yuval and Boutilier, Craig},
  booktitle={IJCAI},
  pages={309--316},
  year={2013}
}


@inproceedings{bentert2020comparing,
  title={Comparing election methods where each voter ranks only few candidates},
  author={Bentert, Matthias and Skowron, Piotr},
  booktitle={Proceedings of the AAAI Conference on Artificial Intelligence},
  volume={34},
  pages={2218--2225},
  year={2020}
}




@article{procaccia2008note,
  title={A note on the query complexity of the Condorcet winner problem},
  author={Procaccia, Ariel D},
  journal={Information Processing Letters},
  volume={108},
  number={6},
  pages={390--393},
  year={2008},
  publisher={Elsevier}
}


@inproceedings{dey2015sample,
  title={Sample complexity for winner prediction in elections},
  author={Dey, Palash and Bhattacharyya, Arnab},
  booktitle={Proceedings of the 2015 International Conference on Autonomous Agents and Multiagent Systems},
  pages={1421--1430},
  year={2015}
}


@inproceedings{micha2020can,
  title={Can We Predict the Election Outcome from Sampled Votes?},
  author={Micha, Evi and Shah, Nisarg},
  booktitle={Proceedings of the AAAI Conference on Artificial Intelligence},
  pages={2176--2183},
  year={2020}
}