@article{adam2023stereophotoclinometry,
  title={Stereophotoclinometry for OSIRIS-REx Spacecraft Navigation},
  author={Adam, Coralie D and McCarthy, Leilah K and Leonard, Jason M and Gaskell, Robert and Antreasian, Peter G and Liounis, Andrew J and Getzandanner, Kenneth and Moreau, Michael C and Palmer, Eric E and Weirich, John and others},
  journal={The Planetary Science Journal},
  volume={4},
  number={9},
  pages={167},
  year={2023},
  publisher={IOP Publishing}
}

@inproceedings{bandyopadhyay2021light,
  title={Light-robust pole-from-silhouette algorithm and visual-hull estimation for autonomous optical navigation to an unknown small body},
  author={Bandyopadhyay, Saptarshi and Villa, Jacopo and Osmundson, Alan and Hockman, Benjamin and Morrell, Benjamin and Lubey, Daniel and Bhaskaran, Shyam and Bayard, David and McMahon, Jay and Nesnas, Issa A},
  booktitle={Proc. 31st AAS/AIAA Space Flight Mechanics Meeting},
  pages={1--13},
  year={2021}
}

@article{chng2022globally,
  title={Globally optimal shape and spin pole determination with light-curve inversion},
  author={Chng, Chee-Kheng and Sasdelli, Michele and Chin, Tat-Jun},
  journal={Monthly Notices of the Royal Astronomical Society},
  volume={513},
  number={1},
  pages={311--332},
  year={2022},
  publisher={Oxford University Press}
}

@article{christian2024pole,
  title={Pole Estimation and Optical Navigation Using Circle of Latitude Projections},
  author={Christian, John A},
  journal={Journal of Guidance, Control, and Dynamics},
  volume={47},
  number={3},
  pages={407--416},
  year={2024},
  publisher={American Institute of Aeronautics and Astronautics}
}

@article{kaasalainen2001optimization,
  title={Optimization methods for asteroid lightcurve inversion: II. The complete inverse problem},
  author={Kaasalainen, Mikko and Torppa, Johanna and Muinonen, Karri},
  journal={Icarus},
  volume={153},
  number={1},
  pages={37--51},
  year={2001},
  publisher={Elsevier}
}

@article{kuppa2024initial,
  title={Initial Pole Axis and Spin Direction Estimation of Asteroids Using Infrared Imagery},
  author={Kuppa, Koundinya and McMahon, Jay W and Dietrich, Ann B},
  journal={Journal of Guidance, Control, and Dynamics},
  volume={47},
  number={6},
  pages={1055--1071},
  year={2024},
  publisher={American Institute of Aeronautics and Astronautics}
}

@article{lowe2004distinctive,
  title={Distinctive image features from scale-invariant keypoints},
  author={Lowe, David G},
  journal={International journal of computer vision},
  volume={60},
  pages={91--110},
  year={2004},
  publisher={Springer}
}

@incollection{morrell2020autonomous,
  title={Autonomous feature tracking for autonomous approach to a small body},
  author={Morrell, Benjamin J and Villa, Jacopo and Bandyopadhyay, Saptarshi and Lubey, Daniel and Hockman, Benjamin and Bhaskaran, Shyam and Bayard, David and Nesnas, Issa},
  booktitle={ASCEND 2020},
  pages={4151},
  year={2020}
}

@article{nesnas2021autonomous,
  title={Autonomous exploration of small bodies toward greater autonomy for deep space missions},
  author={Nesnas, Issa AD and Hockman, Benjamin J and Bandopadhyay, Saptarshi and Morrell, Benjamin J and Lubey, Daniel P and Villa, Jacopo and Bayard, David S and Osmundson, Alan and Jarvis, Benjamin and Bersani, Michele and others},
  journal={Frontiers in Robotics and AI},
  volume={8},
  pages={650885},
  year={2021},
  publisher={Frontiers}
}

@article{palmer2022practical,
  title={Practical stereophotoclinometry for modeling shape and topography on planetary missions},
  author={Palmer, Eric E and Gaskell, Robert and Daly, Michael G and Barnouin, Olivier S and Adam, Coralie D and Lauretta, Dante S},
  journal={The Planetary Science Journal},
  volume={3},
  number={5},
  pages={102},
  year={2022},
  publisher={IOP Publishing}
}

@article{panicucci2023vision,
  title={Vision-based estimation of small body rotational state},
  author={Panicucci, Paolo and Lebreton, J{\'e}r{\'e}my and Brochard, Roland and Zenou, Emmanuel and Delpech, Michel},
  journal={Acta Astronautica},
  volume={213},
  pages={177--196},
  year={2023},
  publisher={Elsevier}
}

@inproceedings{villa2020optical,
  title={Optical navigation for autonomous approach of small unknown bodies},
  author={Villa, Jacopo and Bandyopadhyay, Saptarshi and Morrell, Benjamin and Hockman, Benjamin and Lubey, Daniel and Harvard, Alexei and Chung, Soon-Jo and Bhaskaran, Shyam and Nesnas, Issa A},
  booktitle={2020 AAS Guidance, Navigation and Control Conference},
  year={2020},
  organization={AAS}
}

