@inproceedings{berry2013osiris,
  title={OSIRIS-REx touch-and-go (TAG) mission design and analysis},
  author={Berry, Kevin and Sutter, Brian and May, Alex and Williams, Ken and Barbee, Brent W and Beckman, Mark and Williams, Bobby},
  booktitle={36th Annual AAS Guidance and Control Conference},
  pages={13--095},
  year={2013},
  organization={Citeseer}
}

@article{watanabe2017hayabusa2,
  title={Hayabusa2 mission overview},
  author={Watanabe, Sei-ichiro and Tsuda, Yuichi and Yoshikawa, Makoto and Tanaka, Satoshi and Saiki, Takanao and Nakazawa, Satoru},
  journal={Space Science Reviews},
  volume={208},
  number={1},
  pages={3--16},
  year={2017},
  publisher={Springer}
}

@article{scheeres2015asteroid,
  title={Asteroid interiors and morphology},
  author={Scheeres, DJ and Britt, D and Carry, B and Holsapple, KA},
  journal={Asteroids iv},
  volume={745766},
  year={2015},
  publisher={University of Arizona Press Tucson, Arizona}
}

@article{haynes2020asteroids,
  title={Asteroids Inside Out: Radar Tomography},
  author={Haynes, Mark and Virkki, Anne K and Venditti, Flaviane CF and Hickson, Dylan and Pinilla-Alonso, Noemi and Brisset, Julie and Benner, Lance AM and Raymond, Carol A and Lazio, Joseph and Freeman, Anthony and others},
  year={2020}
}

@article{nishiyama2021simulation,
  title={Simulation of Seismic Wave Propagation on Asteroid Ryugu Induced by The Impact Experiment of The Hayabusa2 Mission: Limited Mass Transport by Low Yield Strength of Porous Regolith},
  author={Nishiyama, G and Kawamura, T and Namiki, N and Fernando, B and Leng, K and Onodera, K and Sugita, S and Saiki, T and Imamura, H and Takagi, Y and others},
  journal={Journal of Geophysical Research: Planets},
  volume={126},
  number={2},
  pages={e2020JE006594},
  year={2021},
  publisher={Wiley Online Library}
}

@article{chesley2020trajectory,
  title={Trajectory estimation for particles observed in the vicinity of (101955) Bennu},
  author={Chesley, SR and French, AS and Davis, AB and Jacobson, RA and Brozovi{\'c}, M and Farnocchia, D and Selznick, S and Liounis, AJ and Hergenrother, CW and Moreau, MC and others},
  journal={Journal of Geophysical Research: Planets},
  volume={125},
  number={9},
  pages={e2019JE006363},
  year={2020},
  publisher={Wiley Online Library}
}

@article{evans2018monte,
  title={MONTE: The next generation of mission design and navigation software},
  author={Evans, Scott and Taber, William and Drain, Theodore and Smith, Jonathon and Wu, Hsi-Cheng and Guevara, Michelle and Sunseri, Richard and Evans, James},
  journal={CEAS Space Journal},
  volume={10},
  number={1},
  pages={79--86},
  year={2018},
  publisher={Springer}
}

@article{dellagiustina2019properties,
  title={Properties of rubble-pile asteroid (101955) Bennu from OSIRIS-REx imaging and thermal analysis},
  author={DellaGiustina, DN and Emery, JP and Golish, DR and Rozitis, Benjamin and Bennett, CA and Burke, KN and Ballouz, R-L and Becker, KJ and Christensen, PR and d’Aubigny, CY Drouet and others},
  journal={Nature Astronomy},
  volume={3},
  number={4},
  pages={341--351},
  year={2019},
  publisher={Nature Publishing Group}
}

@article{lauretta2019unexpected,
  title={The unexpected surface of asteroid (101955) Bennu},
  author={Lauretta, DS and DellaGiustina, DN and Bennett, CA and Golish, DR and Becker, KJ and Balram-Knutson, SS and Barnouin, OS and Becker, TL and Bottke, WF and Boynton, WV and others},
  journal={Nature},
  volume={568},
  number={7750},
  pages={55--60},
  year={2019},
  publisher={Nature Publishing Group}
}

@article{mcmahon2018osiris,
  title={The OSIRIS-REx radio science experiment at Bennu},
  author={McMahon, JW and Scheeres, DJ and Hesar, SG and Farnocchia, D and Chesley, S and Lauretta, D},
  journal={Space Science Reviews},
  volume={214},
  number={1},
  pages={1--41},
  year={2018},
  publisher={Springer}
}

@article{smith2018orbit,
  title={On-orbit results and lessons learned from the ASTERIA space telescope mission},
  author={Smith, Matthew and Donner, Amanda and Knapp, Mary and Pong, Christopher and Smith, Colin and Luu, Jason and Pasquale, Peter Di and Campuzano, Brian},
  year={2018}
}

@inproceedings{leonard2019osiris,
  title={OSIRIS-REx orbit determination performance during the navigation campaign},
  author={Leonard, Jason M and Geeraert, Jeroen L and Page, Brian R and French, Andrew S and Antreasian, Peter G and Adam, Coralie D and Wibben, Daniel R and Moreau, Michael C and Lauretta, Dante S},
  booktitle={2019 AAS/AIAA Astrodynamics Specialist Conference},
  pages={1--20},
  year={2019}
}

@book{michel2015asteroids,
  title={Asteroids iv},
  author={Michel, Patrick and DeMeo, Francesca E and Bottke, William F},
  year={2015},
  publisher={University of Arizona Press}
}

@article{ciarletti2015consert,
  title={CONSERT suggests a change in local properties of 67P/Churyumov-Gerasimenko’s nucleus at depth},
  author={Ciarletti, Val{\'e}rie and Levasseur-Regourd, Anny Chantal and Lasue, J{\'e}r{\'e}mie and Statz, C and Plettemeier, Dirk and H{\'e}rique, Alain and Rogez, Yves and Kofman, Wlodek},
  journal={Astronomy \& Astrophysics},
  volume={583},
  pages={A40},
  year={2015},
  publisher={EDP Sciences}
}

@article{sorsa2019bistatic,
  title={Bistatic full-wave radar tomography detects deep interior voids, cracks, and boulders in a rubble-pile asteroid model},
  author={Sorsa, Liisa-Ida and Takala, Mika and Bambach, Patrick and Deller, Jakob and Vilenius, Esa and Pursiainen, Sampsa},
  journal={The Astrophysical Journal},
  volume={872},
  number={1},
  pages={44},
  year={2019},
  publisher={IOP Publishing}
}

@inproceedings{scheeres2003asteroid,
  title={Asteroid surface science with pods},
  author={Scheeres, DJ and Asphaug, EI and Colwell, J and Dissly, R and Geissler, PE and McFadden, LA and Petr, V and Reinert, R and Yano, H},
  booktitle={Lunar and Planetary Science Conference},
  pages={1444},
  year={2003}
}

@article{plescia2017asteroid,
  title={The asteroid probe experiment (apex) mission},
  author={Plescia, Jeff and Barnouin, Olivier and Richardson, Derek and Schmerr, Nicholas and Lawrence, David and Denevi, Brett and Ernst, Carolyn and Yu, HY},
  year={2017}
}

@article{mazarico2017recovery,
  title={Recovery of Bennu’s orientation for the OSIRIS-REx mission: implications for the spin state accuracy and geolocation errors},
  author={Mazarico, Erwan and Rowlands, David D and Sabaka, Terence J and Getzandanner, Kenneth M and Rubincam, David P and Nicholas, Joseph B and Moreau, Michael C},
  journal={Journal of Geodesy},
  volume={91},
  number={10},
  pages={1141--1161},
  year={2017},
  publisher={Springer}
}

@article{scheeres2019dynamic,
  title={The dynamic geophysical environment of (101955) Bennu based on OSIRIS-REx measurements},
  author={Scheeres, DJ and McMahon, JW and French, AS and Brack, DN and Chesley, SR and Farnocchia, D and Takahashi, Y and Leonard, JM and Geeraert, J and Page, B and others},
  journal={Nature Astronomy},
  volume={3},
  number={4},
  pages={352--361},
  year={2019},
  publisher={Nature Publishing Group}
}

@article{folkner2014planetary,
  title={The planetary and lunar ephemerides DE430 and DE431},
  author={Folkner, William M and Williams, James G and Boggs, Dale H and Park, Ryan S and Kuchynka, Petr},
  journal={Interplanetary Network Progress Report},
  volume={196},
  number={1},
  year={2014}
}

@book{schutz2004statistical,
  title={Statistical orbit determination},
  author={Schutz, Bob and Tapley, Byron and Born, George H},
  year={2004},
  publisher={Elsevier}
}

@book{kaula2013theory,
  title={Theory of satellite geodesy: applications of satellites to geodesy},
  author={Kaula, William M},
  year={2013},
  publisher={Courier Corporation}
}

@book{scheeres2016orbital,
  title={Orbital motion in strongly perturbed environments: applications to asteroid, comet and planetary satellite orbiters},
  author={Scheeres, Daniel J},
  year={2016},
  publisher={Springer}
}

@article{mcmahon2020dynamical,
  title={Dynamical evolution of simulated particles ejected from asteroid Bennu},
  author={McMahon, Jay W and Scheeres, Daniel J and Chesley, Steven R and French, Andrew and Brack, Daniel and Farnocchia, Davide and Takahashi, Yu and Rozitis, Benjamin and Tricarico, Pasquale and Mazarico, Erwan and others},
  journal={Journal of Geophysical Research: Planets},
  volume={125},
  number={8},
  pages={e2019JE006229},
  year={2020},
  publisher={Wiley Online Library}
}

@inproceedings{pong2019camera,
  title={Camera modeling, centroiding performance, and geometric camera calibration on ASTERIA},
  author={Pong, Christopher M and Smith, Matthew W},
  booktitle={2019 IEEE Aerospace Conference},
  pages={1--17},
  year={2019},
  organization={IEEE}
}

@article{owen2011methods,
  title={Methods of optical navigation},
  author={Owen Jr, William M},
  year={2011},
  publisher={Pasadena, CA: Jet Propulsion Laboratory, National Aeronautics and Space~…}
}

@phdthesis{french2020precise,
  title={Precise Orbit Determination and Gravity Field Estimation During Small Body Missions},
  author={French, Andrew S},
  year={2020},
  school={University of Colorado at Boulder}
}

@inproceedings{french2020multi,
  title={Multi-arc filtering during the navigation campaign of the osiris-rex mission},
  author={French, Andrew S and Leonard, Jason M and Geeraert, Jeroen L and Page, Brian R and Antreasian, Peter G and Moreau, Michael C and McMahon, Jay W and Scheeres, Daniel J and Lauretta, Dante S},
  booktitle={AAS/AIAA Astrodynamics Specialist Conference, 2019},
  pages={3051--3068},
  year={2020},
  organization={Univelt Inc.}
}

@article{asmar2013scientific,
  title={The scientific measurement system of the Gravity Recovery and Interior Laboratory (GRAIL) mission},
  author={Asmar, Sami W and Konopliv, Alexander S and Watkins, Michael M and Williams, James G and Park, Ryan S and Kruizinga, Gerhard and Paik, Meegyeong and Yuan, Dah-Ning and Fahnestock, Eugene and Strekalov, Dmitry and others},
  journal={GRAIL: Mapping the Moon’s Interior},
  pages={25--55},
  year={2013},
  publisher={Springer}
}

@article{ely2018using,
  title={Using the deep space atomic clock for navigation and science},
  author={Ely, Todd A and Burt, Eric A and Prestage, John D and Seubert, Jill M and Tjoelker, Robert L},
  journal={IEEE transactions on ultrasonics, ferroelectrics, and frequency control},
  volume={65},
  number={6},
  pages={950--961},
  year={2018},
  publisher={IEEE}
}

@Article{Asphaug2002,
  author  = {Asphaug, E. and Ryan, E. V. and Zuber, M. T.},
  title   = {Asteroid interiors},
  journal = {Asteroids III},
  year    = {2002},
  volume  = {1},
  pages   = {463--484},
  owner   = {bhockman},
}

@Article{ScheeresBrittEtAl2015,
  author    = {Scheeres, D. J. and Britt, D. and Carry, B. and Holsapple, K. A.},
  title     = {Asteroid interiors and morphology},
  journal   = {Asteroids IV},
  volume    = {745766},
  pages     = {745--766},
  year      = {2015},
  owner     = {bhockman},
  timestamp = {2018-11-12},
}

@article{bazzocchi2016comparative,
  title={Comparative analysis of redirection methods for asteroid resource exploitation},
  author={Bazzocchi, Michael CF and Emami, M Reza},
  journal={Acta Astronautica},
  volume={120},
  pages={1--19},
  year={2016},
  publisher={Elsevier}
}

@TechReport{NRC2010,
  Title                    = {Defending Planet Earth: Near-Earth-Object Surveys and Hazard Mitigation Strategies},
  Author                   = ios_NRC,
  Institution              = pub_NAP,
  Year                     = {2010},

  Owner                    = {bhockman},
  Timestamp                = {2017-08-09}
}

@article{lauretta2017osiris,
  title={OSIRIS-REx: sample return from asteroid (101955) Bennu},
  author={Lauretta, DS and Balram-Knutson, SS and Beshore, E and Boynton, WV and Drouet d’Aubigny, C and DellaGiustina, DN and Enos, HL and Golish, DR and Hergenrother, CW and Howell, ES and others},
  journal={Space Science Reviews},
  volume={212},
  number={1},
  pages={925--984},
  year={2017},
  publisher={Springer}
}

@article{glassmeier2007rosetta,
  title={The Rosetta mission: flying towards the origin of the solar system},
  author={Glassmeier, Karl-Heinz and Boehnhardt, Hermann and Koschny, Detlef and K{\"u}hrt, Ekkehard and Richter, Ingo},
  journal={Space Science Reviews},
  volume={128},
  number={1},
  pages={1--21},
  year={2007},
  publisher={Springer}
}

@article{oh2019development,
  title={Development of the psyche mission for NASA's discovery program},
  author={Oh, David Y and Collins, Steve and Drain, Tracy and Hart, William and Imken, Travis and Larson, Kristina and Marsh, Danielle and Muthulingam, Dhack and Snyder, John Steven and Trofimov, Denis and others},
  year={2019},
  publisher={Pasadena, CA: Jet Propulsion Laboratory, National Aeronautics and Space~…}
}

@article{levison2021lucy,
  title={Lucy mission to the Trojan asteroids: Science goals},
  author={Levison, Harold F and Olkin, Catherine B and Noll, Keith S and Marchi, Simone and Bell III, James F and Bierhaus, Edward and Binzel, Richard and Bottke, William and Britt, Dan and Brown, Michael and others},
  journal={The Planetary Science Journal},
  volume={2},
  number={5},
  pages={171},
  year={2021},
  publisher={IOP Publishing}
}

@inproceedings{scheeres2020janus,
  title={Janus: A NASA SIMPLEx mission to explore two NEO Binary Asteroids},
  author={Scheeres, Daniel J and McMahon, Jay and Bierhaus, Beau and Wood, Joshua and Benner, Lance and Hartzell, Christine M and Hayne, Paul Ottinger and Jedicke, Robert and Le Corre, Lucille and Naidu, Shantanu and others},
  booktitle={AGU Fall Meeting Abstracts},
  volume={2020},
  pages={A252--01},
  year={2020}
}

@article{snodgrass2019european,
  title={The European Space Agency’s comet interceptor lies in wait},
  author={Snodgrass, Colin and Jones, Geraint H},
  journal={Nature communications},
  volume={10},
  number={1},
  pages={1--4},
  year={2019},
  publisher={Nature Publishing Group}
}

@article{nesnas2021autonomous,
  title={Autonomous exploration of small bodies toward greater autonomy for deep space missions},
  author={Nesnas, Issa AD and Hockman, Benjamin J and Bandopadhyay, Saptarshi and Morrell, Benjamin J and Lubey, Daniel P and Villa, Jacopo and Bayard, David S and Osmundson, Alan and Jarvis, Benjamin and Bersani, Michele and others},
  journal={Frontiers in Robotics and AI},
  volume={8},
  pages={650885},
  year={2021},
  publisher={Frontiers}
}

@article{gaskell2008characterizing,
  title={Characterizing and navigating small bodies with imaging data},
  author={Gaskell, RW and Barnouin-Jha, OS and Scheeres, Daniel J and Konopliv, AS and Mukai, T and Abe, S and Saito, J and Ishiguro, M and Kubota, T and Hashimoto, T and others},
  journal={Meteoritics \& Planetary Science},
  volume={43},
  number={6},
  pages={1049--1061},
  year={2008},
  publisher={Wiley Online Library}
}

@article{nesnas2019autonomy,
  title={Autonomy Workshop Small Body Design Reference Mission},
  author={Nesnas, Issa and Castillo, Julie and Swindle, Tim and Bhaskaran, Shyam and Gump, David and Maleki, Lute and McMahon, Jay and Mercer, Carolyn and Partridge, Harry and Pavone, Marco and others},
  year={2019},
  publisher={Pasadena, CA: Jet Propulsion Laboratory, National Aeronautics and Space~…}
}

@inproceedings{lorenz2017lessons,
  title={Lessons learned from OSIRIS-Rex autonomous navigation using natural feature tracking},
  author={Lorenz, David A and Olds, Ryan and May, Alexander and Mario, Courtney and Perry, Mark E and Palmer, Eric E and Daly, Michael},
  booktitle={2017 IEEE Aerospace Conference},
  pages={1--12},
  year={2017},
  organization={IEEE}
}

@inproceedings{pellacani2019hera,
  title={HERA vision based GNC and autonomy},
  author={Pellacani, A and Graziano, M and Fittock, M and Gil, J and Carnelli, I},
  booktitle={Proceedings of the 8th European Conference for Aeronautics and Space Sciences (EUCASS), Madrid, Spain},
  pages={1--4},
  year={2019}
}

@incollection{morrell2020autonomous,
  title={Autonomous feature tracking for autonomous approach to a small body},
  author={Morrell, Benjamin J and Villa, Jacopo and Bandyopadhyay, Saptarshi and Lubey, Daniel and Hockman, Benjamin and Bhaskaran, Shyam and Bayard, David and Nesnas, Issa},
  booktitle={ASCEND 2020},
  pages={4151},
  year={2020}
}

@article{nesnas2021autonomous,
  title={Autonomous Exploration of Small Bodies Toward Greater Autonomy for Deep Space Missions},
  author={Nesnas, Issa AD and Hockman, Benjamin J and Bandopadhyay, Saptarshi and Morrell, Benjamin J and Lubey, Daniel P and Villa, Jacopo and Bayard, David S and Osmundson, Alan and Jarvis, Benjamin and Bersani, Michele and others},
  journal={Frontiers in Robotics and AI},
  volume={8},
  year={2021},
  publisher={Frontiers Media SA}
}

@inproceedings{dor2021visual,
  title={Visual SLAM for Asteroid Relative Navigation},
  author={Dor, Mehregan and Skinner, Katherine A and Driver, Travis and Tsiotras, Panagiotis},
  booktitle={Proceedings of the IEEE/CVF Conference on Computer Vision and Pattern Recognition},
  pages={2066--2075},
  year={2021}
}

@article{bay2008speeded,
  title={Speeded-up robust features (SURF)},
  author={Bay, Herbert and Ess, Andreas and Tuytelaars, Tinne and Van Gool, Luc},
  journal={Computer vision and image understanding},
  volume={110},
  number={3},
  pages={346--359},
  year={2008},
  publisher={Elsevier}
}

@article{vizzo2023kiss,
  title={Kiss-icp: In defense of point-to-point icp--simple, accurate, and robust registration if done the right way},
  author={Vizzo, Ignacio and Guadagnino, Tiziano and Mersch, Benedikt and Wiesmann, Louis and Behley, Jens and Stachniss, Cyrill},
  journal={IEEE Robotics and Automation Letters},
  volume={8},
  number={2},
  pages={1029--1036},
  year={2023},
  publisher={IEEE}
}

@inproceedings{rublee2011orb,
  title={ORB: An efficient alternative to SIFT or SURF},
  author={Rublee, Ethan and Rabaud, Vincent and Konolige, Kurt and Bradski, Gary},
  booktitle={2011 International conference on computer vision},
  pages={2564--2571},
  year={2011},
  organization={Ieee}
}

@article{bos2018touch,
  title={Touch And Go Camera System (TAGCAMS) for the OSIRIS-REx asteroid sample return mission},
  author={Bos, BJ and Ravine, MA and Caplinger, M and Schaffner, JA and Ladewig, JV and Olds, RD and Norman, CD and Huish, D and Hughes, M and Anderson, SK and others},
  journal={Space Science Reviews},
  volume={214},
  number={1},
  pages={1--23},
  year={2018},
  publisher={Springer}
}

@article{rizk2018ocams,
  title={OCAMS: the OSIRIS-REx camera suite},
  author={Rizk, B and Drouet d’Aubigny, C and Golish, D and Fellows, C and Merrill, C and Smith, Peter and Walker, MS and Hendershot, JE and Hancock, J and Bailey, SH and others},
  journal={Space Science Reviews},
  volume={214},
  number={1},
  pages={1--55},
  year={2018},
  publisher={Springer}
}

@article{civera2008inverse,
  title={Inverse depth parametrization for monocular SLAM},
  author={Civera, Javier and Davison, Andrew J and Montiel, JM Martinez},
  journal={IEEE transactions on robotics},
  volume={24},
  number={5},
  pages={932--945},
  year={2008},
  publisher={IEEE}
}

@inproceedings{besl1992method,
  title={Method for registration of 3-D shapes},
  author={Besl, Paul J and McKay, Neil D},
  booktitle={Sensor fusion IV: control paradigms and data structures},
  volume={1611},
  pages={586--606},
  year={1992},
  organization={Spie}
}

@article{christian2021image,
  title={Image-based lunar terrain relative navigation without a map: Measurements},
  author={Christian, John A and Hong, Lillian and McKee, Paul and Christensen, Randall and Crain, Timothy P},
  journal={Journal of Spacecraft and Rockets},
  volume={58},
  number={1},
  pages={164--181},
  year={2021},
  publisher={American Institute of Aeronautics and Astronautics}
}

@article{sun20002,
  title={2-Point linear algorithm for camera translation vector estimation with known rotation},
  author={Sun, Changming},
  journal={Robotica},
  volume={18},
  number={5},
  pages={557--561},
  year={2000},
  publisher={Cambridge University Press}
}

@article{acton1996ancillary,
  title={Ancillary data services of NASA's navigation and ancillary information facility},
  author={Acton Jr, Charles H},
  journal={Planetary and Space Science},
  volume={44},
  number={1},
  pages={65--70},
  year={1996},
  publisher={Elsevier}
}

@phdthesis{sibley2007long,
  title={Long range stereo data-fusion from moving platforms},
  author={Sibley, Gabe},
  year={2007},
  school={University of Southern California}
}

@inproceedings{alcantarilla2012kaze,
  title={KAZE features},
  author={Alcantarilla, Pablo Fern{\'a}ndez and Bartoli, Adrien and Davison, Andrew J},
  booktitle={European conference on computer vision},
  pages={214--227},
  year={2012},
  organization={Springer}
}

@article{lindeberg2012scale,
  title={Scale invariant feature transform},
  author={Lindeberg, Tony},
  year={2012}
}

@inproceedings{subbarao2006beyond,
  title={Beyond RANSAC: user independent robust regression},
  author={Subbarao, Raghav and Meer, Peter},
  booktitle={2006 Conference on Computer Vision and Pattern Recognition Workshop (CVPRW'06)},
  pages={101--101},
  year={2006},
  organization={IEEE}
}

@book{hartley2003multiple,
  title={Multiple view geometry in computer vision},
  author={Hartley, Richard and Zisserman, Andrew},
  year={2003},
  publisher={Cambridge university press}
}

@article{opromolla2017pose,
  title={Pose estimation for spacecraft relative navigation using model-based algorithms},
  author={Opromolla, Roberto and Fasano, Giancarmine and Rufino, Giancarlo and Grassi, Michele},
  journal={IEEE Transactions on Aerospace and Electronic Systems},
  volume={53},
  number={1},
  pages={431--447},
  year={2017},
  publisher={IEEE}
}

@inproceedings{pugliatti2021board,
  title={On-Board Small-Body Semantic Segmentation Based on Morphological Features with U-Net},
  author={Pugliatti, Mattia and Maestrini, Michele and Di Lizia, Pierluigi and Topputo, Francesco},
  booktitle={31st AAS/AIAA Space Flight Mechanics Meeting},
  pages={1--20},
  year={2021}
}

@inproceedings{downes2020deep,
  title={Deep learning crater detection for lunar terrain relative navigation},
  author={Downes, Lena and Steiner, Ted J and How, Jonathan P},
  booktitle={AIAA SciTech 2020 Forum},
  pages={1838},
  year={2020}
}

@inproceedings{tomasi1998bilateral,
  title={Bilateral filtering for gray and color images},
  author={Tomasi, Carlo and Manduchi, Roberto},
  booktitle={Sixth international conference on computer vision (IEEE Cat. No. 98CH36271)},
  pages={839--846},
  year={1998},
  organization={IEEE}
}

@article{tomasi1991detection,
  title={Detection and tracking of point},
  author={Tomasi, Carlo and Kanade, Takeo},
  journal={Int J Comput Vis},
  volume={9},
  pages={137--154},
  year={1991}
}

@inproceedings{lucas1981iterative,
  title={An iterative image registration technique with an application to stereo vision},
  author={Lucas, Bruce D and Kanade, Takeo and others},
  year={1981},
  organization={Vancouver}
}

@article{hirschmuller2007stereo,
  title={Stereo processing by semiglobal matching and mutual information},
  author={Hirschmuller, Heiko},
  journal={IEEE Transactions on pattern analysis and machine intelligence},
  volume={30},
  number={2},
  pages={328--341},
  year={2007},
  publisher={IEEE}
}

@inproceedings{poliarnyi2021out,
  title={Out-of-Core Surface Reconstruction via Global TGV Minimization},
  author={Poliarnyi, Nikolai},
  booktitle={Proceedings of the IEEE/CVF International Conference on Computer Vision},
  pages={5641--5650},
  year={2021}
}

@inproceedings{aspert2002mesh,
  title={Mesh: Measuring errors between surfaces using the hausdorff distance},
  author={Aspert, Nicolas and Santa-Cruz, Diego and Ebrahimi, Touradj},
  booktitle={Proceedings. IEEE international conference on multimedia and expo},
  volume={1},
  pages={705--708},
  year={2002},
  organization={IEEE}
}

@article{peterson2009k,
  title={K-nearest neighbor},
  author={Peterson, Leif E},
  journal={Scholarpedia},
  volume={4},
  number={2},
  pages={1883},
  year={2009}
}

@inproceedings{villa2020optical,
  title={Optical navigation for autonomous approach of small unknown bodies},
  author={Villa, Jacopo and Bandyopadhyay, Saptarshi and Morrell, Benjamin and Hockman, Benjamin and Lubey, Daniel and Harvard, Alexei and Chung, Soon-Jo and Bhaskaran, Shyam and Nesnas, Issa A},
  booktitle={2020 AAS Guidance, Navigation and Control Conference},
  year={2020},
  organization={AAS}
}

@inproceedings{villa2022spg,
  title={Autonomous Navigation and Dense Shape Reconstruction using Stereophotogrammetry at Small Celestial Bodies},
  author={Villa, Jacopo and McMahon, Jay and Hockman, Benjamin and Nesnas, Issa A},
  booktitle={2022 AAS Guidance, Navigation and Control Conference},
  year={2022},
  organization={AAS}
}

@inproceedings{huertas2006passive,
  title={Passive imaging based multi-cue hazard detection for spacecraft safe landing},
  author={Huertas, Andres and Cheng, Yang and Madison, Richard},
  booktitle={2006 ieee aerospace conference},
  pages={14--pp},
  year={2006},
  organization={IEEE}
}

@article{hockman2022autonomous,
  title={(In preparation) Autonomous Mapping, Hazard Assessment, and Landing on Small Bodies},
  author={Hockman, Benjamin and Morrell, Benjamin and Jarvis, Benjamin and Lubey, Daniel and Villa, Jacopo and Bhaskaran, Shyam and Bayard, David and Bandyopadhyay, Saptarshi and Nesnas, Issa A.},
  journal={Frontiers},
  year={2022}
}

@article{hapke2002bidirectional,
  title={Bidirectional reflectance spectroscopy: 5. The coherent backscatter opposition effect and anisotropic scattering},
  author={Hapke, Bruce},
  journal={Icarus},
  volume={157},
  number={2},
  pages={523--534},
  year={2002},
  publisher={Elsevier}
}

@techreport{arthur2006k,
  title={k-means++: The advantages of careful seeding},
  author={Arthur, David and Vassilvitskii, Sergei},
  year={2006},
  institution={Stanford}
}

@book{kong1996topological,
  title={Topological algorithms for digital image processing},
  author={Kong, T Yung and Rosenfeld, Azriel},
  year={1996},
  publisher={Elsevier}
}

@article{cheng2003optical,
  title={Optical landmark detection for spacecraft navigation},
  author={Cheng, Yang and Johnson, Andrew E and Matthies, Larry H and Olson, Clark F},
  year={2003}
}

@inproceedings{bay2006surf,
  title={Surf: Speeded up robust features},
  author={Bay, Herbert and Tuytelaars, Tinne and Gool, Luc Van},
  booktitle={European conference on computer vision},
  pages={404--417},
  year={2006},
  organization={Springer}
}

@inproceedings{shi1994good,
  title={Good features to track},
  author={Shi, Jianbo and others},
  booktitle={1994 Proceedings of IEEE conference on computer vision and pattern recognition},
  pages={593--600},
  year={1994},
  organization={IEEE}
}

@inproceedings{hoppe1992surface,
  title={Surface reconstruction from unorganized points},
  author={Hoppe, Hugues and DeRose, Tony and Duchamp, Tom and McDonald, John and Stuetzle, Werner},
  booktitle={Proceedings of the 19th annual conference on computer graphics and interactive techniques},
  pages={71--78},
  year={1992}
}

@article{torr2000mlesac,
  title={MLESAC: A new robust estimator with application to estimating image geometry},
  author={Torr, Philip HS and Zisserman, Andrew},
  journal={Computer vision and image understanding},
  volume={78},
  number={1},
  pages={138--156},
  year={2000},
  publisher={Elsevier}
}

@inproceedings{berry2013osiris,
  title={OSIRIS-REx touch-and-go (TAG) mission design and analysis},
  author={Berry, Kevin and Sutter, Brian and May, Alex and Williams, Ken and Barbee, Brent W and Beckman, Mark and Williams, Bobby},
  booktitle={36th Annual AAS Guidance and Control Conference},
  pages={13--095},
  year={2013},
  organization={Citeseer}
}

@article{watanabe2017hayabusa2,
  title={Hayabusa2 mission overview},
  author={Watanabe, Sei-ichiro and Tsuda, Yuichi and Yoshikawa, Makoto and Tanaka, Satoshi and Saiki, Takanao and Nakazawa, Satoru},
  journal={Space Science Reviews},
  volume={208},
  number={1},
  pages={3--16},
  year={2017},
  publisher={Springer}
}

@article{scheeres2015asteroid,
  title={Asteroid interiors and morphology},
  author={Scheeres, DJ and Britt, D and Carry, B and Holsapple, KA},
  journal={Asteroids iv},
  volume={745766},
  year={2015},
  publisher={University of Arizona Press Tucson, Arizona}
}

@article{haynes2020asteroids,
  title={Asteroids Inside Out: Radar Tomography},
  author={Haynes, Mark and Virkki, Anne K and Venditti, Flaviane CF and Hickson, Dylan and Pinilla-Alonso, Noemi and Brisset, Julie and Benner, Lance AM and Raymond, Carol A and Lazio, Joseph and Freeman, Anthony and others},
  year={2020}
}

@article{nishiyama2021simulation,
  title={Simulation of Seismic Wave Propagation on Asteroid Ryugu Induced by The Impact Experiment of The Hayabusa2 Mission: Limited Mass Transport by Low Yield Strength of Porous Regolith},
  author={Nishiyama, G and Kawamura, T and Namiki, N and Fernando, B and Leng, K and Onodera, K and Sugita, S and Saiki, T and Imamura, H and Takagi, Y and others},
  journal={Journal of Geophysical Research: Planets},
  volume={126},
  number={2},
  pages={e2020JE006594},
  year={2021},
  publisher={Wiley Online Library}
}

@article{chesley2020trajectory,
  title={Trajectory estimation for particles observed in the vicinity of (101955) Bennu},
  author={Chesley, SR and French, AS and Davis, AB and Jacobson, RA and Brozovi{\'c}, M and Farnocchia, D and Selznick, S and Liounis, AJ and Hergenrother, CW and Moreau, MC and others},
  journal={Journal of Geophysical Research: Planets},
  volume={125},
  number={9},
  pages={e2019JE006363},
  year={2020},
  publisher={Wiley Online Library}
}

@article{evans2018monte,
  title={MONTE: The next generation of mission design and navigation software},
  author={Evans, Scott and Taber, William and Drain, Theodore and Smith, Jonathon and Wu, Hsi-Cheng and Guevara, Michelle and Sunseri, Richard and Evans, James},
  journal={CEAS Space Journal},
  volume={10},
  number={1},
  pages={79--86},
  year={2018},
  publisher={Springer}
}

@article{dellagiustina2019properties,
  title={Properties of rubble-pile asteroid (101955) Bennu from OSIRIS-REx imaging and thermal analysis},
  author={DellaGiustina, DN and Emery, JP and Golish, DR and Rozitis, Benjamin and Bennett, CA and Burke, KN and Ballouz, R-L and Becker, KJ and Christensen, PR and d’Aubigny, CY Drouet and others},
  journal={Nature Astronomy},
  volume={3},
  number={4},
  pages={341--351},
  year={2019},
  publisher={Nature Publishing Group}
}

@article{lauretta2019unexpected,
  title={The unexpected surface of asteroid (101955) Bennu},
  author={Lauretta, DS and DellaGiustina, DN and Bennett, CA and Golish, DR and Becker, KJ and Balram-Knutson, SS and Barnouin, OS and Becker, TL and Bottke, WF and Boynton, WV and others},
  journal={Nature},
  volume={568},
  number={7750},
  pages={55--60},
  year={2019},
  publisher={Nature Publishing Group}
}

@article{mcmahon2018osiris,
  title={The OSIRIS-REx radio science experiment at Bennu},
  author={McMahon, JW and Scheeres, DJ and Hesar, SG and Farnocchia, D and Chesley, S and Lauretta, D},
  journal={Space Science Reviews},
  volume={214},
  number={1},
  pages={1--41},
  year={2018},
  publisher={Springer}
}

@article{smith2018orbit,
  title={On-orbit results and lessons learned from the ASTERIA space telescope mission},
  author={Smith, Matthew and Donner, Amanda and Knapp, Mary and Pong, Christopher and Smith, Colin and Luu, Jason and Pasquale, Peter Di and Campuzano, Brian},
  year={2018}
}

@inproceedings{leonard2019osiris,
  title={OSIRIS-REx orbit determination performance during the navigation campaign},
  author={Leonard, Jason M and Geeraert, Jeroen L and Page, Brian R and French, Andrew S and Antreasian, Peter G and Adam, Coralie D and Wibben, Daniel R and Moreau, Michael C and Lauretta, Dante S},
  booktitle={2019 AAS/AIAA Astrodynamics Specialist Conference},
  pages={1--20},
  year={2019}
}

@book{michel2015asteroids,
  title={Asteroids iv},
  author={Michel, Patrick and DeMeo, Francesca E and Bottke, William F},
  year={2015},
  publisher={University of Arizona Press}
}

@article{ciarletti2015consert,
  title={CONSERT suggests a change in local properties of 67P/Churyumov-Gerasimenko’s nucleus at depth},
  author={Ciarletti, Val{\'e}rie and Levasseur-Regourd, Anny Chantal and Lasue, J{\'e}r{\'e}mie and Statz, C and Plettemeier, Dirk and H{\'e}rique, Alain and Rogez, Yves and Kofman, Wlodek},
  journal={Astronomy \& Astrophysics},
  volume={583},
  pages={A40},
  year={2015},
  publisher={EDP Sciences}
}

@article{sorsa2019bistatic,
  title={Bistatic full-wave radar tomography detects deep interior voids, cracks, and boulders in a rubble-pile asteroid model},
  author={Sorsa, Liisa-Ida and Takala, Mika and Bambach, Patrick and Deller, Jakob and Vilenius, Esa and Pursiainen, Sampsa},
  journal={The Astrophysical Journal},
  volume={872},
  number={1},
  pages={44},
  year={2019},
  publisher={IOP Publishing}
}

@inproceedings{scheeres2003asteroid,
  title={Asteroid surface science with pods},
  author={Scheeres, DJ and Asphaug, EI and Colwell, J and Dissly, R and Geissler, PE and McFadden, LA and Petr, V and Reinert, R and Yano, H},
  booktitle={Lunar and Planetary Science Conference},
  pages={1444},
  year={2003}
}

@article{plescia2017asteroid,
  title={The asteroid probe experiment (apex) mission},
  author={Plescia, Jeff and Barnouin, Olivier and Richardson, Derek and Schmerr, Nicholas and Lawrence, David and Denevi, Brett and Ernst, Carolyn and Yu, HY},
  year={2017}
}

@article{mazarico2017recovery,
  title={Recovery of Bennu’s orientation for the OSIRIS-REx mission: implications for the spin state accuracy and geolocation errors},
  author={Mazarico, Erwan and Rowlands, David D and Sabaka, Terence J and Getzandanner, Kenneth M and Rubincam, David P and Nicholas, Joseph B and Moreau, Michael C},
  journal={Journal of Geodesy},
  volume={91},
  number={10},
  pages={1141--1161},
  year={2017},
  publisher={Springer}
}

@article{scheeres2019dynamic,
  title={The dynamic geophysical environment of (101955) Bennu based on OSIRIS-REx measurements},
  author={Scheeres, DJ and McMahon, JW and French, AS and Brack, DN and Chesley, SR and Farnocchia, D and Takahashi, Y and Leonard, JM and Geeraert, J and Page, B and others},
  journal={Nature Astronomy},
  volume={3},
  number={4},
  pages={352--361},
  year={2019},
  publisher={Nature Publishing Group}
}

@article{folkner2014planetary,
  title={The planetary and lunar ephemerides DE430 and DE431},
  author={Folkner, William M and Williams, James G and Boggs, Dale H and Park, Ryan S and Kuchynka, Petr},
  journal={Interplanetary Network Progress Report},
  volume={196},
  number={1},
  year={2014}
}

@book{schutz2004statistical,
  title={Statistical orbit determination},
  author={Schutz, Bob and Tapley, Byron and Born, George H},
  year={2004},
  publisher={Elsevier}
}

@book{kaula2013theory,
  title={Theory of satellite geodesy: applications of satellites to geodesy},
  author={Kaula, William M},
  year={2013},
  publisher={Courier Corporation}
}

@book{scheeres2016orbital,
  title={Orbital motion in strongly perturbed environments: applications to asteroid, comet and planetary satellite orbiters},
  author={Scheeres, Daniel J},
  year={2016},
  publisher={Springer}
}

@article{mcmahon2020dynamical,
  title={Dynamical evolution of simulated particles ejected from asteroid Bennu},
  author={McMahon, Jay W and Scheeres, Daniel J and Chesley, Steven R and French, Andrew and Brack, Daniel and Farnocchia, Davide and Takahashi, Yu and Rozitis, Benjamin and Tricarico, Pasquale and Mazarico, Erwan and others},
  journal={Journal of Geophysical Research: Planets},
  volume={125},
  number={8},
  pages={e2019JE006229},
  year={2020},
  publisher={Wiley Online Library}
}

@inproceedings{pong2019camera,
  title={Camera modeling, centroiding performance, and geometric camera calibration on ASTERIA},
  author={Pong, Christopher M and Smith, Matthew W},
  booktitle={2019 IEEE Aerospace Conference},
  pages={1--17},
  year={2019},
  organization={IEEE}
}

@article{owen2011methods,
  title={Methods of optical navigation},
  author={Owen Jr, William M},
  year={2011},
  publisher={Pasadena, CA: Jet Propulsion Laboratory, National Aeronautics and Space~…}
}

@phdthesis{french2020precise,
  title={Precise Orbit Determination and Gravity Field Estimation During Small Body Missions},
  author={French, Andrew S},
  year={2020},
  school={University of Colorado at Boulder}
}

@inproceedings{french2020multi,
  title={Multi-arc filtering during the navigation campaign of the osiris-rex mission},
  author={French, Andrew S and Leonard, Jason M and Geeraert, Jeroen L and Page, Brian R and Antreasian, Peter G and Moreau, Michael C and McMahon, Jay W and Scheeres, Daniel J and Lauretta, Dante S},
  booktitle={AAS/AIAA Astrodynamics Specialist Conference, 2019},
  pages={3051--3068},
  year={2020},
  organization={Univelt Inc.}
}

@article{asmar2013scientific,
  title={The scientific measurement system of the Gravity Recovery and Interior Laboratory (GRAIL) mission},
  author={Asmar, Sami W and Konopliv, Alexander S and Watkins, Michael M and Williams, James G and Park, Ryan S and Kruizinga, Gerhard and Paik, Meegyeong and Yuan, Dah-Ning and Fahnestock, Eugene and Strekalov, Dmitry and others},
  journal={GRAIL: Mapping the Moon’s Interior},
  pages={25--55},
  year={2013},
  publisher={Springer}
}

@article{ely2018using,
  title={Using the deep space atomic clock for navigation and science},
  author={Ely, Todd A and Burt, Eric A and Prestage, John D and Seubert, Jill M and Tjoelker, Robert L},
  journal={IEEE transactions on ultrasonics, ferroelectrics, and frequency control},
  volume={65},
  number={6},
  pages={950--961},
  year={2018},
  publisher={IEEE}
}

@Article{Asphaug2002,
  author  = {Asphaug, E. and Ryan, E. V. and Zuber, M. T.},
  title   = {Asteroid interiors},
  journal = {Asteroids III},
  year    = {2002},
  volume  = {1},
  pages   = {463--484},
  owner   = {bhockman},
}

@Article{ScheeresBrittEtAl2015,
  author    = {Scheeres, D. J. and Britt, D. and Carry, B. and Holsapple, K. A.},
  title     = {Asteroid interiors and morphology},
  journal   = {Asteroids IV},
  volume    = {745766},
  pages     = {745--766},
  year      = {2015},
  owner     = {bhockman},
  timestamp = {2018-11-12},
}

@article{bazzocchi2016comparative,
  title={Comparative analysis of redirection methods for asteroid resource exploitation},
  author={Bazzocchi, Michael CF and Emami, M Reza},
  journal={Acta Astronautica},
  volume={120},
  pages={1--19},
  year={2016},
  publisher={Elsevier}
}

@TechReport{NRC2010,
  Title                    = {Defending Planet Earth: Near-Earth-Object Surveys and Hazard Mitigation Strategies},
  Author                   = ios_NRC,
  Institution              = pub_NAP,
  Year                     = {2010},

  Owner                    = {bhockman},
  Timestamp                = {2017-08-09}
}

@article{lauretta2017osiris,
  title={OSIRIS-REx: sample return from asteroid (101955) Bennu},
  author={Lauretta, DS and Balram-Knutson, SS and Beshore, E and Boynton, WV and Drouet d’Aubigny, C and DellaGiustina, DN and Enos, HL and Golish, DR and Hergenrother, CW and Howell, ES and others},
  journal={Space Science Reviews},
  volume={212},
  number={1},
  pages={925--984},
  year={2017},
  publisher={Springer}
}

@article{glassmeier2007rosetta,
  title={The Rosetta mission: flying towards the origin of the solar system},
  author={Glassmeier, Karl-Heinz and Boehnhardt, Hermann and Koschny, Detlef and K{\"u}hrt, Ekkehard and Richter, Ingo},
  journal={Space Science Reviews},
  volume={128},
  number={1},
  pages={1--21},
  year={2007},
  publisher={Springer}
}

@article{oh2019development,
  title={Development of the psyche mission for NASA's discovery program},
  author={Oh, David Y and Collins, Steve and Drain, Tracy and Hart, William and Imken, Travis and Larson, Kristina and Marsh, Danielle and Muthulingam, Dhack and Snyder, John Steven and Trofimov, Denis and others},
  year={2019},
  publisher={Pasadena, CA: Jet Propulsion Laboratory, National Aeronautics and Space~…}
}

@article{levison2021lucy,
  title={Lucy mission to the Trojan asteroids: Science goals},
  author={Levison, Harold F and Olkin, Catherine B and Noll, Keith S and Marchi, Simone and Bell III, James F and Bierhaus, Edward and Binzel, Richard and Bottke, William and Britt, Dan and Brown, Michael and others},
  journal={The Planetary Science Journal},
  volume={2},
  number={5},
  pages={171},
  year={2021},
  publisher={IOP Publishing}
}

@inproceedings{scheeres2020janus,
  title={Janus: A NASA SIMPLEx mission to explore two NEO Binary Asteroids},
  author={Scheeres, Daniel J and McMahon, Jay and Bierhaus, Beau and Wood, Joshua and Benner, Lance and Hartzell, Christine M and Hayne, Paul Ottinger and Jedicke, Robert and Le Corre, Lucille and Naidu, Shantanu and others},
  booktitle={AGU Fall Meeting Abstracts},
  volume={2020},
  pages={A252--01},
  year={2020}
}

@article{snodgrass2019european,
  title={The European Space Agency’s comet interceptor lies in wait},
  author={Snodgrass, Colin and Jones, Geraint H},
  journal={Nature communications},
  volume={10},
  number={1},
  pages={1--4},
  year={2019},
  publisher={Nature Publishing Group}
}

@article{gaskell2008characterizing,
  title={Characterizing and navigating small bodies with imaging data},
  author={Gaskell, RW and Barnouin-Jha, OS and Scheeres, Daniel J and Konopliv, AS and Mukai, T and Abe, S and Saito, J and Ishiguro, M and Kubota, T and Hashimoto, T and others},
  journal={Meteoritics \& Planetary Science},
  volume={43},
  number={6},
  pages={1049--1061},
  year={2008},
  publisher={Wiley Online Library}
}

@article{nesnas2019autonomy,
  title={Autonomy Workshop Small Body Design Reference Mission},
  author={Nesnas, Issa and Castillo, Julie and Swindle, Tim and Bhaskaran, Shyam and Gump, David and Maleki, Lute and McMahon, Jay and Mercer, Carolyn and Partridge, Harry and Pavone, Marco and others},
  year={2019},
  publisher={Pasadena, CA: Jet Propulsion Laboratory, National Aeronautics and Space~…}
}

@inproceedings{lorenz2017lessons,
  title={Lessons learned from OSIRIS-Rex autonomous navigation using natural feature tracking},
  author={Lorenz, David A and Olds, Ryan and May, Alexander and Mario, Courtney and Perry, Mark E and Palmer, Eric E and Daly, Michael},
  booktitle={2017 IEEE Aerospace Conference},
  pages={1--12},
  year={2017},
  organization={IEEE}
}

@inproceedings{pellacani2019hera,
  title={HERA vision based GNC and autonomy},
  author={Pellacani, A and Graziano, M and Fittock, M and Gil, J and Carnelli, I},
  booktitle={Proceedings of the 8th European Conference for Aeronautics and Space Sciences (EUCASS), Madrid, Spain},
  pages={1--4},
  year={2019}
}

@incollection{morrell2020autonomous,
  title={Autonomous feature tracking for autonomous approach to a small body},
  author={Morrell, Benjamin J and Villa, Jacopo and Bandyopadhyay, Saptarshi and Lubey, Daniel and Hockman, Benjamin and Bhaskaran, Shyam and Bayard, David and Nesnas, Issa},
  booktitle={ASCEND 2020},
  pages={4151},
  year={2020}
}

@article{nesnas2021autonomous,
  title={Autonomous Exploration of Small Bodies Toward Greater Autonomy for Deep Space Missions},
  author={Nesnas, Issa AD and Hockman, Benjamin J and Bandopadhyay, Saptarshi and Morrell, Benjamin J and Lubey, Daniel P and Villa, Jacopo and Bayard, David S and Osmundson, Alan and Jarvis, Benjamin and Bersani, Michele and others},
  journal={Frontiers in Robotics and AI},
  volume={8},
  year={2021},
  publisher={Frontiers Media SA}
}

@inproceedings{dor2021visual,
  title={Visual SLAM for Asteroid Relative Navigation},
  author={Dor, Mehregan and Skinner, Katherine A and Driver, Travis and Tsiotras, Panagiotis},
  booktitle={Proceedings of the IEEE/CVF Conference on Computer Vision and Pattern Recognition},
  pages={2066--2075},
  year={2021}
}

@article{bay2008speeded,
  title={Speeded-up robust features (SURF)},
  author={Bay, Herbert and Ess, Andreas and Tuytelaars, Tinne and Van Gool, Luc},
  journal={Computer vision and image understanding},
  volume={110},
  number={3},
  pages={346--359},
  year={2008},
  publisher={Elsevier}
}

@article{bos2018touch,
  title={Touch And Go Camera System (TAGCAMS) for the OSIRIS-REx asteroid sample return mission},
  author={Bos, BJ and Ravine, MA and Caplinger, M and Schaffner, JA and Ladewig, JV and Olds, RD and Norman, CD and Huish, D and Hughes, M and Anderson, SK and others},
  journal={Space Science Reviews},
  volume={214},
  number={1},
  pages={1--23},
  year={2018},
  publisher={Springer}
}

@article{rizk2018ocams,
  title={OCAMS: the OSIRIS-REx camera suite},
  author={Rizk, B and Drouet d’Aubigny, C and Golish, D and Fellows, C and Merrill, C and Smith, Peter and Walker, MS and Hendershot, JE and Hancock, J and Bailey, SH and others},
  journal={Space Science Reviews},
  volume={214},
  number={1},
  pages={1--55},
  year={2018},
  publisher={Springer}
}

@article{acton1996ancillary,
  title={Ancillary data services of NASA's navigation and ancillary information facility},
  author={Acton Jr, Charles H},
  journal={Planetary and Space Science},
  volume={44},
  number={1},
  pages={65--70},
  year={1996},
  publisher={Elsevier}
}

@inproceedings{alcantarilla2012kaze,
  title={KAZE features},
  author={Alcantarilla, Pablo Fern{\'a}ndez and Bartoli, Adrien and Davison, Andrew J},
  booktitle={European conference on computer vision},
  pages={214--227},
  year={2012},
  organization={Springer}
}

@article{lindeberg2012scale,
  title={Scale invariant feature transform},
  author={Lindeberg, Tony},
  year={2012}
}

@inproceedings{subbarao2006beyond,
  title={Beyond RANSAC: user independent robust regression},
  author={Subbarao, Raghav and Meer, Peter},
  booktitle={2006 Conference on Computer Vision and Pattern Recognition Workshop (CVPRW'06)},
  pages={101--101},
  year={2006},
  organization={IEEE}
}

@book{hartley2003multiple,
  title={Multiple view geometry in computer vision},
  author={Hartley, Richard and Zisserman, Andrew},
  year={2003},
  publisher={Cambridge university press}
}

@inproceedings{pugliatti2021board,
  title={On-Board Small-Body Semantic Segmentation Based on Morphological Features with U-Net},
  author={Pugliatti, Mattia and Maestrini, Michele and Di Lizia, Pierluigi and Topputo, Francesco},
  booktitle={31st AAS/AIAA Space Flight Mechanics Meeting},
  pages={1--20},
  year={2021}
}

@inproceedings{downes2020deep,
  title={Deep learning crater detection for lunar terrain relative navigation},
  author={Downes, Lena and Steiner, Ted J and How, Jonathan P},
  booktitle={AIAA SciTech 2020 Forum},
  pages={1838},
  year={2020}
}

@inproceedings{tomasi1998bilateral,
  title={Bilateral filtering for gray and color images},
  author={Tomasi, Carlo and Manduchi, Roberto},
  booktitle={Sixth international conference on computer vision (IEEE Cat. No. 98CH36271)},
  pages={839--846},
  year={1998},
  organization={IEEE}
}

@article{tomasi1991detection,
  title={Detection and tracking of point},
  author={Tomasi, Carlo and Kanade, Takeo},
  journal={Int J Comput Vis},
  volume={9},
  pages={137--154},
  year={1991}
}

@inproceedings{lucas1981iterative,
  title={An iterative image registration technique with an application to stereo vision},
  author={Lucas, Bruce D and Kanade, Takeo and others},
  year={1981},
  organization={Vancouver}
}

@article{hirschmuller2007stereo,
  title={Stereo processing by semiglobal matching and mutual information},
  author={Hirschmuller, Heiko},
  journal={IEEE Transactions on pattern analysis and machine intelligence},
  volume={30},
  number={2},
  pages={328--341},
  year={2007},
  publisher={IEEE}
}

@inproceedings{poliarnyi2021out,
  title={Out-of-Core Surface Reconstruction via Global TGV Minimization},
  author={Poliarnyi, Nikolai},
  booktitle={Proceedings of the IEEE/CVF International Conference on Computer Vision},
  pages={5641--5650},
  year={2021}
}

@inproceedings{aspert2002mesh,
  title={Mesh: Measuring errors between surfaces using the hausdorff distance},
  author={Aspert, Nicolas and Santa-Cruz, Diego and Ebrahimi, Touradj},
  booktitle={Proceedings. IEEE international conference on multimedia and expo},
  volume={1},
  pages={705--708},
  year={2002},
  organization={IEEE}
}

@article{peterson2009k,
  title={K-nearest neighbor},
  author={Peterson, Leif E},
  journal={Scholarpedia},
  volume={4},
  number={2},
  pages={1883},
  year={2009}
}

@inproceedings{villa2020optical,
  title={Optical navigation for autonomous approach of small unknown bodies},
  author={Villa, Jacopo and Bandyopadhyay, Saptarshi and Morrell, Benjamin and Hockman, Benjamin and Lubey, Daniel and Harvard, Alexei and Chung, Soon-Jo and Bhaskaran, Shyam and Nesnas, Issa A},
  booktitle={2020 AAS Guidance, Navigation and Control Conference},
  year={2020},
  organization={AAS}
}

@inproceedings{villa2022spg,
  title={Autonomous Navigation and Dense Shape Reconstruction using Stereophotogrammetry at Small Celestial Bodies},
  author={Villa, Jacopo and McMahon, Jay and Hockman, Benjamin and Nesnas, Issa A},
  booktitle={2022 AAS Guidance, Navigation and Control Conference},
  year={2022},
  organization={AAS}
}

@inproceedings{huertas2006passive,
  title={Passive imaging based multi-cue hazard detection for spacecraft safe landing},
  author={Huertas, Andres and Cheng, Yang and Madison, Richard},
  booktitle={2006 ieee aerospace conference},
  pages={14--pp},
  year={2006},
  organization={IEEE}
}

@article{hockman2022autonomous,
  title={(In preparation) Autonomous Mapping, Hazard Assessment, and Landing on Small Bodies},
  author={Hockman, Benjamin and Morrell, Benjamin and Jarvis, Benjamin and Lubey, Daniel and Villa, Jacopo and Bhaskaran, Shyam and Bayard, David and Bandyopadhyay, Saptarshi and Nesnas, Issa A.},
  journal={Frontiers},
  year={2022}
}

@article{hapke2002bidirectional,
  title={Bidirectional reflectance spectroscopy: 5. The coherent backscatter opposition effect and anisotropic scattering},
  author={Hapke, Bruce},
  journal={Icarus},
  volume={157},
  number={2},
  pages={523--534},
  year={2002},
  publisher={Elsevier}
}

@techreport{arthur2006k,
  title={k-means++: The advantages of careful seeding},
  author={Arthur, David and Vassilvitskii, Sergei},
  year={2006},
  institution={Stanford}
}

@book{kong1996topological,
  title={Topological algorithms for digital image processing},
  author={Kong, T Yung and Rosenfeld, Azriel},
  year={1996},
  publisher={Elsevier}
}

@article{cheng2003optical,
  title={Optical landmark detection for spacecraft navigation},
  author={Cheng, Yang and Johnson, Andrew E and Matthies, Larry H and Olson, Clark F},
  year={2003}
}

@inproceedings{bay2006surf,
  title={Surf: Speeded up robust features},
  author={Bay, Herbert and Tuytelaars, Tinne and Gool, Luc Van},
  booktitle={European conference on computer vision},
  pages={404--417},
  year={2006},
  organization={Springer}
}

@inproceedings{shi1994good,
  title={Good features to track},
  author={Shi, Jianbo and others},
  booktitle={1994 Proceedings of IEEE conference on computer vision and pattern recognition},
  pages={593--600},
  year={1994},
  organization={IEEE}
}

@inproceedings{hoppe1992surface,
  title={Surface reconstruction from unorganized points},
  author={Hoppe, Hugues and DeRose, Tony and Duchamp, Tom and McDonald, John and Stuetzle, Werner},
  booktitle={Proceedings of the 19th annual conference on computer graphics and interactive techniques},
  pages={71--78},
  year={1992}
}

@article{torr2000mlesac,
  title={MLESAC: A new robust estimator with application to estimating image geometry},
  author={Torr, Philip HS and Zisserman, Andrew},
  journal={Computer vision and image understanding},
  volume={78},
  number={1},
  pages={138--156},
  year={2000},
  publisher={Elsevier}
}

@article{perlin1985image,
  title={An image synthesizer},
  author={Perlin, Ken},
  journal={ACM Siggraph Computer Graphics},
  volume={19},
  number={3},
  pages={287--296},
  year={1985},
  publisher={ACM New York, NY, USA}
}

@inproceedings{worley1996cellular,
  title={A cellular texture basis function},
  author={Worley, Steven},
  booktitle={Proceedings of the 23rd annual conference on Computer graphics and interactive techniques},
  pages={291--294},
  year={1996}
}

@article{immel1986radiosity,
  title={A radiosity method for non-diffuse environments},
  author={Immel, David S and Cohen, Michael F and Greenberg, Donald P},
  journal={Acm Siggraph Computer Graphics},
  volume={20},
  number={4},
  pages={133--142},
  year={1986},
  publisher={ACM New York, NY, USA}
}

@inproceedings{kajiya1986rendering,
  title={The rendering equation},
  author={Kajiya, James T},
  booktitle={Proceedings of the 13th annual conference on Computer graphics and interactive techniques},
  pages={143--150},
  year={1986}
}

@article{seeliger1884photometrie,
  title={Zur photometrie des saturnringes},
  author={Seeliger, H},
  journal={Astronomische Nachrichten},
  volume={109},
  pages={305},
  year={1884}
}

@book{foley1996computer,
  title={Computer graphics: principles and practice},
  author={Foley, James D},
  volume={12110},
  year={1996},
  publisher={Addison-Wesley Professional}
}

@book{pharr2016physically,
  title={Physically based rendering: From theory to implementation},
  author={Pharr, Matt and Jakob, Wenzel and Humphreys, Greg},
  year={2016},
  publisher={Morgan Kaufmann}
}

@book{hapke2012theory,
  title={Theory of reflectance and emittance spectroscopy},
  author={Hapke, Bruce},
  year={2012},
  publisher={Cambridge university press}
}

@inproceedings{oren1994generalization,
  title={Generalization of Lambert's reflectance model},
  author={Oren, Michael and Nayar, Shree K},
  booktitle={Proceedings of the 21st annual conference on Computer graphics and interactive techniques},
  pages={239--246},
  year={1994}
}

@article{cook1987reyes,
  title={The Reyes image rendering architecture},
  author={Cook, Robert L and Carpenter, Loren and Catmull, Edwin},
  journal={ACM SIGGRAPH Computer Graphics},
  volume={21},
  number={4},
  pages={95--102},
  year={1987},
  publisher={ACM New York, NY, USA}
}

@article{lauretta2017osiris,
  title={OSIRIS-REx: sample return from asteroid (101955) Bennu},
  author={Lauretta, DS and Balram-Knutson, SS and Beshore, E and Boynton, WV and Drouet d’Aubigny, C and DellaGiustina, DN and Enos, HL and Golish, DR and Hergenrother, CW and Howell, ES and others},
  journal={Space Science Reviews},
  volume={212},
  pages={925--984},
  year={2017},
  publisher={Springer}
}

@book{hartley2003multiple,
  title={Multiple view geometry in computer vision},
  author={Hartley, Richard and Zisserman, Andrew},
  year={2003},
  publisher={Cambridge university press}
}

@inproceedings{censi2007accurate,
  title={An accurate closed-form estimate of ICP's covariance},
  author={Censi, Andrea},
  booktitle={Proceedings 2007 IEEE international conference on robotics and automation},
  pages={3167--3172},
  year={2007},
  organization={IEEE}
}

@article{brossard2020new,
  title={A new approach to 3D ICP covariance estimation},
  author={Brossard, Martin and Bonnabel, Silvere and Barrau, Axel},
  journal={IEEE Robotics and Automation Letters},
  volume={5},
  number={2},
  pages={744--751},
  year={2020},
  publisher={IEEE}
}

@article{watanabe2017hayabusa2,
  title={Hayabusa2 mission overview},
  author={Watanabe, Sei-ichiro and Tsuda, Yuichi and Yoshikawa, Makoto and Tanaka, Satoshi and Saiki, Takanao and Nakazawa, Satoru},
  journal={Space Science Reviews},
  volume={208},
  pages={3--16},
  year={2017},
  publisher={Springer}
}

@inproceedings{segal2009generalized,
  title={Generalized-icp.},
  author={Segal, Aleksandr and Haehnel, Dirk and Thrun, Sebastian},
  booktitle={Robotics: science and systems},
  volume={2},
  number={4},
  pages={435},
  year={2009},
  organization={Seattle, WA}
}

@article{rivkin2021double,
  title={The double asteroid redirection test (DART): Planetary defense investigations and requirements},
  author={Rivkin, Andrew S and Chabot, Nancy L and Stickle, Angela M and Thomas, Cristina A and Richardson, Derek C and Barnouin, Olivier and Fahnestock, Eugene G and Ernst, Carolyn M and Cheng, Andrew F and Chesley, Steven and others},
  journal={The Planetary Science Journal},
  volume={2},
  number={5},
  pages={173},
  year={2021},
  publisher={IOP Publishing}
}

@inproceedings{jones2019comet,
  title={Comet Interceptor: A proposed ESA Mission to a Dynamically New Comet.},
  author={Jones, Geraint and Snodgrass, Colin},
  booktitle={Geophysical Research Abstracts},
  volume={21},
  year={2019}
}

@article{lorenz2018dragonfly,
  title={Dragonfly: A rotorcraft lander concept for scientific exploration at Titan},
  author={Lorenz, Ralph D and Turtle, Elizabeth P and Barnes, Jason W and Trainer, Melissa G and Adams, Douglas S and Hibbard, Kenneth E and Sheldon, Colin Z and Zacny, Kris and Peplowski, Patrick N and Lawrence, David J and others},
  journal={Johns Hopkins APL Technical Digest},
  volume={34},
  number={3},
  pages={14},
  year={2018}
}

@article{norman2022autonomous,
  title={Autonomous Navigation Performance Using Natural Feature Tracking during the OSIRIS-REx Touch-and-Go Sample Collection Event},
  author={Norman, CD and Miller, CJ and Olds, RD and Mario, CE and Palmer, EE and Barnouin, OS and Daly, MG and Weirich, JR and Seabrook, JA and Bennett, CA and others},
  journal={The Planetary Science Journal},
  volume={3},
  number={5},
  pages={101},
  year={2022},
  publisher={IOP Publishing}
}

@inproceedings{johnson2022mars,
  title={Mars 2020 Lander Vision System Flight Performance},
  author={Johnson, Andrew E and Aaron, Seth B and Ansari, Homayoon and Bergh, Charles and Bourdu, Helene and Butler, Jim and Chang, Johnny and Cheng, Richard and Cheng, Yang and Clark, Kenneth and others},
  booktitle={AIAA SciTech 2022 Forum},
  pages={1214},
  year={2022}
}

@inproceedings{martin2019planetary,
  title={Planetary surface image generation for testing future space missions with pangu},
  author={Martin, Iain and Dunstan, Martin and Gestido, Manuel Sanchez},
  booktitle={2nd RPI Space Imaging Workshop},
  year={2019},
  organization={Sensing, Estimation, and Automation Laboratory}
}

@article{lebreton2021image,
  title={Image simulation for space applications with the SurRender software},
  author={Lebreton, J{\'e}r{\'e}my and Brochard, Roland and Baudry, Matthieu and Jonniaux, Gr{\'e}gory and Salah, Adrien Hadj and Kanani, Keyvan and Goff, Matthieu Le and Masson, Aurore and Ollagnier, Nicolas and Panicucci, Paolo and others},
  journal={arXiv preprint arXiv:2106.11322},
  year={2021}
}

@inproceedings{aiazzi2022iris,
  title={IRIS: High-fidelity Perception Sensor Modeling for Closed-Loop Planetary Simulations},
  author={Aiazzi, Carolina and Jain, Abhinandan and Gaut, Aaron and Young, Aaron and Elmquist, Asher},
  booktitle={AIAA SCITECH 2022 Forum},
  pages={1433},
  year={2022}
}

@article{pajusalu2022sispo,
  title={SISPO: space imaging simulator for proximity operations},
  author={Pajusalu, Mihkel and Iakubivskyi, Iaroslav and Schwarzkopf, Gabriel J{\"o}rg and Knuuttila, Olli and V{\"a}is{\"a}nen, Timo and B{\"u}hrer, Maximilian and Palos, Mario F and Teras, Hans and Le Bonhomme, Guillaume and Praks, Jaan and others},
  journal={PloS one},
  volume={17},
  number={3},
  pages={e0263882},
  year={2022},
  publisher={Public Library of Science San Francisco, CA USA}
}

@article{muinonen2015asteroid,
  title={Asteroid lightcurve inversion with Lommel--Seeliger ellipsoids},
  author={Muinonen, Karri and Wilkman, Olli and Cellino, Alberto and Wang, Xiaobin and Wang, Yibo},
  journal={Planetary and Space Science},
  volume={118},
  pages={227--241},
  year={2015},
  publisher={Elsevier}
}

@phdthesis{kuzminykh2021physically,
  title={Physically Based Real-Time Rendering of the Moon},
  author={Kuzminykh, Alexander},
  year={2021},
  school={Hochschule Hannover}
}

@incollection{gritz2010open,
  title={Open shading language},
  author={Gritz, Larry and Stein, Clifford and Kulla, Chris and Conty, Alejandro},
  booktitle={ACM SIGGRAPH 2010 Talks},
  pages={1--1},
  year={2010}
}

@article{preusker2017global,
  title={The global meter-level shape model of comet 67P/Churyumov-Gerasimenko},
  author={Preusker, Frank and Scholten, Frank and Matz, K-D and Roatsch, Thomas and Hviid, SF and Mottola, Stefano and Knollenberg, J{\"o}rg and K{\"u}hrt, Ekkehard and Pajola, Maurizio and Oklay, Nilda and others},
  journal={Astronomy \& Astrophysics},
  volume={607},
  pages={L1},
  year={2017},
  publisher={EDP Sciences}
}

@article{davidsson2022albedo,
  title={Albedo variegation on Comet 67P/Churyumov--Gerasimenko},
  author={Davidsson, Bj{\"o}rn JR and Buratti, Bonnie J and Hicks, Michael D},
  journal={Monthly Notices of the Royal Astronomical Society},
  volume={516},
  number={4},
  pages={5125--5142},
  year={2022},
  publisher={Oxford University Press}
}

@book{castleman1996digital,
  title={Digital image processing},
  author={Castleman, Kenneth R},
  year={1996},
  publisher={Prentice Hall Press}
}

@article{otsu1979threshold,
  title={A threshold selection method from gray-level histograms},
  author={Otsu, Nobuyuki},
  journal={IEEE transactions on systems, man, and cybernetics},
  volume={9},
  number={1},
  pages={62--66},
  year={1979},
  publisher={IEEE}
}

@article{sato2014resolved,
  title={Resolved Hapke parameter maps of the Moon},
  author={Sato, H and Robinson, MS and Hapke, B and Denevi, BW and Boyd, AK},
  journal={Journal of Geophysical Research: Planets},
  volume={119},
  number={8},
  pages={1775--1805},
  year={2014},
  publisher={Wiley Online Library}
}

@article{pugliatti2022doors,
  title={DOORS: Dataset fOr bOuldeRs Segmentation. statistical properties and blender setup},
  author={Pugliatti, Mattia and Topputo, Francesco},
  journal={arXiv preprint arXiv:2210.16253},
  year={2022}
}

@book{michel2015asteroids,
  title={Asteroids iv},
  author={Michel, Patrick and DeMeo, Francesca E and Bottke, William F},
  year={2015},
  publisher={University of Arizona Press}
}

@book{festou2004comets,
  title={Comets II},
  author={Festou, Michel and Keller, H Uwe and Weaver, Harold A},
  year={2004},
  publisher={University of Arizona Press}
}

@article{piani2020earth,
  title={Earth’s water may have been inherited from material similar to enstatite chondrite meteorites},
  author={Piani, Laurette and Marrocchi, Yves and Rigaudier, Thomas and Vacher, Lionel G and Thomassin, Dorian and Marty, Bernard},
  journal={Science},
  volume={369},
  number={6507},
  pages={1110--1113},
  year={2020},
  publisher={American Association for the Advancement of Science}
}

@article{thomas2006comets,
  title={Comets and the Origin and Evolution of Life},
  author={Thomas, Paul J and Hicks, Roland D and Chyba, Christopher F and McKay, Christopher P},
  year={2006},
  publisher={Springer Science \& Business Media}
}

@inproceedings{zacny2013asteroid,
  title={Asteroid mining},
  author={Zacny, Kris and Cohen, Marc M and James, Warren W and Hilscher, Brent},
  booktitle={AIAA Space 2013 Conference and Exposition},
  pages={5304},
  year={2013}
}

@inproceedings{zacny2012mobile,
  title={Mobile in-situ water extractor (MISWE) for Mars, Moon, and Asteroids in situ resource utilization},
  author={Zacny, Kris and Chu, Phil and Paulsen, Gale and Avanesyan, Arshak and Craft, Jack and Osborne, Lars},
  booktitle={AIAA SPACE 2012 Conference \& Exposition},
  pages={5168},
  year={2012}
}

@incollection{grandl2023asteroid,
  title={Asteroid Habitats—Living Inside a Hollow Celestial Body},
  author={Grandl, Werner and B{\"o}ck, Clemens},
  booktitle={Handbook of Space Resources},
  pages={763--785},
  year={2023},
  publisher={Springer}
}

@article{rivkin2021double,
  title={The Double Asteroid Redirection Test (DART): planetary defense investigations and requirements},
  author={Rivkin, Andrew S and Chabot, Nancy L and Stickle, Angela M and Thomas, Cristina A and Richardson, Derek C and Barnouin, Olivier and Fahnestock, Eugene G and Ernst, Carolyn M and Cheng, Andrew F and Chesley, Steven and others},
  journal={The Planetary Science Journal},
  volume={2},
  number={5},
  pages={173},
  year={2021},
  publisher={IOP Publishing}
}

@article{nesnas2021autonomous,
  title={Autonomous exploration of small bodies toward greater autonomy for deep space missions},
  author={Nesnas, Issa AD and Hockman, Benjamin J and Bandopadhyay, Saptarshi and Morrell, Benjamin J and Lubey, Daniel P and Villa, Jacopo and Bayard, David S and Osmundson, Alan and Jarvis, Benjamin and Bersani, Michele and others},
  journal={Frontiers in Robotics and AI},
  volume={8},
  pages={650885},
  year={2021},
  publisher={Frontiers}
}

@inproceedings{swindle2019design,
  title={Design Reference Missions (DRMs) for Advancing Autonomy in Exploration of Small Bodies},
  author={Swindle, Timothy D and Nesnas, Issa A and Castillo-Rogez, Julie C},
  booktitle={AGU Fall Meeting Abstracts},
  volume={2019},
  pages={IN34A--08},
  year={2019}
}

@article{cheng2023momentum,
  title={Momentum transfer from the DART mission kinetic impact on asteroid Dimorphos},
  author={Cheng, Andrew F and Agrusa, Harrison F and Barbee, Brent W and Meyer, Alex J and Farnham, Tony L and Raducan, Sabina D and Richardson, Derek C and Dotto, Elisabetta and Zinzi, Angelo and Della Corte, Vincenzo and others},
  journal={Nature},
  volume={616},
  number={7957},
  pages={457--460},
  year={2023},
  publisher={Nature Publishing Group UK London}
}

@article{snodgrass2019european,
  title={The European Space Agency’s comet interceptor lies in wait},
  author={Snodgrass, Colin and Jones, Geraint H},
  journal={Nature communications},
  volume={10},
  number={1},
  pages={5418},
  year={2019},
  publisher={Nature Publishing Group UK London}
}

@article{oh2019development,
  title={Development of the Psyche mission for NASA's discovery program},
  author={Oh, David Y and Collins, Steve and Drain, Tracy and Hart, William and Imken, Travis and Larson, Kristina and Marsh, Danielle and Muthulingam, Dhack and Snyder, John Steven and Trofimov, Denis and others},
  year={2019},
  publisher={Pasadena, CA: Jet Propulsion Laboratory, National Aeronautics and Space~…}
}

@book{schutz2004statistical,
  title={Statistical orbit determination},
  author={Schutz, Bob and Tapley, Byron and Born, George H},
  year={2004},
  publisher={Elsevier}
}

@article{kalman1960new,
  title={A new approach to linear filtering and prediction problems},
  author={Kalman, Rudolph Emil},
  year={1960}
}

@article{duxbury1974viewing,
  title={Viewing phobos and deimos for navigating mariner 9},
  author={Duxbury, T Cꎬ and Born, GH and Jerath, N},
  journal={Journal of spacecraft and Rockets},
  volume={11},
  number={4},
  pages={215--222},
  year={1974}
}

@article{henry2023absolute,
  title={Absolute triangulation algorithms for space exploration},
  author={Henry, S{\'e}bastien and Christian, John A},
  journal={Journal of Guidance, Control, and Dynamics},
  volume={46},
  number={1},
  pages={21--46},
  year={2023},
  publisher={American Institute of Aeronautics and Astronautics}
}

@techreport{owen2011methods,
  title={Methods of optical navigation},
  author={Owen Jr, William M},
  year={2011}
}

@book{markley2014fundamentals,
  title={Fundamentals of spacecraft attitude determination and control},
  author={Markley, F Landis and Crassidis, John L},
  volume={1286},
  year={2014},
  publisher={Springer}
}

@article{christian2021tutorial,
  title={A tutorial on horizon-based optical navigation and attitude determination with space imaging systems},
  author={Christian, John A},
  journal={IEEE Access},
  volume={9},
  pages={19819--19853},
  year={2021},
  publisher={IEEE}
}

@article{zucchellitowards,
  title={TOWARDS LIMB-BASED AUTONOMOUS NAVIGATION AND MAPPING OF PRIMITIVE BODIES},
  author={Zucchelli, Enrico M and Lifset, Noah and Jones, Brandon A and Russell, Ryan P and Bhaskaran, Shyam}
}

@article{takahashi2021autonomous,
  title={Autonomous exploration of a small near-earth asteroid},
  author={Takahashi, Shota and Scheeres, Daniel J},
  journal={Journal of Guidance, Control, and Dynamics},
  volume={44},
  number={4},
  pages={701--718},
  year={2021},
  publisher={American Institute of Aeronautics and Astronautics}
}

@inproceedings{baker2022shape,
  title={Shape and Pole Estimation for Small-Bodies on Approach},
  author={Baker, Dahlia and McMahon, Jay W},
  booktitle={AIAA SCITECH 2022 Forum},
  pages={2382},
  year={2022}
}

@article{panicucci2023shadow,
  title={Shadow-Robust Silhouette Reconstruction for Small-Body Applications},
  author={Panicucci, Paolo and Lebreton, J{\'e}r{\'e}my and Brochard, Roland and Zenou, Emmanuel and Delpech, Michel},
  journal={Journal of Spacecraft and Rockets},
  volume={60},
  number={3},
  pages={812--828},
  year={2023},
  publisher={American Institute of Aeronautics and Astronautics}
}

@inproceedings{bandyopadhyay2021light,
  title={Light-robust pole-from-silhouette algorithm and visual-hull estimation for autonomous optical navigation to an unknown small body},
  author={Bandyopadhyay, Saptarshi and Villa, Jacopo and Osmundson, Alan and Hockman, Benjamin and Morrell, Benjamin and Lubey, Daniel and Bhaskaran, Shyam and Bayard, David and McMahon, Jay and Nesnas, Issa A},
  booktitle={Proc. 31st AAS/AIAA Space Flight Mechanics Meeting},
  pages={1--13},
  year={2021}
}

@article{johnson2017lander,
  title={The lander vision system for mars 2020 entry descent and landing},
  author={Johnson, Andrew and Aaron, Seth and Chang, Johnny and Cheng, Yang and Montgomery, James and Mohan, Swati and Schroeder, Steven and Tweddle, Brent and Trawny, Nikolas and Zheng, Jason},
  journal={Guidance, Navigation, and Control 2017},
  volume={159},
  number={JPL-CL-CL\# 17-0445},
  year={2017},
  publisher={American Astronautical Society}
}

@article{cheng2021making,
  title={Making an onboard reference map From MRO/CTX imagery for Mars 2020 lander vision system},
  author={Cheng, Yang and Ansar, Adnan and Johnson, Andrew},
  journal={Earth and Space Science},
  volume={8},
  number={8},
  pages={e2020EA001560},
  year={2021},
  publisher={Wiley Online Library}
}

@article{nolan2013shape,
  title={Shape model and surface properties of the OSIRIS-REx target Asteroid (101955) Bennu from radar and lightcurve observations},
  author={Nolan, Michael C and Magri, Christopher and Howell, Ellen S and Benner, Lance AM and Giorgini, Jon D and Hergenrother, Carl W and Hudson, R Scott and Lauretta, Dante S and Margot, Jean-Luc and Ostro, Steven J and others},
  journal={Icarus},
  volume={226},
  number={1},
  pages={629--640},
  year={2013},
  publisher={Elsevier}
}

@book{scheeres2016orbital,
  title={Orbital motion in strongly perturbed environments: applications to asteroid, comet and planetary satellite orbiters},
  author={Scheeres, Daniel J},
  year={2016},
  publisher={Springer}
}

@article{mcmahon2020dynamical,
  title={Dynamical evolution of simulated particles ejected from asteroid Bennu},
  author={McMahon, Jay W and Scheeres, Daniel J and Chesley, Steven R and French, Andrew and Brack, Daniel and Farnocchia, Davide and Takahashi, Yu and Rozitis, Benjamin and Tricarico, Pasquale and Mazarico, Erwan and others},
  journal={Journal of Geophysical Research: Planets},
  volume={125},
  number={8},
  pages={e2019JE006229},
  year={2020},
  publisher={Wiley Online Library}
}

@article{myronenko2010point,
  title={Point set registration: Coherent point drift},
  author={Myronenko, Andriy and Song, Xubo},
  journal={IEEE transactions on pattern analysis and machine intelligence},
  volume={32},
  number={12},
  pages={2262--2275},
  year={2010},
  publisher={IEEE}
}

@article{thomas2015morphological,
  title={The morphological diversity of comet 67P/Churyumov-Gerasimenko},
  author={Thomas, Nicolas and Sierks, Holger and Barbieri, Cesare and Lamy, Philippe L and Rodrigo, Rafael and Rickman, Hans and Koschny, Detlef and Keller, Horst Uwe and Agarwal, Jessica and A'Hearn, Michael F and others},
  journal={Science},
  volume={347},
  number={6220},
  pages={aaa0440},
  year={2015},
  publisher={American Association for the Advancement of Science}
}

@book{brigham1988fast,
  title={The fast Fourier transform and its applications},
  author={Brigham, E Oran},
  year={1988},
  publisher={Prentice-Hall, Inc.}
}

@inproceedings{farneback2003two,
  title={Two-frame motion estimation based on polynomial expansion},
  author={Farneb{\"a}ck, Gunnar},
  booktitle={Image Analysis: 13th Scandinavian Conference, SCIA 2003 Halmstad, Sweden, June 29--July 2, 2003 Proceedings 13},
  pages={363--370},
  year={2003},
  organization={Springer}
}

@book{castleman1996digital,
  title={Digital image processing},
  author={Castleman, Kenneth R},
  year={1996},
  publisher={Prentice Hall Press}
}

@article{panicucci2023vision,
  title={Vision-based estimation of small body rotational state},
  author={Panicucci, Paolo and Lebreton, J{\'e}r{\'e}my and Brochard, Roland and Zenou, Emmanuel and Delpech, Michel},
  journal={Acta Astronautica},
  volume={213},
  pages={177--196},
  year={2023},
  publisher={Elsevier}
}

@article{kaasalainen2001optimization,
  title={Optimization methods for asteroid lightcurve inversion: II. The complete inverse problem},
  author={Kaasalainen, Mikko and Torppa, Johanna and Muinonen, Karri},
  journal={Icarus},
  volume={153},
  number={1},
  pages={37--51},
  year={2001},
  publisher={Elsevier}
}

@article{preusker2017global,
  title={The global meter-level shape model of comet 67P/Churyumov-Gerasimenko},
  author={Preusker, Frank and Scholten, Frank and Matz, K-D and Roatsch, Thomas and Hviid, SF and Mottola, Stefano and Knollenberg, J{\"o}rg and K{\"u}hrt, Ekkehard and Pajola, Maurizio and Oklay, Nilda and others},
  journal={Astronomy \& Astrophysics},
  volume={607},
  pages={L1},
  year={2017},
  publisher={EDP Sciences}
}

@book{hapke2012theory,
  title={Theory of reflectance and emittance spectroscopy},
  author={Hapke, Bruce},
  year={2012},
  publisher={Cambridge university press}
}

@article{sato2014resolved,
  title={Resolved Hapke parameter maps of the Moon},
  author={Sato, H and Robinson, MS and Hapke, B and Denevi, BW and Boyd, AK},
  journal={Journal of Geophysical Research: Planets},
  volume={119},
  number={8},
  pages={1775--1805},
  year={2014},
  publisher={Wiley Online Library}
}

@article{lauretta2017osiris,
  title={OSIRIS-REx: sample return from asteroid (101955) Bennu},
  author={Lauretta, DS and Balram-Knutson, SS and Beshore, E and Boynton, WV and Drouet d’Aubigny, C and DellaGiustina, DN and Enos, HL and Golish, DR and Hergenrother, CW and Howell, ES and others},
  journal={Space Science Reviews},
  volume={212},
  pages={925--984},
  year={2017},
  publisher={Springer}
}

@article{gaskell2008characterizing,
  title={Characterizing and navigating small bodies with imaging data},
  author={Gaskell, RW and Barnouin-Jha, OS and Scheeres, Daniel J and Konopliv, AS and Mukai, T and Abe, Shinsuke and Saito, J and Ishiguro, M and Kubota, Takashi and Hashimoto, T and others},
  journal={Meteoritics \& Planetary Science},
  volume={43},
  number={6},
  pages={1049--1061},
  year={2008},
  publisher={Wiley Online Library}
}

@book{wolf2014elements,
  title={Elements of Photogrammetry with Applications in GIS},
  author={Wolf, Paul R and Dewitt, Bon A and Wilkinson, Benjamin E},
  year={2014},
  publisher={McGraw-Hill Education}
}

@book{hartley2003multiple,
  title={Multiple view geometry in computer vision},
  author={Hartley, Richard and Zisserman, Andrew},
  year={2003},
  publisher={Cambridge university press}
}

@article{gaskell2023stereophotoclinometry,
  title={Stereophotoclinometry on the OSIRIS-REx Mission: mathematics and Methods},
  author={Gaskell, RW and Barnouin, OS and Daly, MG and Palmer, EE and Weirich, JR and Ernst, CM and Daly, RT and Lauretta, DS},
  journal={The Planetary Science Journal},
  volume={4},
  number={4},
  pages={63},
  year={2023},
  publisher={IOP Publishing}
}

@incollection{bhaskaran2012autonomous,
  title={Autonomous navigation for deep space missions},
  author={Bhaskaran, Shyam},
  booktitle={SpaceOps 2012},
  pages={1267135},
  year={2012}
}

@inproceedings{jensenius2023smart,
    author = {Jensenius, Mark A.},
    title = {SMART Nav Guidance: Ensuring Asteroid Impact for the DART Mission},
    booktitle = {AAS Guidance, Navigation, and Control COnference},
    year = {2023}
}

@inproceedings{lorenz2017lessons,
  title={Lessons learned from OSIRIS-REx autonomous navigation using natural feature tracking},
  author={Lorenz, David A and Olds, Ryan and May, Alexander and Mario, Courtney and Perry, Mark E and Palmer, Eric E and Daly, Michael},
  booktitle={2017 IEEE Aerospace Conference},
  pages={1--12},
  year={2017},
  organization={IEEE}
}

@article{norman2022autonomous,
  title={Autonomous navigation performance using natural feature tracking during the OSIRIS-REx Touch-And-Go sample collection event},
  author={Norman, CD and Miller, CJ and Olds, RD and Mario, CE and Palmer, EE and Barnouin, OS and Daly, MG and Weirich, JR and Seabrook, JA and Bennett, CA and others},
  journal={The Planetary Science Journal},
  volume={3},
  number={5},
  pages={101},
  year={2022},
  publisher={IOP Publishing}
}

@inproceedings{tareen2018comparative,
  title={A comparative analysis of sift, surf, kaze, akaze, orb, and brisk},
  author={Tareen, Shaharyar Ahmed Khan and Saleem, Zahra},
  booktitle={2018 International conference on computing, mathematics and engineering technologies (iCoMET)},
  pages={1--10},
  year={2018},
  organization={IEEE}
}

@misc{villa2022autonomous,
  title={Autonomous navigation and dense shape reconstruction using stereophotogrammetry at small celestial bodies},
  author={Villa, Jacopo and McMahon, Jay and Hockman, Benjamin and Nesnas, Issa},
  year={2022},
  publisher={Feb}
}

@article{dor2022astroslam,
  title={AstroSLAM: Autonomous Monocular Navigation in the Vicinity of a Celestial Small Body--Theory and Experiments},
  author={Dor, Mehregan and Driver, Travis and Getzandanner, Kenneth and Tsiotras, Panagiotis},
  journal={arXiv preprint arXiv:2212.00350},
  year={2022}
}

@article{lowe2004distinctive,
  title={Distinctive image features from scale-invariant keypoints},
  author={Lowe, David G},
  journal={International journal of computer vision},
  volume={60},
  pages={91--110},
  year={2004},
  publisher={Springer}
}

@inproceedings{bay2006surf,
  title={Surf: Speeded up robust features},
  author={Bay, Herbert and Tuytelaars, Tinne and Van Gool, Luc},
  booktitle={Computer Vision--ECCV 2006: 9th European Conference on Computer Vision, Graz, Austria, May 7-13, 2006. Proceedings, Part I 9},
  pages={404--417},
  year={2006},
  organization={Springer}
}

@article{yang2015go,
  title={Go-ICP: A globally optimal solution to 3D ICP point-set registration},
  author={Yang, Jiaolong and Li, Hongdong and Campbell, Dylan and Jia, Yunde},
  journal={IEEE transactions on pattern analysis and machine intelligence},
  volume={38},
  number={11},
  pages={2241--2254},
  year={2015},
  publisher={IEEE}
}

@book{parker2010algorithms,
  title={Algorithms for image processing and computer vision},
  author={Parker, Jim R},
  year={2010},
  publisher={John Wiley \& Sons}
}

@article{scaramuzza2011visual,
  title={Visual odometry [tutorial]},
  author={Scaramuzza, Davide and Fraundorfer, Friedrich},
  journal={IEEE robotics \& automation magazine},
  volume={18},
  number={4},
  pages={80--92},
  year={2011},
  publisher={IEEE}
}

@article{dor2022astroslam,
  title={AstroSLAM: Autonomous Monocular Navigation in the Vicinity of a Celestial Small Body--Theory and Experiments},
  author={Dor, Mehregan and Driver, Travis and Getzandanner, Kenneth and Tsiotras, Panagiotis},
  journal={arXiv preprint arXiv:2212.00350},
  year={2022}
}

@article{nakath2020active,
  title={Active Asteroid-SLAM: Active Graph SLAM with Landing Site Discovery in a Deep Space Proximity Operations Scenario},
  author={Nakath, David and Clemens, Joachim and Rachuy, Carsten},
  journal={Journal of Intelligent \& Robotic Systems},
  volume={99},
  number={2},
  pages={303--333},
  year={2020},
  publisher={Springer}
}

@incollection{morrell2020autonomous,
  title={Autonomous feature tracking for autonomous approach to a small body},
  author={Morrell, Benjamin J and Villa, Jacopo and Bandyopadhyay, Saptarshi and Lubey, Daniel and Hockman, Benjamin and Bhaskaran, Shyam and Bayard, David and Nesnas, Issa},
  booktitle={ASCEND 2020},
  pages={4151},
  year={2020}
}

@article{villarobust,
  title={ROBUST LANDMARK AND HAZARD DETECTION ON SMALL BODY SURFACES USING SHADOW IMAGERY},
  author={Villa, Jacopo and McMahon, Jay and Nesnas, Issa}
}

@inproceedings{huertas2006passive,
  title={Passive imaging based multi-cue hazard detection for spacecraft safe landing},
  author={Huertas, Andres and Cheng, Yang and Madison, Richard},
  booktitle={2006 ieee aerospace conference},
  pages={14--pp},
  year={2006},
  organization={IEEE}
}

@article{lee2021automated,
  title={Automated crater detection with human level performance},
  author={Lee, Christopher and Hogan, James},
  journal={Computers \& Geosciences},
  volume={147},
  pages={104645},
  year={2021},
  publisher={Elsevier}
}

@article{cheng2003optical,
  title={Optical landmark detection for spacecraft navigation},
  author={Cheng, Yang and Johnson, Andrew E and Matthies, Larry H and Olson, Clark F},
  year={2003}
}

@inproceedings{besl1992method,
  title={Method for registration of 3-D shapes},
  author={Besl, Paul J and McKay, Neil D},
  booktitle={Sensor fusion IV: control paradigms and data structures},
  volume={1611},
  pages={586--606},
  year={1992},
  organization={Spie}
}

@article{lauretta2019unexpected,
  title={The unexpected surface of asteroid (101955) Bennu},
  author={Lauretta, DS and DellaGiustina, DN and Bennett, CA and Golish, DR and Becker, KJ and Balram-Knutson, SS and Barnouin, OS and Becker, TL and Bottke, WF and Boynton, WV and others},
  journal={Nature},
  volume={568},
  number={7750},
  pages={55--60},
  year={2019},
  publisher={Nature Publishing Group UK London}
}

@article{du2010scaling,
  title={Scaling iterative closest point algorithm for registration of m--D point sets},
  author={Du, Shaoyi and Zheng, Nanning and Xiong, Lei and Ying, Shihui and Xue, Jianru},
  journal={Journal of Visual Communication and Image Representation},
  volume={21},
  number={5-6},
  pages={442--452},
  year={2010},
  publisher={Elsevier}
}

@article{yuan2023accurate,
  title={Accurate Covariance Estimation for Pose Data From Iterative Closest Point Algorithm},
  author={Yuan, Rick H and Taylor, Clark N and Nykl, Scott L},
  journal={NAVIGATION: Journal of the Institute of Navigation},
  volume={70},
  number={2},
  year={2023},
  publisher={Institute of Navigation}
}

@article{evans2018monte,
  title={MONTE: the next generation of mission design and navigation software},
  author={Evans, Scott and Taber, William and Drain, Theodore and Smith, Jonathon and Wu, Hsi-Cheng and Guevara, Michelle and Sunseri, Richard and Evans, James},
  journal={CEAS Space Journal},
  volume={10},
  pages={79--86},
  year={2018},
  publisher={Springer}
}

@article{grisetti2010tutorial,
  title={A tutorial on graph-based SLAM},
  author={Grisetti, Giorgio and K{\"u}mmerle, Rainer and Stachniss, Cyrill and Burgard, Wolfram},
  journal={IEEE Intelligent Transportation Systems Magazine},
  volume={2},
  number={4},
  pages={31--43},
  year={2010},
  publisher={IEEE}
}

@inproceedings{martin2021nerf,
  title={Nerf in the wild: Neural radiance fields for unconstrained photo collections},
  author={Martin-Brualla, Ricardo and Radwan, Noha and Sajjadi, Mehdi SM and Barron, Jonathan T and Dosovitskiy, Alexey and Duckworth, Daniel},
  booktitle={Proceedings of the IEEE/CVF Conference on Computer Vision and Pattern Recognition},
  pages={7210--7219},
  year={2021}
}

@article{christian2021image,
  title={Image-based lunar terrain relative navigation without a map: Measurements},
  author={Christian, John A and Hong, Lillian and McKee, Paul and Christensen, Randall and Crain, Timothy P},
  journal={Journal of Spacecraft and Rockets},
  volume={58},
  number={1},
  pages={164--181},
  year={2021},
  publisher={American Institute of Aeronautics and Astronautics}
}

@inproceedings{shi1994good,
  title={Good features to track},
  author={Shi, Jianbo and others},
  booktitle={1994 Proceedings of IEEE conference on computer vision and pattern recognition},
  pages={593--600},
  year={1994},
  organization={IEEE}
}

@inproceedings{lucas1981iterative,
  title={An iterative image registration technique with an application to stereo vision},
  author={Lucas, Bruce D and Kanade, Takeo},
  booktitle={IJCAI'81: 7th international joint conference on Artificial intelligence},
  volume={2},
  pages={674--679},
  year={1981}
}

@article{tomasi1991detection,
  title={Detection and tracking of point},
  author={Tomasi, Carlo and Kanade, Takeo},
  journal={Int J Comput Vis},
  volume={9},
  number={137-154},
  pages={3},
  year={1991}
}

@article{christian2021lunar,
  title={Lunar crater identification in digital images},
  author={Christian, John A and Derksen, Harm and Watkins, Ryan},
  journal={The Journal of the Astronautical Sciences},
  volume={68},
  number={4},
  pages={1056--1144},
  year={2021},
  publisher={Springer}
}

