@article{kaasalainen2001optimization,
  title={Optimization methods for asteroid lightcurve inversion: II. The complete inverse problem},
  author={Kaasalainen, Mikko and Torppa, Johanna and Muinonen, Karri},
  journal={Icarus},
  volume={153},
  number={1},
  pages={37--51},
  year={2001},
  publisher={Elsevier}
}

@article{panicucci2023vision,
  title={Vision-based estimation of small body rotational state},
  author={Panicucci, Paolo and Lebreton, J{\'e}r{\'e}my and Brochard, Roland and Zenou, Emmanuel and Delpech, Michel},
  journal={Acta Astronautica},
  volume={213},
  pages={177--196},
  year={2023},
  publisher={Elsevier}
}

@article{henry2023absolute,
  title={Absolute triangulation algorithms for space exploration},
  author={Henry, S{\'e}bastien and Christian, John A},
  journal={Journal of Guidance, Control, and Dynamics},
  volume={46},
  number={1},
  pages={21--46},
  year={2023},
  publisher={American Institute of Aeronautics and Astronautics}
}

@article{owen2011methods,
  title={Methods of optical navigation},
  author={Owen Jr, William M},
  year={2011},
  publisher={Pasadena, CA: Jet Propulsion Laboratory, National Aeronautics and Space~â€¦}
}

@book{castleman1996digital,
  title={Digital image processing},
  author={Castleman, Kenneth R},
  year={1996},
  publisher={Prentice Hall Press}
}

@book{brigham1988fast,
  title={The fast Fourier transform and its applications},
  author={Brigham, E Oran},
  year={1988},
  publisher={Prentice-Hall, Inc.}
}

@inproceedings{farneback2003two,
  title={Two-frame motion estimation based on polynomial expansion},
  author={Farneb{\"a}ck, Gunnar},
  booktitle={Image Analysis: 13th Scandinavian Conference, SCIA 2003 Halmstad, Sweden, June 29--July 2, 2003 Proceedings 13},
  pages={363--370},
  year={2003},
  organization={Springer}
}

@inproceedings{villa2023image,
  title={Image Rendering and Terrain Generation of Planetary Surfaces Using Source-Available Tools},
  author={Villa, Jacopo and Mcmahon, J and Nesnas, I},
  booktitle={Proceedings of the 46th Annual AAS Guidance, Navigation \& Control Conference, Breckenridge, CO, USA},
  pages={1--24},
  year={2023}
}

@article{lauretta2019unexpected,
  title={The unexpected surface of asteroid (101955) Bennu},
  author={Lauretta, DS and DellaGiustina, DN and Bennett, CA and Golish, DR and Becker, KJ and Balram-Knutson, SS and Barnouin, OS and Becker, TL and Bottke, WF and Boynton, WV and others},
  journal={Nature},
  volume={568},
  number={7750},
  pages={55--60},
  year={2019},
  publisher={Nature Publishing Group UK London}
}

@article{thomas2015morphological,
  title={The morphological diversity of comet 67P/Churyumov-Gerasimenko},
  author={Thomas, Nicolas and Sierks, Holger and Barbieri, Cesare and Lamy, Philippe L and Rodrigo, Rafael and Rickman, Hans and Koschny, Detlef and Keller, Horst Uwe and Agarwal, Jessica and A'Hearn, Michael F and others},
  journal={Science},
  volume={347},
  number={6220},
  pages={aaa0440},
  year={2015},
  publisher={American Association for the Advancement of Science}
}

@article{nesnas2021autonomous,
  title={Autonomous exploration of small bodies toward greater autonomy for deep space missions},
  author={Nesnas, Issa AD and Hockman, Benjamin J and Bandopadhyay, Saptarshi and Morrell, Benjamin J and Lubey, Daniel P and Villa, Jacopo and Bayard, David S and Osmundson, Alan and Jarvis, Benjamin and Bersani, Michele and others},
  journal={Frontiers in Robotics and AI},
  volume={8},
  pages={650885},
  year={2021},
  publisher={Frontiers}
}

@inproceedings{bandyopadhyay2021light,
  title={Light-robust pole-from-silhouette algorithm and visual-hull estimation for autonomous optical navigation to an unknown small body},
  author={Bandyopadhyay, Saptarshi and Villa, Jacopo and Osmundson, Alan and Hockman, Benjamin and Morrell, Benjamin and Lubey, Daniel and Bhaskaran, Shyam and Bayard, David and McMahon, Jay and Nesnas, Issa A},
  booktitle={Proc. 31st AAS/AIAA Space Flight Mechanics Meeting},
  pages={1--13},
  year={2021}
}

@book{hartley2003multiple,
  title={Multiple view geometry in computer vision},
  author={Hartley, Richard and Zisserman, Andrew},
  year={2003},
  publisher={Cambridge university press}
}

@incollection{morrell2020autonomous,
  title={Autonomous feature tracking for autonomous approach to a small body},
  author={Morrell, Benjamin J and Villa, Jacopo and Bandyopadhyay, Saptarshi and Lubey, Daniel and Hockman, Benjamin and Bhaskaran, Shyam and Bayard, David and Nesnas, Issa},
  booktitle={ASCEND 2020},
  pages={4151},
  year={2020}
}

@inproceedings{villa2020optical,
  title={Optical navigation for autonomous approach of small unknown bodies},
  author={Villa, Jacopo and Bandyopadhyay, Saptarshi and Morrell, Benjamin and Hockman, Benjamin and Lubey, Daniel and Harvard, Alexei and Chung, Soon-Jo and Bhaskaran, Shyam and Nesnas, Issa A},
  booktitle={2020 AAS Guidance, Navigation and Control Conference},
  year={2020},
  organization={AAS}
}

@article{palmer2022practical,
  title={Practical stereophotoclinometry for modeling shape and topography on planetary missions},
  author={Palmer, Eric E and Gaskell, Robert and Daly, Michael G and Barnouin, Olivier S and Adam, Coralie D and Lauretta, Dante S},
  journal={The Planetary Science Journal},
  volume={3},
  number={5},
  pages={102},
  year={2022},
  publisher={IOP Publishing}
}

@article{opromolla2017pose,
  title={Pose estimation for spacecraft relative navigation using model-based algorithms},
  author={Opromolla, Roberto and Fasano, Giancarmine and Rufino, Giancarlo and Grassi, Michele},
  journal={IEEE Transactions on Aerospace and Electronic Systems},
  volume={53},
  number={1},
  pages={431--447},
  year={2017},
  publisher={IEEE}
}

@article{lowe2004distinctive,
  title={Distinctive image features from scale-invariant keypoints},
  author={Lowe, David G},
  journal={International journal of computer vision},
  volume={60},
  pages={91--110},
  year={2004},
  publisher={Springer}
}

@article{opencv_library,
    author = {Bradski, G.},
    citeulike-article-id = {2236121},
    journal = {Dr. Dobb's Journal of Software Tools},
    keywords = {bibtex-import},
    posted-at = {2008-01-15 19:21:54},
    priority = {4},
    title = {{The OpenCV Library}},
    year = {2000}
}

@article{christian2021tutorial,
  title={A tutorial on horizon-based optical navigation and attitude determination with space imaging systems},
  author={Christian, John A},
  journal={IEEE Access},
  volume={9},
  pages={19819--19853},
  year={2021},
  publisher={IEEE}
}

@article{christian2024pole,
  title={Pole Estimation and Optical Navigation Using Circle of Latitude Projections},
  author={Christian, John A},
  journal={Journal of Guidance, Control, and Dynamics},
  volume={47},
  number={3},
  pages={407--416},
  year={2024},
  publisher={American Institute of Aeronautics and Astronautics}
}

@article{chng2022globally,
  title={Globally optimal shape and spin pole determination with light-curve inversion},
  author={Chng, Chee-Kheng and Sasdelli, Michele and Chin, Tat-Jun},
  journal={Monthly Notices of the Royal Astronomical Society},
  volume={513},
  number={1},
  pages={311--332},
  year={2022},
  publisher={Oxford University Press}
}

@article{adam2023stereophotoclinometry,
  title={Stereophotoclinometry for OSIRIS-REx Spacecraft Navigation},
  author={Adam, Coralie D and McCarthy, Leilah K and Leonard, Jason M and Gaskell, Robert and Antreasian, Peter G and Liounis, Andrew J and Getzandanner, Kenneth and Moreau, Michael C and Palmer, Eric E and Weirich, John and others},
  journal={The Planetary Science Journal},
  volume={4},
  number={9},
  pages={167},
  year={2023},
  publisher={IOP Publishing}
}

@article{kuppa2024initial,
  title={Initial Pole Axis and Spin Direction Estimation of Asteroids Using Infrared Imagery},
  author={Kuppa, Koundinya and McMahon, Jay W and Dietrich, Ann B},
  journal={Journal of Guidance, Control, and Dynamics},
  volume={47},
  number={6},
  pages={1055--1071},
  year={2024},
  publisher={American Institute of Aeronautics and Astronautics}
}

@article{christian2021image,
  title={Image-based lunar terrain relative navigation without a map: Measurements},
  author={Christian, John A and Hong, Lillian and McKee, Paul and Christensen, Randall and Crain, Timothy P},
  journal={Journal of Spacecraft and Rockets},
  volume={58},
  number={1},
  pages={164--181},
  year={2021},
  publisher={American Institute of Aeronautics and Astronautics}
}

@book{roberts1987digital,
  title={Digital signal processing},
  author={Roberts, Richard A and Mullis, Clifford T},
  year={1987},
  publisher={Addison-Wesley Longman Publishing Co., Inc.}
}

@inproceedings{kroeger2016fast,
  title={Fast optical flow using dense inverse search},
  author={Kroeger, Till and Timofte, Radu and Dai, Dengxin and Van Gool, Luc},
  booktitle={Computer Vision--ECCV 2016: 14th European Conference, Amsterdam, The Netherlands, October 11--14, 2016, Proceedings, Part IV 14},
  pages={471--488},
  year={2016},
  organization={Springer}
}

@article{keller2006signal,
  title={A signal processing approach to symmetry detection},
  author={Keller, Yosi and Shkolnisky, Yoel},
  journal={IEEE Transactions on Image Processing},
  volume={15},
  number={8},
  pages={2198--2207},
  year={2006},
  publisher={IEEE}
}

@book{golub2013matrix,
  title={Matrix computations},
  author={Golub, Gene H and Van Loan, Charles F},
  year={2013},
  publisher={JHU press}
}

@article{bermanis20103,
  title={3-d symmetry detection and analysis using the pseudo-polar fourier transform},
  author={Bermanis, Amit and Averbuch, Amir and Keller, Yosi},
  journal={International journal of computer vision},
  volume={90},
  pages={166--182},
  year={2010},
  publisher={Springer}
}

@inproceedings{lucas1981iterative,
  title={An iterative image registration technique with an application to stereo vision},
  author={Lucas, Bruce D and Kanade, Takeo},
  booktitle={IJCAI'81: 7th international joint conference on Artificial intelligence},
  volume={2},
  pages={674--679},
  year={1981}
}

@article{harris1994tumbling,
  title={Tumbling asteroids},
  author={Harris, Alan W},
  journal={Icarus},
  volume={107},
  number={1},
  pages={209--211},
  year={1994},
  publisher={Elsevier}
}


@article{gaskell2008characterizing,
  title={Characterizing and navigating small bodies with imaging data},
  author={Gaskell, RW and Barnouin-Jha, OS and Scheeres, Daniel J and Konopliv, AS and Mukai, T and Abe, S and Saito, J and Ishiguro, M and Kubota, T and Hashimoto, T and others},
  journal={Meteoritics \& Planetary Science},
  volume={43},
  number={6},
  pages={1049--1061},
  year={2008},
  publisher={Wiley Online Library}
}

