@article{adomavicius2007new,
  title={New recommendation techniques for multi-criteria rating systems},
  author={Adomavicius, Gediminas and Kwon, YoungOk},
  journal={IEEE Intelligent Systems},
  volume={22},
  number={3},
  pages={48--55},
  year={2007},
  publisher={IEEE}
}

@inproceedings{barkan2019cb2cf,
  title={CB2CF: a neural multiview content-to-collaborative filtering model for completely cold item recommendations},
  author={Barkan, Oren and Koenigstein, Noam and Yogev, Eylon and Katz, Ori},
  booktitle={Proceedings of the 13th ACM Conference on Recommender Systems},
  pages={228--236},
  year={2019}
}

@incollection{berkani2022neural,
  title={Neural hybrid recommendation based on GMF and hybrid MLP},
  author={Berkani, Lamia and Zeghoud, Sofiane and Kerboua, Imene Lydia},
  booktitle={Artificial Intelligence and Machine Learning for EDGE Computing},
  pages={287--303},
  year={2022},
  publisher={Elsevier}
}

@inproceedings{chen2020simple,
  title={A simple framework for contrastive learning of visual representations},
  author={Chen, Ting and Kornblith, Simon and Norouzi, Mohammad and Hinton, Geoffrey},
  booktitle={International conference on machine learning},
  pages={1597--1607},
  year={2020},
  organization={PMLR}
}

@inproceedings{chen2022intent,
  title={Intent contrastive learning for sequential recommendation},
  author={Chen, Yongjun and Liu, Zhiwei and Li, Jia and McAuley, Julian and Xiong, Caiming},
  booktitle={Proceedings of the ACM Web Conference 2022},
  pages={2172--2182},
  year={2022}
}

@article{chen2022multi,
  title={Multi-view graph attention network for travel recommendation},
  author={Chen, Lei and Cao, Jie and Wang, Youquan and Liang, Weichao and Zhu, Guixiang},
  journal={Expert Systems with Applications},
  volume={191},
  pages={116234},
  year={2022},
  publisher={Elsevier}
}

@inproceedings{chen2023knowledge,
  title={Knowledge-enhanced multi-view graph neural networks for session-based recommendation},
  author={Chen, Qian and Guo, Zhiqiang and Li, Jianjun and Li, Guohui},
  booktitle={Proceedings of the 46th International ACM SIGIR Conference on Research and Development in Information Retrieval},
  pages={352--361},
  year={2023}
}

@inproceedings{cheng2022modeling,
  title={Modeling multi-view interactions with contrastive graph learning for collaborative filtering},
  author={Cheng, Zhangtao and Walker, Joojo and Zhong, Ting and Zhou, Fan},
  booktitle={2022 International Joint Conference on Neural Networks (IJCNN)},
  pages={1--8},
  year={2022},
  organization={IEEE}
}

@inproceedings{fan2019graph,
  title={Graph neural networks for social recommendation},
  author={Fan, Wenqi and Ma, Yao and Li, Qing and He, Yuan and Zhao, Eric and Tang, Jiliang and Yin, Dawei},
  booktitle={The world wide web conference},
  pages={417--426},
  year={2019}
}

@article{gupta2020credibility,
  title={Credibility score based multi-criteria recommender system},
  author={Gupta, Shweta and Kant, Vibhor},
  journal={Knowledge-Based Systems},
  volume={196},
  pages={105756},
  year={2020},
  publisher={Elsevier}
}

@article{gwadabe2022improving,
  title={Improving graph neural network for session-based recommendation system via non-sequential interactions},
  author={Gwadabe, Tajuddeen Rabiu and Liu, Ying},
  journal={Neurocomputing},
  volume={468},
  pages={111--122},
  year={2022},
  publisher={Elsevier}
}

@inproceedings{he2017neural,
  title={Neural collaborative filtering},
  author={He, Xiangnan and Liao, Lizi and Zhang, Hanwang and Nie, Liqiang and Hu, Xia and Chua, Tat-Seng},
  booktitle={Proceedings of the 26th international conference on world wide web},
  pages={173--182},
  year={2017}
}

@article{he2018outer,
  title={Outer product-based neural collaborative filtering},
  author={He, Xiangnan and Du, Xiaoyu and Wang, Xiang and Tian, Feng and Tang, Jinhui and Chua, Tat-Seng},
  journal={arXiv preprint arXiv:1808.03912},
  year={2018}
}

@article{he2023aain,
  title={AAIN: Attentional Aggregative Interaction Network for Deep Learning Based Recommender Systems},
  author={He, Haitao and Zhang, Ruixi and Zhang, Yangsen and Ren, Jiadong},
  journal={Neurocomputing},
  pages={126374},
  year={2023},
  publisher={Elsevier}
}

@article{hong2021multi,
  title={Multi-criteria tensor model for tourism recommender systems},
  author={Hong, Minsung and Jung, Jason J},
  journal={Expert Systems with Applications},
  volume={170},
  pages={114537},
  year={2021},
  publisher={Elsevier}
}

@article{hong2022sentiment,
  title={Sentiment aware tensor model for multi-criteria recommendation},
  author={Hong, Minsung and Jung, Jason J},
  journal={Applied Intelligence},
  volume={52},
  number={13},
  pages={15006--15025},
  year={2022},
  publisher={Springer}
}

@article{hu2023collaborative,
  title={Collaborative recommendation model based on multi-modal multi-view attention network: Movie and literature cases},
  author={Hu, Zheng and Cai, Shi-Min and Wang, Jun and Zhou, Tao},
  journal={Applied Soft Computing},
  volume={144},
  pages={110518},
  year={2023},
  publisher={Elsevier}
}

@article{jain2020tweet,
  title={Tweet recommender model using adaptive neuro-fuzzy inference system},
  author={Jain, Deepak Kumar and Kumar, Akshi and Sharma, Vibhuti},
  journal={Future Generation Computer Systems},
  volume={112},
  pages={996--1009},
  year={2020},
  publisher={Elsevier}
}

@inproceedings{jannach2012accuracy,
  title={Accuracy improvements for multi-criteria recommender systems},
  author={Jannach, Dietmar and Karakaya, Zeynep and Gedikli, Fatih},
  booktitle={Proceedings of the 13th ACM conference on electronic commerce},
  pages={674--689},
  year={2012}
}

@inproceedings{kalantarnezhad2022mcrs,
  title={MCRS-SAE: multi-criteria recommender system based on sparse autoencoder},
  author={Kalantarnezhad, Amir Reza and Hamidzadeh, Javad},
  booktitle={2022 12th International Conference on Computer and Knowledge Engineering (ICCKE)},
  pages={117--122},
  year={2022},
  organization={IEEE}
}

@article{kermany2017hybrid,
  title={A hybrid multi-criteria recommender system using ontology and neuro-fuzzy techniques},
  author={Kermany, Naime Ranjbar and Alizadeh, Sasan H},
  journal={Electronic Commerce Research and Applications},
  volume={21},
  pages={50--64},
  year={2017},
  publisher={Elsevier}
}

@article{krishna2023analysing,
  title={Analysing the impact of contextual segments on the overall rating in multi-criteria recommender systems},
  author={Krishna, Chinta Venkata Murali and Rao, G Appa and Anuradha, S},
  journal={Journal of big Data},
  volume={10},
  number={1},
  pages={16},
  year={2023},
  publisher={Springer}
}

@inproceedings{li2015deep,
  title={Deep collaborative filtering via marginalized denoising auto-encoder},
  author={Li, Sheng and Kawale, Jaya and Fu, Yun},
  booktitle={Proceedings of the 24th ACM international on conference on information and knowledge management},
  pages={811--820},
  year={2015}
}

@inproceedings{li2017neural,
  title={Neural attentive session-based recommendation},
  author={Li, Jing and Ren, Pengjie and Chen, Zhumin and Ren, Zhaochun and Lian, Tao and Ma, Jun},
  booktitle={Proceedings of the 2017 ACM on Conference on Information and Knowledge Management},
  pages={1419--1428},
  year={2017}
}

@inproceedings{li2019latent,
  title={Latent multi-criteria ratings for recommendations},
  author={Li, Pan and Tuzhilin, Alexander},
  booktitle={Proceedings of the 13th ACM Conference on Recommender Systems},
  pages={428--431},
  year={2019}
}

@article{li2024md,
  title={MD-GCCF: Multi-view deep graph contrastive learning for collaborative filtering},
  author={Li, Xinlu and Tian, Yujie and Dong, Bingbing and Ji, Shengwei},
  journal={Neurocomputing},
  volume={590},
  pages={127756},
  year={2024},
  publisher={Elsevier}
}

@inproceedings{li2024multi,
  title={Multi-View Interactive Compromise Learning for Group Recommendation},
  author={Li, Jiuqiang and Zhu, Shilei},
  booktitle={ICASSP 2024-2024 IEEE International Conference on Acoustics, Speech and Signal Processing (ICASSP)},
  pages={9396--9400},
  year={2024},
  organization={IEEE}
}

@article{licen2023self,
  title={Self-organizing map algorithm for assessing spatial and temporal patterns of pollutants in environmental compartments: A review},
  author={Licen, Sabina and Astel, Aleksander and Tsakovski, Stefan},
  journal={Science of the Total Environment},
  volume={878},
  pages={163084},
  year={2023},
  publisher={Elsevier}
}

@inproceedings{lin2024mixed,
  title={Mixed attention network for cross-domain sequential recommendation},
  author={Lin, Guanyu and Gao, Chen and Zheng, Yu and Chang, Jianxin and Niu, Yanan and Song, Yang and Gai, Kun and Li, Zhiheng and Jin, Depeng and Li, Yong and others},
  booktitle={Proceedings of the 17th ACM International Conference on Web Search and Data Mining},
  pages={405--413},
  year={2024}
}

@article{liu2020hybrid,
  title={Hybrid neural recommendation with joint deep representation learning of ratings and reviews},
  author={Liu, Hongtao and Wang, Yian and Peng, Qiyao and Wu, Fangzhao and Gan, Lin and Pan, Lin and Jiao, Pengfei},
  journal={Neurocomputing},
  volume={374},
  pages={77--85},
  year={2020},
  publisher={Elsevier}
}

@article{liu2021contrastive,
  title={Contrastive learning for recommender system},
  author={Liu, Zhuang and Ma, Yunpu and Ouyang, Yuanxin and Xiong, Zhang},
  journal={arXiv preprint arXiv:2101.01317},
  year={2021}
}

@article{morise2019bayesian,
  title={Bayesian probabilistic tensor factorization for recommendation and rating aggregation with multicriteria evaluation data},
  author={Morise, Hiroki and Oyama, Satoshi and Kurihara, Masahito},
  journal={Expert Systems with Applications},
  volume={131},
  pages={1--8},
  year={2019},
  publisher={Elsevier}
}

@article{nassar2020multi,
  title={Multi-criteria collaborative filtering recommender by fusing deep neural network and matrix factorization},
  author={Nassar, Nour and Jafar, Assef and Rahhal, Yasser},
  journal={Journal of Big Data},
  volume={7},
  number={1},
  pages={1--12},
  year={2020},
  publisher={SpringerOpen}
}

@article{nassar2020novel,
  title={A novel deep multi-criteria collaborative filtering model for recommendation system},
  author={Nassar, Nour and Jafar, Assef and Rahhal, Yasser},
  journal={Knowledge-Based Systems},
  volume={187},
  pages={104811},
  year={2020},
  publisher={Elsevier}
}

@article{nilashi2014hybrid,
  title={Hybrid recommendation approaches for multi-criteria collaborative filtering},
  author={Nilashi, Mehrbakhsh and bin Ibrahim, Othman and Ithnin, Norafida},
  journal={Expert Systems with Applications},
  volume={41},
  number={8},
  pages={3879--3900},
  year={2014},
  publisher={Elsevier}
}

@article{nilashi2015multi,
  title={A multi-criteria collaborative filtering recommender system for the tourism domain using Expectation Maximization (EM) and PCA--ANFIS},
  author={Nilashi, Mehrbakhsh and bin Ibrahim, Othman and Ithnin, Norafida and Sarmin, Nor Haniza},
  journal={Electronic Commerce Research and Applications},
  volume={14},
  number={6},
  pages={542--562},
  year={2015},
  publisher={Elsevier}
}

@article{palomares2018multi,
  title={Multi-view fuzzy information fusion in collaborative filtering recommender systems: Application to the urban resilience domain},
  author={Palomares, Ivan and Browne, Fiona and Davis, Peadar},
  journal={Data \& Knowledge Engineering},
  volume={113},
  pages={64--80},
  year={2018},
  publisher={Elsevier}
}

@article{papalexakis2016tensors,
  title={Tensors for data mining and data fusion: Models, applications, and scalable algorithms},
  author={Papalexakis, Evangelos E and Faloutsos, Christos and Sidiropoulos, Nicholas D},
  journal={ACM Transactions on Intelligent Systems and Technology (TIST)},
  volume={8},
  number={2},
  pages={1--44},
  year={2016},
  publisher={ACM New York, NY, USA}
}

@inproceedings{pozo2016enhancing,
  title={Enhancing collaborative filtering using implicit relations in data},
  author={Pozo, Manuel and Chiky, Raja and M{\'e}tais, Elisabeth},
  booktitle={Transactions on Computational Collective Intelligence XXII},
  pages={125--146},
  year={2016},
  organization={Springer}
}

@inproceedings{qin2024intent,
  title={Intent Contrastive Learning with Cross Subsequences for Sequential Recommendation},
  author={Qin, Xiuyuan and Yuan, Huanhuan and Zhao, Pengpeng and Liu, Guanfeng and Zhuang, Fuzhen and Sheng, Victor S},
  booktitle={Proceedings of the 17th ACM International Conference on Web Search and Data Mining},
  pages={548--556},
  year={2024}
}

@article{rismala2024personalized,
  title={Personalized neural network-based aggregation function in multi-criteria collaborative filtering},
  author={Rismala, Rita and Maulidevi, Nur Ulfa and Surendro, Kridanto},
  journal={Journal of King Saud University-Computer and Information Sciences},
  volume={36},
  number={1},
  pages={101922},
  year={2024},
  publisher={Elsevier}
}

@article{shambour2021deep,
  title={A deep learning based algorithm for multi-criteria recommender systems},
  author={Shambour, Qusai},
  journal={Knowledge-Based Systems},
  volume={211},
  pages={106545},
  year={2021},
  publisher={Elsevier}
}

@article{shrivastava2023deep,
  title={Deep neural network-based multi-stakeholder recommendation system exploiting multi-criteria ratings for preference learning},
  author={Shrivastava, Rahul and Sisodia, Dilip Singh and Nagwani, Naresh Kumar},
  journal={Expert Systems with Applications},
  volume={213},
  pages={119071},
  year={2023},
  publisher={Elsevier}
}

@inproceedings{shuai2022review,
  title={A review-aware graph contrastive learning framework for recommendation},
  author={Shuai, Jie and Zhang, Kun and Wu, Le and Sun, Peijie and Hong, Richang and Wang, Meng and Li, Yong},
  booktitle={Proceedings of the 45th international ACM SIGIR conference on research and development in information retrieval},
  pages={1283--1293},
  year={2022}
}

@article{singh2024comparative,
  title={Comparative analysis of collaborative filtering techniques for the multi-criteria recommender systems},
  author={Singh, Reetu and Dwivedi, Pragya and Kant, Vibhor},
  journal={Multimedia Tools and Applications},
  pages={1--21},
  year={2024},
  publisher={Springer}
}

@article{sinha2022dnn,
  title={DNN-MF: deep neural network matrix factorization approach for filtering information in multi-criteria recommender systems},
  author={Sinha, Bam Bahadur and Dhanalakshmi, R},
  journal={Neural Computing and Applications},
  pages={1--15},
  year={2022},
  publisher={Springer}
}

@inproceedings{song2019autoint,
  title={Autoint: Automatic feature interaction learning via self-attentive neural networks},
  author={Song, Weiping and Shi, Chence and Xiao, Zhiping and Duan, Zhijian and Xu, Yewen and Zhang, Ming and Tang, Jian},
  booktitle={Proceedings of the 28th ACM International Conference on Information and Knowledge Management},
  pages={1161--1170},
  year={2019}
}

@article{vu2022deep,
  title={A Deep Learning Based Approach for Context-Aware Multi-Criteria Recommender Systems},
  author={Vu, Son-Lam and Le, Quang-Hung},
  journal={Computer Systems Science \& Engineering},
  volume={10},
  year={2022}
}

@inproceedings{wang2019neural,
  title={Neural graph collaborative filtering},
  author={Wang, Xiang and He, Xiangnan and Wang, Meng and Feng, Fuli and Chua, Tat-Seng},
  booktitle={Proceedings of the 42nd international ACM SIGIR conference on Research and development in Information Retrieval},
  pages={165--174},
  year={2019}
}

@inproceedings{wang2020disenhan,
  title={Disenhan: Disentangled heterogeneous graph attention network for recommendation},
  author={Wang, Yifan and Tang, Suyao and Lei, Yuntong and Song, Weiping and Wang, Sheng and Zhang, Ming},
  booktitle={Proceedings of the 29th ACM International Conference on Information \& Knowledge Management},
  pages={1605--1614},
  year={2020}
}

@article{wang2021hgate,
  title={HGATE: Heterogeneous Graph Attention Auto-Encoders},
  author={Wang, Wei and Wei, Xiangyu and Suo, Xiaoyang and Wang, Bin and Wang, Hao and Dai, Hong-Ning and Zhang, Xiangliang},
  journal={IEEE Transactions on Knowledge and Data Engineering},
  year={2021},
  publisher={IEEE}
}

@article{wang2023multi,
  title={Multi-view enhanced graph attention network for session-based music recommendation},
  author={Wang, Dongjing and Zhang, Xin and Yin, Yuyu and Yu, Dongjin and Xu, Guandong and Deng, Shuiguang},
  journal={ACM Transactions on Information Systems},
  volume={42},
  number={1},
  pages={1--30},
  year={2023},
  publisher={ACM New York, NY}
}

@article{wang2024mmkdgat,
  title={Mmkdgat: Multi-modal knowledge graph-aware deep graph attention network for remote sensing image recommendation},
  author={Wang, Fei and Zhu, Xianzhang and Cheng, Xin and Zhang, Yongjun and Li, Yansheng},
  journal={Expert Systems with Applications},
  volume={235},
  pages={121278},
  year={2024},
  publisher={Elsevier}
}

@article{wang2024sequential,
  title={A Sequential Recommendation Model for Balancing Long-and Short-Term Benefits},
  author={Wang, Hongbo and Wang, Yizhe and Liu, Yu},
  journal={International Journal of Computational Intelligence Systems},
  volume={17},
  number={1},
  pages={75},
  year={2024},
  publisher={Springer}
}

@inproceedings{wei2021contrastive,
  title={Contrastive learning for cold-start recommendation},
  author={Wei, Yinwei and Wang, Xiang and Li, Qi and Nie, Liqiang and Li, Yan and Li, Xuanping and Chua, Tat-Seng},
  booktitle={Proceedings of the 29th ACM International Conference on Multimedia},
  pages={5382--5390},
  year={2021}
}

@article{wei2024multi,
  title={Multi-level cross-modal contrastive learning for review-aware recommendation},
  author={Wei, Yibiao and Xu, Yang and Zhu, Lei and Ma, Jingwei and Peng, Chengmei},
  journal={Expert Systems with Applications},
  volume={247},
  pages={123341},
  year={2024},
  publisher={Elsevier}
}

@article{wu2020diffnet++,
  title={Diffnet++: A neural influence and interest diffusion network for social recommendation},
  author={Wu, Le and Li, Junwei and Sun, Peijie and Hong, Richang and Ge, Yong and Wang, Meng},
  journal={IEEE Transactions on Knowledge and Data Engineering},
  volume={34},
  number={10},
  pages={4753--4766},
  year={2020},
  publisher={IEEE}
}

@article{xiao2017attentional,
  title={Attentional factorization machines: Learning the weight of feature interactions via attention networks},
  author={Xiao, Jun and Ye, Hao and He, Xiangnan and Zhang, Hanwang and Wu, Fei and Chua, Tat-Seng},
  journal={arXiv preprint arXiv:1708.04617},
  year={2017}
}

@inproceedings{yang2022knowledge,
  title={Knowledge graph contrastive learning for recommendation},
  author={Yang, Yuhao and Huang, Chao and Xia, Lianghao and Li, Chenliang},
  booktitle={Proceedings of the 45th international ACM SIGIR conference on research and development in information retrieval},
  pages={1434--1443},
  year={2022}
}

@article{yang2022supervised,
  title={Supervised contrastive learning for recommendation},
  author={Yang, Chun and Zou, Jianxiao and Wu, JianHua and Xu, Hongbing and Fan, Shicai},
  journal={Knowledge-Based Systems},
  volume={258},
  pages={109973},
  year={2022},
  publisher={Elsevier}
}

@article{yuan2024attribute,
  title={Attribute mining multi-view contrastive learning network for recommendation},
  author={Yuan, Xu and Wu, Huinan and Wang, Longfei and Bu, Xiya and Gao, Zhengnan and Ma, Ruixin},
  journal={Expert Systems with Applications},
  volume={253},
  pages={124224},
  year={2024},
  publisher={Elsevier}
}

@article{zhang2021causal,
  title={Causal neural fuzzy inference modeling of missing data in implicit recommendation system},
  author={Zhang, Weina and Zhang, Xingming and Chen, Dongpei},
  journal={Knowledge-Based Systems},
  volume={222},
  pages={106678},
  year={2021},
  publisher={Elsevier}
}

@article{zhang2021multi,
  title={Multi-criteria recommender system based on social relationships and criteria preferences},
  author={Zhang, Kun and Liu, Xinwang and Wang, Weizhong and Li, Jing},
  journal={Expert Systems with Applications},
  volume={176},
  pages={114868},
  year={2021},
  publisher={Elsevier}
}

@article{zhang2024hybrid,
  title={Hybrid structural graph attention network for POI recommendation},
  author={Zhang, Jinkai and Ma, Wenming},
  journal={Expert Systems with Applications},
  pages={123436},
  year={2024},
  publisher={Elsevier}
}

@inproceedings{zhang2024recdcl,
  title={RecDCL: Dual Contrastive Learning for Recommendation},
  author={Zhang, Dan and Geng, Yangliao and Gong, Wenwen and Qi, Zhongang and Chen, Zhiyu and Tang, Xing and Shan, Ying and Dong, Yuxiao and Tang, Jie},
  booktitle={Proceedings of the ACM on Web Conference 2024},
  pages={3655--3666},
  year={2024}
}

@article{zhao2017multi,
  title={Multi-view learning overview: Recent progress and new challenges},
  author={Zhao, Jing and Xie, Xijiong and Xu, Xin and Sun, Shiliang},
  journal={Information Fusion},
  volume={38},
  pages={43--54},
  year={2017},
  publisher={Elsevier}
}

@inproceedings{zheng2017criteria,
  title={Criteria chains: a novel multi-criteria recommendation approach},
  author={Zheng, Yong},
  booktitle={Proceedings of the 22nd International Conference on Intelligent User Interfaces},
  pages={29--33},
  year={2017}
}

@inproceedings{zheng2017joint,
  title={Joint deep modeling of users and items using reviews for recommendation},
  author={Zheng, Lei and Noroozi, Vahid and Yu, Philip S},
  booktitle={Proceedings of the tenth ACM international conference on web search and data mining},
  pages={425--434},
  year={2017}
}

@article{zheng2022multiview,
  title={A multiview graph collaborative filtering by incorporating homogeneous and heterogeneous signals},
  author={Zheng, Jianxing and Chen, Sen and Du, Yongping and Song, Peng},
  journal={Information Processing \& Management},
  volume={59},
  number={6},
  pages={103072},
  year={2022},
  publisher={Elsevier}
}

@inproceedings{zhou2018deep,
  title={Deep interest network for click-through rate prediction},
  author={Zhou, Guorui and Zhu, Xiaoqiang and Song, Chenru and Fan, Ying and Zhu, Han and Ma, Xiao and Yan, Yanghui and Jin, Junqi and Li, Han and Gai, Kun},
  booktitle={Proceedings of the 24th ACM SIGKDD international conference on knowledge discovery \& data mining},
  pages={1059--1068},
  year={2018}
}

@inproceedings{zhou2019deep,
  title={Deep interest evolution network for click-through rate prediction},
  author={Zhou, Guorui and Mou, Na and Fan, Ying and Pi, Qi and Bian, Weijie and Zhou, Chang and Zhu, Xiaoqiang and Gai, Kun},
  booktitle={Proceedings of the AAAI conference on artificial intelligence},
  volume={33},
  pages={5941--5948},
  year={2019}
}

@article{zhou2024multi,
  title={Multi-view social recommendation via matrix factorization with sub-linear convergence rate},
  author={Zhou, Wang and Haq, Amin Ul and Qiu, Laixiang and Akbar, Jehan},
  journal={Expert Systems with Applications},
  volume={237},
  pages={121687},
  year={2024},
  publisher={Elsevier}
}

