@article{he2019cascade,
  title={Cascade-bgnn: Toward efficient self-supervised representation learning on large-scale bipartite graphs},
  author={He, Chaoyang and Xie, Tian and Rong, Yu and Huang, Wenbing and Huang, Junzhou and Ren, Xiang and Shahabi, Cyrus},
  journal={arXiv preprint arXiv:1906.11994},
  year={2019}
}
@article{velivckovic2017graph,
  title={Graph attention networks},
  author={Veli{\v{c}}kovi{\'c}, Petar and Cucurull, Guillem and Casanova, Arantxa and Romero, Adriana and Lio, Pietro and Bengio, Yoshua},
  journal={arXiv preprint arXiv:1710.10903},
  year={2017}
}
@article{xie2020mgat,
  title={Mgat: Multi-view graph attention networks},
  author={Xie, Yu and Zhansg, Yuanqiao and Gong, Maoguo and Tang, Zedong and Han, Chao},
  journal={Neural Networks},
  volume={132},
  pages={180--189},
  year={2020},
  publisher={Elsevier}
}
@article{liu2020global,
  title={Global-attention-based neural networks for vision language intelligence},
  author={Liu, Pei and Zhou, Yingjie and Peng, Dezhong and Wu, Dapeng},
  journal={IEEE/CAA Journal of Automatica Sinica},
  volume={8},
  number={7},
  pages={1243--1252},
  year={2020},
  publisher={IEEE}
}
@article{fei2023gnn,
  title={A GNN Architecture with Local and Global-Attention Feature for Image Classification},
  author={Fei, Zhengshun and Guo, Junhao and Gong, Haibo and Ye, Lubin and Attahi, Eric and Huang, Bingqiang},
  journal={IEEE Access},
  year={2023},
  publisher={IEEE}
}
@article{chen2023global,
  title={Global-and-local attention-based reinforcement learning for cooperative behaviour control of multiple uavs},
  author={Chen, Jinchao and Li, Tingyang and Zhang, Ying and You, Tao and Lu, Yantao and Tiwari, Prayag and Kumar, Neeraj},
  journal={IEEE Transactions on Vehicular Technology},
  year={2023},
  publisher={IEEE}
}
@article{yuan2023cross,
  title={Cross-supervision-based equilibrated fusion mechanism of local and global attention for semantic segmentation},
  author={Yuan, Wenhao and Lu, Xiaoyan and Zhang, Rongfen and Liu, Yuhong},
  journal={Applied Intelligence},
  volume={53},
  number={10},
  pages={11918--11933},
  year={2023},
  publisher={Springer}
}
@article{wang2022energy,
  title={An energy-efficient transformer processor exploiting dynamic weak relevances in global attention},
  author={Wang, Yang and Qin, Yubin and Deng, Dazheng and Wei, Jingchuan and Zhou, Yang and Fan, Yuanqi and Chen, Tianbao and Sun, Hao and Liu, Leibo and Wei, Shaojun and others},
  journal={IEEE Journal of Solid-State Circuits},
  volume={58},
  number={1},
  pages={227--242},
  year={2022},
  publisher={IEEE}
}

@inproceedings{wei2021contrastive,
  title={Contrastive learning for cold-start recommendation},
  author={Wei, Yinwei and Wang, Xiang and Li, Qi and Nie, Liqiang and Li, Yan and Li, Xuanping and Chua, Tat-Seng},
  booktitle={Proceedings of the 29th ACM International Conference on Multimedia},
  pages={5382--5390},
  year={2021}
}

@inproceedings{chen2022intent,
  title={Intent contrastive learning for sequential recommendation},
  author={Chen, Yongjun and Liu, Zhiwei and Li, Jia and McAuley, Julian and Xiong, Caiming},
  booktitle={Proceedings of the ACM Web Conference 2022},
  pages={2172--2182},
  year={2022}
}

@inproceedings{yang2022knowledge,
  title={Knowledge graph contrastive learning for recommendation},
  author={Yang, Yuhao and Huang, Chao and Xia, Lianghao and Li, Chenliang},
  booktitle={Proceedings of the 45th international ACM SIGIR conference on research and development in information retrieval},
  pages={1434--1443},
  year={2022}
}

@inproceedings{zhang2024recdcl,
  title={RecDCL: Dual Contrastive Learning for Recommendation},
  author={Zhang, Dan and Geng, Yangliao and Gong, Wenwen and Qi, Zhongang and Chen, Zhiyu and Tang, Xing and Shan, Ying and Dong, Yuxiao and Tang, Jie},
  booktitle={Proceedings of the ACM on Web Conference 2024},
  pages={3655--3666},
  year={2024}
}

@inproceedings{qin2024intent,
  title={Intent Contrastive Learning with Cross Subsequences for Sequential Recommendation},
  author={Qin, Xiuyuan and Yuan, Huanhuan and Zhao, Pengpeng and Liu, Guanfeng and Zhuang, Fuzhen and Sheng, Victor S},
  booktitle={Proceedings of the 17th ACM International Conference on Web Search and Data Mining},
  pages={548--556},
  year={2024}
}
@inproceedings{chen2020simple,
  title={A simple framework for contrastive learning of visual representations},
  author={Chen, Ting and Kornblith, Simon and Norouzi, Mohammad and Hinton, Geoffrey},
  booktitle={International conference on machine learning},
  pages={1597--1607},
  year={2020},
  organization={PMLR}
}
@inproceedings{xie2022contrastive,
  title={Contrastive learning for sequential recommendation},
  author={Xie, Xu and Sun, Fei and Liu, Zhaoyang and Wu, Shiwen and Gao, Jinyang and Zhang, Jiandong and Ding, Bolin and Cui, Bin},
  booktitle={2022 IEEE 38th international conference on data engineering (ICDE)},
  pages={1259--1273},
  year={2022},
  organization={IEEE}
}
@inproceedings{he2020momentum,
  title={Momentum contrast for unsupervised visual representation learning},
  author={He, Kaiming and Fan, Haoqi and Wu, Yuxin and Xie, Saining and Girshick, Ross},
  booktitle={Proceedings of the IEEE/CVF conference on computer vision and pattern recognition},
  pages={9729--9738},
  year={2020}
}
@article{wei2024multi,
  title={Multi-level cross-modal contrastive learning for review-aware recommendation},
  author={Wei, Yibiao and Xu, Yang and Zhu, Lei and Ma, Jingwei and Peng, Chengmei},
  journal={Expert Systems with Applications},
  volume={247},
  pages={123341},
  year={2024},
  publisher={Elsevier}
}
@article{zhao2017multi,
  title={Multi-view learning overview: Recent progress and new challenges},
  author={Zhao, Jing and Xie, Xijiong and Xu, Xin and Sun, Shiliang},
  journal={Information Fusion},
  volume={38},
  pages={43--54},
  year={2017},
  publisher={Elsevier}
}
@article{yang2022supervised,
  title={Supervised contrastive learning for recommendation},
  author={Yang, Chun and Zou, Jianxiao and Wu, JianHua and Xu, Hongbing and Fan, Shicai},
  journal={Knowledge-Based Systems},
  volume={258},
  pages={109973},
  year={2022},
  publisher={Elsevier}
}
@article{hua2023multimodal,
  title={Multimodal fake news detection through data augmentation-based contrastive learning},
  author={Hua, Jiaheng and Cui, Xiaodong and Li, Xianghua and Tang, Keke and Zhu, Peican},
  journal={Applied Soft Computing},
  volume={136},
  pages={110125},
  year={2023},
  publisher={Elsevier}
}
@article{yu2023xsimgcl,
  title={XSimGCL: Towards extremely simple graph contrastive learning for recommendation},
  author={Yu, Junliang and Xia, Xin and Chen, Tong and Cui, Lizhen and Hung, Nguyen Quoc Viet and Yin, Hongzhi},
  journal={IEEE Transactions on Knowledge and Data Engineering},
  volume={36},
  number={2},
  pages={913--926},
  year={2023},
  publisher={IEEE}
}
@article{xu2024contrastive,
  title={Contrastive sentence representation learning with adaptive false negative cancellation},
  author={Xu, Lingling and Xie, Haoran and Wang, Fu Lee and Tao, Xiaohui and Wang, Weiming and Li, Qing},
  journal={Information Fusion},
  volume={102},
  pages={102065},
  year={2024},
  publisher={Elsevier}
}
@article{xia2019anchor,
  title={Are anchor points really indispensable in label-noise learning?},
  author={Xia, Xiaobo and Liu, Tongliang and Wang, Nannan and Han, Bo and Gong, Chen and Niu, Gang and Sugiyama, Masashi},
  journal={Advances in neural information processing systems},
  volume={32},
  year={2019}
}


@inproceedings{patel2017methods,
  title={Methods of recommender system: A review},
  author={Patel, Bansari and Desai, Palak and Panchal, Urvi},
  booktitle={2017 international conference on innovations in information, embedded and communication systems (ICIIECS)},
  pages={1--4},
  year={2017},
  organization={IEEE}
}

@article{lu2015recommender,
  title={Recommender system application developments: a survey},
  author={Lu, Jie and Wu, Dianshuang and Mao, Mingsong and Wang, Wei and Zhang, Guangquan},
  journal={Decision Support Systems},
  volume={74},
  pages={12--32},
  year={2015},
  publisher={Elsevier}
}
@article{wang2024mmkdgat,
  title={Mmkdgat: Multi-modal knowledge graph-aware deep graph attention network for remote sensing image recommendation},
  author={Wang, Fei and Zhu, Xianzhang and Cheng, Xin and Zhang, Yongjun and Li, Yansheng},
  journal={Expert Systems with Applications},
  volume={235},
  pages={121278},
  year={2024},
  publisher={Elsevier}
}
@article{sun2024rkr,
  title={RKR-GAT: Recurrent Knowledge-aware Recommendation with Graph Attention Network},
  author={Sun, Qifeng and Wang, Yaning and Gong, Faming},
  year={2024}
}
@article{wu2020comprehensive,
  title={A comprehensive survey on graph neural networks},
  author={Wu, Zonghan and Pan, Shirui and Chen, Fengwen and Long, Guodong and Zhang, Chengqi and Philip, S Yu},
  journal={IEEE transactions on neural networks and learning systems},
  volume={32},
  number={1},
  pages={4--24},
  year={2020},
  publisher={IEEE}
}
@article{chaudhari2021attentive,
  title={An attentive survey of attention models},
  author={Chaudhari, Sneha and Mithal, Varun and Polatkan, Gungor and Ramanath, Rohan},
  journal={ACM Transactions on Intelligent Systems and Technology (TIST)},
  volume={12},
  number={5},
  pages={1--32},
  year={2021},
  publisher={ACM New York, NY}
}
@article{velickovic2017graph,
  title={Graph attention networks},
  author={Velickovic, Petar and Cucurull, Guillem and Casanova, Arantxa and Romero, Adriana and Lio, Pietro and Bengio, Yoshua and others},
  journal={stat},
  volume={1050},
  number={20},
  pages={10--48550},
  year={2017}
}
@article{liu2024global,
  title={Global heterogeneous graph enhanced category-aware attention network for session-based recommendation},
  author={Liu, Wenxuan and Zhang, Zizhuo and Ding, Yuhan and Wang, Bang},
  journal={Expert Systems with Applications},
  volume={243},
  pages={122907},
  year={2024},
  publisher={Elsevier}
}
@article{li2017gla,
  title={GLA: Global--local attention for image description},
  author={Li, Linghui and Tang, Sheng and Zhang, Yongdong and Deng, Lixi and Tian, Qi},
  journal={IEEE Transactions on Multimedia},
  volume={20},
  number={3},
  pages={726--737},
  year={2017},
  publisher={IEEE}
}
Web searchCopy
@article{zheng2020global,
  title={Global and local knowledge-aware attention network for action recognition},
  author={Zheng, Zhenxing and An, Gaoyun and Wu, Dapeng and Ruan, Qiuqi},
  journal={IEEE transactions on neural networks and learning systems},
  volume={32},
  number={1},
  pages={334--347},
  year={2020},
  publisher={IEEE}
}
@article{wang2024sequential,
  title={A Sequential Recommendation Model for Balancing Long-and Short-Term Benefits},
  author={Wang, Hongbo and Wang, Yizhe and Liu, Yu},
  journal={International Journal of Computational Intelligence Systems},
  volume={17},
  number={1},
  pages={75},
  year={2024},
  publisher={Springer}
}
@inproceedings{li2024multi,
  title={Multi-View Interactive Compromise Learning for Group Recommendation},
  author={Li, Jiuqiang and Zhu, Shilei},
  booktitle={ICASSP 2024-2024 IEEE International Conference on Acoustics, Speech and Signal Processing (ICASSP)},
  pages={9396--9400},
  year={2024},
  organization={IEEE}
}
@inproceedings{lin2024mixed,
  title={Mixed attention network for cross-domain sequential recommendation},
  author={Lin, Guanyu and Gao, Chen and Zheng, Yu and Chang, Jianxin and Niu, Yanan and Song, Yang and Gai, Kun and Li, Zhiheng and Jin, Depeng and Li, Yong and others},
  booktitle={Proceedings of the 17th ACM International Conference on Web Search and Data Mining},
  pages={405--413},
  year={2024}
}
@article{yao2022multi,
  title={Multi-view graph convolutional networks with attention mechanism},
  author={Yao, Kaixuan and Liang, Jiye and Liang, Jianqing and Li, Ming and Cao, Feilong},
  journal={Artificial Intelligence},
  volume={307},
  pages={103708},
  year={2022},
  publisher={Elsevier}
}
@article{shrivastava2023deep,
  title={Deep neural network-based multi-stakeholder recommendation system exploiting multi-criteria ratings for preference learning},
  author={Shrivastava, Rahul and Sisodia, Dilip Singh and Nagwani, Naresh Kumar},
  journal={Expert Systems with Applications},
  volume={213},
  pages={119071},
  year={2023},
  publisher={Elsevier}
}
@inproceedings{huang2023self,
  title={Self-supervised graph attention networks for deep weighted multi-view clustering},
  author={Huang, Zongmo and Ren, Yazhou and Pu, Xiaorong and Huang, Shudong and Xu, Zenglin and He, Lifang},
  booktitle={Proceedings of the AAAI Conference on Artificial Intelligence},
  volume={37},
  pages={7936--7943},
  year={2023}
}
@article{vu2023deep,
  title={A deep learning based approach for context-aware multi-criteria recommender systems},
  author={Vu, Son-Lam and Le, Quang-Hung},
  journal={Computer Systems Science and Engineering},
  volume={44},
  number={1},
  pages={471--483},
  year={2023}
}

@article{haruna2017context,
  title={Context-aware recommender system: A review of recent developmental process and future research direction},
  author={Haruna, Khalid and Akmar Ismail, Maizatul and Suhendroyono, Suhendroyono and Damiasih, Damiasih and Pierewan, Adi Cilik and Chiroma, Haruna and Herawan, Tutut},
  journal={Applied Sciences},
  volume={7},
  number={12},
  pages={1211},
  year={2017},
  publisher={Multidisciplinary Digital Publishing Institute}
}

@article{raza2021news,
  title={News recommender system: a review of recent progress, challenges, and opportunities},
  author={Raza, Shaina and Ding, Chen},
  journal={Artificial Intelligence Review},
  pages={1--52},
  year={2021},
  publisher={Springer}
}

@inproceedings{rahayu2017systematic,
  title={A systematic review of recommender system for e-portfolio domain},
  author={Rahayu, Puji and Sensuse, Dana Indra and Purwandari, Betty and Budi, Indra and Khalid, F and Zulkarnaim, N},
  booktitle={Proceedings of the 5th International Conference on Information and Education Technology},
  pages={21--26},
  year={2017}
}

@article{al2019multi,
  title={Multi-criteria review-based recommender system--the state of the art},
  author={Al-Ghuribi, Sumaia Mohammed and Noah, Shahrul Azman Mohd},
  journal={IEEE Access},
  volume={7},
  pages={169446--169468},
  year={2019},
  publisher={IEEE}
}
@article{fan2023improving,
  title={Improving Rating Prediction in Multi-Criteria Recommender Systems Via a Collective Factor Model},
  author={Fan, Ge and Zhang, Chaoyun and Chen, Junyang and Li, Paul and Li, Yingjie and Leung, Victor CM},
  journal={IEEE Transactions on Network Science and Engineering},
  year={2023},
  publisher={IEEE}
}

@article{wasid2018improved,
  title={An improved recommender system based on multi-criteria clustering approach},
  author={Wasid, Mohammed and Ali, Rashid},
  journal={Procedia Computer Science},
  volume={131},
  pages={93--101},
  year={2018},
  publisher={Elsevier}
}
@article{gupta2020credibility,
  title={Credibility score based multi-criteria recommender system},
  author={Gupta, Shweta and Kant, Vibhor},
  journal={Knowledge-Based Systems},
  volume={196},
  pages={105756},
  year={2020},
  publisher={Elsevier}
}

@article{zhang2021multi,
  title={Multi-criteria recommender system based on social relationships and criteria preferences},
  author={Zhang, Kun and Liu, Xinwang and Wang, Weizhong and Li, Jing},
  journal={Expert Systems with Applications},
  volume={176},
  pages={114868},
  year={2021},
  publisher={Elsevier}
}

@article{nilashi2015multi,
  title={A multi-criteria collaborative filtering recommender system for the tourism domain using Expectation Maximization (EM) and PCA--ANFIS},
  author={Nilashi, Mehrbakhsh and bin Ibrahim, Othman and Ithnin, Norafida and Sarmin, Nor Haniza},
  journal={Electronic Commerce Research and Applications},
  volume={14},
  number={6},
  pages={542--562},
  year={2015},
  publisher={Elsevier}
}
@article{ibrahim2021hybrid,
  title={Hybrid recommender for research papers and articles},
  author={Ibrahim, Alhassan Jamilu and Zira, Peter and Abdulganiyyi, Nuraini},
  journal={International Journal of Intelligent Information Systems},
  volume={10},
  number={2},
  pages={9},
  year={2021},
  publisher={Science Publishing Group}
}
@article{patel2020state,
  title={A state-of-the-art survey on recommendation system and prospective extensions},
  author={Patel, Krupa and Patel, Hiren B},
  journal={Computers and Electronics in Agriculture},
  volume={178},
  pages={105779},
  year={2020},
  publisher={Elsevier}
}
@article{forouzandeh2024uifrs,
  title={UIFRS-HAN: User interests-aware food recommender system based on the heterogeneous attention network},
  author={Forouzandeh, Saman and Berahmand, Kamal and Rostami, Mehrdad and Aminzadeh, Aliyeh and Oussalah, Mourad},
  journal={Engineering Applications of Artificial Intelligence},
  volume={135},
  pages={108766},
  year={2024},
  publisher={Elsevier}
}
@article{jain2020tweet,
  title={Tweet recommender model using adaptive neuro-fuzzy inference system},
  author={Jain, Deepak Kumar and Kumar, Akshi and Sharma, Vibhuti},
  journal={Future Generation Computer Systems},
  volume={112},
  pages={996--1009},
  year={2020},
  publisher={Elsevier}
}
@article{kermany2017hybrid,
  title={A hybrid multi-criteria recommender system using ontology and neuro-fuzzy techniques},
  author={Kermany, Naime Ranjbar and Alizadeh, Sasan H},
  journal={Electronic Commerce Research and Applications},
  volume={21},
  pages={50--64},
  year={2017},
  publisher={Elsevier}
}
@article{licen2023self,
  title={Self-organizing map algorithm for assessing spatial and temporal patterns of pollutants in environmental compartments: A review},
  author={Licen, Sabina and Astel, Aleksander and Tsakovski, Stefan},
  journal={Science of the Total Environment},
  volume={878},
  pages={163084},
  year={2023},
  publisher={Elsevier}
}
@article{zhang2021causal,
  title={Causal neural fuzzy inference modeling of missing data in implicit recommendation system},
  author={Zhang, Weina and Zhang, Xingming and Chen, Dongpei},
  journal={Knowledge-Based Systems},
  volume={222},
  pages={106678},
  year={2021},
  publisher={Elsevier}
}

@article{forouzandeh2021hotel,
  title={A Hotel Recommender System for Tourists Using the Artificial Bee Colony Algorithm and Fuzzy TOPSIS Model: A Case Study of TripAdvisor},
  author={Forouzandeh, Saman and Berahmand, Kamal and Nasiri, Elahe and Rostami, Mehrdad},
  journal={International Journal of Information Technology \& Decision Making},
  volume={20},
  number={01},
  pages={399--429},
  year={2021},
  publisher={World Scientific}
}

@article{forouzandeh2022hybrid,
  title={A Hybrid Method for Recommendation Systems based on Tourism with an Evolutionary Algorithm and Topsis Model},
  author={Forouzandeh, Saman and Rostami, Mehrdad and Berahmand, Kamal},
  journal={Fuzzy Information and Engineering},
  pages={1--25},
  year={2022},
  publisher={Taylor \& Francis}
}

@article{wu2017translating,
  title={Translating on pairwise entity space for knowledge graph embedding},
  author={Wu, Yu and Mu, Tingting and Goulermas, John Y},
  journal={Neurocomputing},
  volume={260},
  pages={411--419},
  year={2017},
  publisher={Elsevier}
}
@article{rismala2024personalized,
  title={Personalized neural network-based aggregation function in multi-criteria collaborative filtering},
  author={Rismala, Rita and Maulidevi, Nur Ulfa and Surendro, Kridanto},
  journal={Journal of King Saud University-Computer and Information Sciences},
  volume={36},
  number={1},
  pages={101922},
  year={2024},
  publisher={Elsevier}
}
@inproceedings{zhou2020improving,
  title={Improving conversational recommender systems via knowledge graph based semantic fusion},
  author={Zhou, Kun and Zhao, Wayne Xin and Bian, Shuqing and Zhou, Yuanhang and Wen, Ji-Rong and Yu, Jingsong},
  booktitle={Proceedings of the 26th ACM SIGKDD International Conference on Knowledge Discovery \& Data Mining},
  pages={1006--1014},
  year={2020}
}
@article{bhatt2019representation,
  title={Representation learning using step-based deep multi-modal autoencoders},
  author={Bhatt, Gaurav and Jha, Piyush and Raman, Balasubramanian},
  journal={Pattern Recognition},
  volume={95},
  pages={12--23},
  year={2019},
  publisher={Elsevier}
}
@article{ming2021deep,
  title={Deep learning for monocular depth estimation: A review},
  author={Ming, Yue and Meng, Xuyang and Fan, Chunxiao and Yu, Hui},
  journal={Neurocomputing},
  volume={438},
  pages={14--33},
  year={2021},
  publisher={Elsevier}
}
@article{chen2023learnable,
  title={Learnable graph convolutional network and feature fusion for multi-view learning},
  author={Chen, Zhaoliang and Fu, Lele and Yao, Jie and Guo, Wenzhong and Plant, Claudia and Wang, Shiping},
  journal={Information Fusion},
  volume={95},
  pages={109--119},
  year={2023},
  publisher={Elsevier}
}
@article{yan2023collaborative,
  title={Collaborative structure and feature learning for multi-view clustering},
  author={Yan, Weiqing and Gu, Meiqi and Ren, Jinlai and Yue, Guanghui and Liu, Zhaowei and Xu, Jindong and Lin, Weisi},
  journal={Information Fusion},
  volume={98},
  pages={101832},
  year={2023},
  publisher={Elsevier}
}
@inproceedings{chen2023knowledge,
  title={Knowledge-enhanced multi-view graph neural networks for session-based recommendation},
  author={Chen, Qian and Guo, Zhiqiang and Li, Jianjun and Li, Guohui},
  booktitle={Proceedings of the 46th International ACM SIGIR Conference on Research and Development in Information Retrieval},
  pages={352--361},
  year={2023}
}
@article{liu2021contrastive,
  title={Contrastive learning for recommender system},
  author={Liu, Zhuang and Ma, Yunpu and Ouyang, Yuanxin and Xiong, Zhang},
  journal={arXiv preprint arXiv:2101.01317},
  year={2021}
}

@article{gheewala2024exploiting,
  title={Exploiting deep transformer models in textual review based recommender systems},
  author={Gheewala, Shivangi and Xu, Shuxiang and Yeom, Soonja and Maqsood, Sumbal},
  journal={Expert Systems with Applications},
  volume={235},
  pages={121120},
  year={2024},
  publisher={Elsevier}
}
@article{hien2024deep,
  title={A Deep Learning Model for Context Understanding in Recommendation Systems},
  author={Hien, Ngo Le Huy and Van Huy, Luu and Manh, Hoang Huu and Van Hieu, Nguyen},
  journal={Informatica},
  volume={48},
  number={1},
  year={2024}
}
@article{cao2024multi,
  title={Multi-view unsupervised complementary feature selection with multi-order similarity learning},
  author={Cao, Zhiwen and Xie, Xijiong},
  journal={Knowledge-Based Systems},
  volume={283},
  pages={111172},
  year={2024},
  publisher={Elsevier}
}
@article{sun2023attention,
  title={Attention-based graph neural networks: a survey},
  author={Sun, Chengcheng and Li, Chenhao and Lin, Xiang and Zheng, Tianji and Meng, Fanrong and Rui, Xiaobin and Wang, Zhixiao},
  journal={Artificial Intelligence Review},
  volume={56},
  number={Suppl 2},
  pages={2263--2310},
  year={2023},
  publisher={Springer}
}
@article{lee2019attention,
  title={Attention models in graphs: A survey},
  author={Lee, John Boaz and Rossi, Ryan A and Kim, Sungchul and Ahmed, Nesreen K and Koh, Eunyee},
  journal={ACM Transactions on Knowledge Discovery from Data (TKDD)},
  volume={13},
  number={6},
  pages={1--25},
  year={2019},
  publisher={ACM New York, NY, USA}
}
@article{nie2024m2vt,
  title={M2VT-IDS: A multi-task multi-view learning architecture for designing IoT intrusion detection system},
  author={Nie, Fengyuan and Liu, Weiwei and Liu, Guangjie and Gao, Bo},
  journal={Internet of Things},
  volume={25},
  pages={101102},
  year={2024},
  publisher={Elsevier}
}
@inproceedings{santosh2020mvl,
  title={MVL: Multi-view learning for news recommendation},
  author={Santosh, TYSS and Saha, Avirup and Ganguly, Niloy},
  booktitle={Proceedings of the 43rd International ACM SIGIR Conference on Research and Development in Information Retrieval},
  pages={1873--1876},
  year={2020}
}
@article{zheng2023comprehensive,
  title={Comprehensive multi-view representation learning},
  author={Zheng, Qinghai and Zhu, Jihua and Li, Zhongyu and Tian, Zhiqiang and Li, Chen},
  journal={Information Fusion},
  volume={89},
  pages={198--209},
  year={2023},
  publisher={Elsevier}
}
@article{singh2024comparative,
  title={Comparative analysis of collaborative filtering techniques for the multi-criteria recommender systems},
  author={Singh, Reetu and Dwivedi, Pragya and Kant, Vibhor},
  journal={Multimedia Tools and Applications},
  pages={1--21},
  year={2024},
  publisher={Springer}
}
@article{xie2021explainable,
  title={Explainable recommendation based on knowledge graph and multi-objective optimization},
  author={Xie, Lijie and Hu, Zhaoming and Cai, Xingjuan and Zhang, Wensheng and Chen, Jinjun},
  journal={Complex \& Intelligent Systems},
  volume={7},
  number={3},
  pages={1241--1252},
  year={2021},
  publisher={Springer}
}

@inproceedings{zichen2019recommendation,
  title={Recommendation with heterogeneous information networks based on meta-graph},
  author={Zichen, Ding and Sheng, Bin and Gengxin, Sun},
  booktitle={International Conference on Artificial Intelligence and Security},
  pages={379--390},
  year={2019},
  organization={Springer}
}

@article{ai2018learning,
  title={Learning heterogeneous knowledge base embeddings for explainable recommendation},
  author={Ai, Qingyao and Azizi, Vahid and Chen, Xu and Zhang, Yongfeng},
  journal={Algorithms},
  volume={11},
  number={9},
  pages={137},
  year={2018},
  publisher={Multidisciplinary Digital Publishing Institute}
}

@article{gong2021smr,
  title={Smr: Medical knowledge graph embedding for safe medicine recommendation},
  author={Gong, Fan and Wang, Meng and Wang, Haofen and Wang, Sen and Liu, Mengyue},
  journal={Big Data Research},
  volume={23},
  pages={100174},
  year={2021},
  publisher={Elsevier}
}

@article{sang2021knowledge,
  title={Knowledge graph enhanced neural collaborative recommendation},
  author={Sang, Lei and Xu, Min and Qian, Shengsheng and Wu, Xindong},
  journal={Expert Systems with Applications},
  volume={164},
  pages={113992},
  year={2021},
  publisher={Elsevier}
}

@article{guo2021trust,
  title={Trust-aware recommendation based on heterogeneous multi-relational graphs fusion},
  author={Guo, Jie and Zhou, Yan and Zhang, Peng and Song, Bin and Chen, Chen},
  journal={Information Fusion},
  volume={74},
  pages={87--95},
  year={2021},
  publisher={Elsevier}
}

@article{sun2013survey,
  title={A survey of multi-view machine learning},
  author={Sun, Shiliang},
  journal={Neural computing and applications},
  volume={23},
  number={7},
  pages={2031--2038},
  year={2013},
  publisher={Springer}
}

@article{yan2021deep,
  title={Deep multi-view learning methods: A review},
  author={Yan, Xiaoqiang and Hu, Shizhe and Mao, Yiqiao and Ye, Yangdong and Yu, Hui},
  journal={Neurocomputing},
  volume={448},
  pages={106--129},
  year={2021},
  publisher={Elsevier}
}

@article{xue2019deep,
  title={Deep low-rank subspace ensemble for multi-view clustering},
  author={Xue, Zhe and Du, Junping and Du, Dawei and Lyu, Siwei},
  journal={Information Sciences},
  volume={482},
  pages={210--227},
  year={2019},
  publisher={Elsevier}
}

@article{chao2017survey,
  title={A survey on multi-view clustering},
  author={Chao, Guoqing and Sun, Shiliang and Bi, Jinbo},
  journal={arXiv preprint arXiv:1712.06246},
  year={2017}
}

@article{wang2019adversarial,
  title={Adversarial correlated autoencoder for unsupervised multi-view representation learning},
  author={Wang, Xu and Peng, Dezhong and Hu, Peng and Sang, Yongsheng},
  journal={Knowledge-Based Systems},
  volume={168},
  pages={109--120},
  year={2019},
  publisher={Elsevier}
}

@inproceedings{gao2020set,
  title={Set-Sequence-Graph: A Multi-View Approach Towards Exploiting Reviews for Recommendation},
  author={Gao, Jingyue and Lin, Yang and Wang, Yasha and Wang, Xiting and Yang, Zhao and He, Yuanduo and Chu, Xu},
  booktitle={Proceedings of the 29th ACM International Conference on Information \& Knowledge Management},
  pages={395--404},
  year={2020}
}

@article{li2019mv,
  title={MV-GCN: multi-view graph convolutional networks for link prediction},
  author={Li, Zhao and Liu, Zhanlin and Huang, Jiaming and Tang, Geyu and Duan, Yucong and Zhang, Zhiqiang and Yang, Yifan},
  journal={IEEE Access},
  volume={7},
  pages={176317--176328},
  year={2019},
  publisher={IEEE}
}

@inproceedings{gao2019explainable,
  title={Explainable recommendation through attentive multi-view learning},
  author={Gao, Jingyue and Wang, Xiting and Wang, Yasha and Xie, Xing},
  booktitle={Proceedings of the AAAI Conference on Artificial Intelligence},
  volume={33},
  number={01},
  pages={3622--3629},
  year={2019}
}

@article{hu2017item,
  title={An item orientated recommendation algorithm from the multi-view perspective},
  author={Hu, Qi-Ying and Zhao, Zhi-Lin and Wang, Chang-Dong and Lai, Jian-Huang},
  journal={Neurocomputing},
  volume={269},
  pages={261--272},
  year={2017},
  publisher={Elsevier}
}

@article{guan2019deep,
  title={Deep learning based personalized recommendation with multi-view information integration},
  author={Guan, Yue and Wei, Qiang and Chen, Guoqing},
  journal={Decision Support Systems},
  volume={118},
  pages={58--69},
  year={2019},
  publisher={Elsevier}
}

@article{zhang2020survey,
  title={A survey of autoencoder-based recommender systems},
  author={Zhang, Guijuan and Liu, Yang and Jin, Xiaoning},
  journal={Frontiers of Computer Science},
  volume={14},
  number={2},
  pages={430--450},
  year={2020},
  publisher={Springer}
}

@article{pan2020learning,
  title={Learning social representations with deep autoencoder for recommender system},
  author={Pan, Yiteng and He, Fazhi and Yu, Haiping},
  journal={World Wide Web},
  volume={23},
  number={4},
  pages={2259--2279},
  year={2020},
  publisher={Springer}
}

@article{pan2020correlative,
  title={A correlative denoising autoencoder to model social influence for top-N recommender system},
  author={Pan, Yiteng and He, Fazhi and Yu, Haiping},
  journal={Frontiers of Computer science},
  volume={14},
  number={3},
  pages={1--13},
  year={2020},
  publisher={Springer}
}


@article{bathla2020autotrustrec,
  title={AutoTrustRec: Recommender system with social trust and deep learning using autoEncoder},
  author={Bathla, Gourav and Aggarwal, Himanshu and Rani, Rinkle},
  journal={Multimedia Tools and Applications},
  volume={79},
  number={29},
  pages={20845--20860},
  year={2020},
  publisher={Springer}
}

@article{tewari2021user,
  title={User-centric hybrid semi-autoencoder recommendation system},
  author={Tewari, Anand Shanker and Parhi, Ityendu and Al-Turjman, Fadi and Abhishek, Kumar and Ghalib, Muhummad Rukunuddin and Shankar, Achyut},
  journal={Multimedia Tools and Applications},
  pages={1--14},
  year={2021},
  publisher={Springer}
}

@article{dong2020hybrid,
  title={Hybrid collaborative recommendation via dual-autoencoder},
  author={Dong, Bingbing and Zhu, Yi and Li, Lei and Wu, Xindong},
  journal={IEEE Access},
  volume={8},
  pages={46030--46040},
  year={2020},
  publisher={IEEE}
}

@inproceedings{zou2019hybrid,
  title={Hybrid collaborative filtering with semi-stacked denoising autoencoders for recommendation},
  author={Zou, Hairui and Chen, Chaoxian and Zhao, Changjian and Yang, Bo and Kang, Zhongfeng},
  booktitle={2019 IEEE Intl Conf on Dependable, Autonomic and Secure Computing, Intl Conf on Pervasive Intelligence and Computing, Intl Conf on Cloud and Big Data Computing, Intl Conf on Cyber Science and Technology Congress (DASC/PiCom/CBDCom/CyberSciTech)},
  pages={87--93},
  year={2019},
  organization={IEEE}
}

@article{yang2021personalized,
  title={Personalized recommendation with knowledge graph via dual-autoencoder},
  author={Yang, Yang and Zhu, Yi and Li, Yun},
  journal={Applied Intelligence},
  pages={1--12},
  year={2021},
  publisher={Springer}
}

@article{song2022deep,
  title={Deep multi-graph neural networks with attention fusion for recommendation},
  author={Song, Yuzhi and Ye, Hailiang and Li, Ming and Cao, Feilong},
  journal={Expert Systems with Applications},
  volume={191},
  pages={116240},
  year={2022},
  publisher={Elsevier}
}

@article{shambour2021deep,
  title={A deep learning based algorithm for multi-criteria recommender systems},
  author={Shambour, Qusai},
  journal={Knowledge-Based Systems},
  volume={211},
  pages={106545},
  year={2021},
  publisher={Elsevier}
}

@inproceedings{zhang2017hybrid,
  title={Hybrid collaborative recommendation via semi-autoencoder},
  author={Zhang, Shuai and Yao, Lina and Xu, Xiwei and Wang, Sen and Zhu, Liming},
  booktitle={International Conference on Neural Information Processing},
  pages={185--193},
  year={2017},
  organization={Springer}
}
@article{hassan2017neural,
  title={A neural networks approach for improving the accuracy of multi-criteria recommender systems},
  author={Hassan, Mohammed and Hamada, Mohamed},
  journal={Applied Sciences},
  volume={7},
  number={9},
  pages={868},
  year={2017},
  publisher={MDPI}
}
@article{wu2022graph,
  title={Graph neural networks in recommender systems: a survey},
  author={Wu, Shiwen and Sun, Fei and Zhang, Wentao and Xie, Xu and Cui, Bin},
  journal={ACM Computing Surveys},
  volume={55},
  number={5},
  pages={1--37},
  year={2022},
  publisher={ACM New York, NY}
}

@inproceedings{aysha2022pareto,
  title={A Pareto Dominance Approach to Multi-criteria Recommender System Using PSO Algorithm},
  author={Aysha, Saima and Tarun, Shrimali},
  booktitle={International Conference on Innovative Computing and Communications},
  pages={737--755},
  year={2022},
  organization={Springer}
}

@article{sitkrongwong2022multi,
  title={Multi-criteria rating conversion without relation loss for recommender systems},
  author={Sitkrongwong, Padipat and Maneeroj, Saranya and Takasu, Atsuhiro},
  journal={International Journal of Computers and Applications},
  volume={44},
  number={2},
  pages={130--138},
  year={2022},
  publisher={Taylor \& Francis}
}

@article{dridi2022exploiting,
  title={Exploiting context-awareness and multi-criteria decision making to improve items recommendation using a tripartite graph-based model},
  author={Dridi, Rim and Tamine, Lynda and Slimani, Yahya},
  journal={Information Processing \& Management},
  volume={59},
  number={2},
  pages={102861},
  year={2022},
  publisher={Elsevier}
}

@article{zheng2022survey,
  title={A survey of recommender systems with multi-objective optimization},
  author={Zheng, Yong and Wang, David Xuejun},
  journal={Neurocomputing},
  volume={474},
  pages={141--153},
  year={2022},
  publisher={Elsevier}
}

@article{ncircategorization,
  title={Categorization of recommender system methods},
  author={Ncir, Chiheb Eddine Ben}
}

@article{wang2020survey,
  title={A survey on heterogeneous graph embedding: methods, techniques, applications and sources},
  author={Wang, Xiao and Bo, Deyu and Shi, Chuan and Fan, Shaohua and Ye, Yanfang and Yu, Philip S},
  journal={arXiv preprint arXiv:2011.14867},
  year={2020}
}

@article{kim2019tripartite,
  title={Tripartite heterogeneous graph propagation for large-scale social recommendation},
  author={Kim, Kyung-Min and Kwak, Donghyun and Kwak, Hanock and Park, Young-Jin and Sim, Sangkwon and Cho, Jae-Han and Kim, Minkyu and Kwon, Jihun and Sung, Nako and Ha, Jung-Woo},
  journal={arXiv preprint arXiv:1908.02569},
  year={2019}
}

@article{wang2020recommendation,
  title={Recommendation system based on heterogeneous feature: A survey},
  author={Wang, Hui and Le, Zichun and Gong, Xuan},
  journal={IEEE Access},
  volume={8},
  pages={170779--170793},
  year={2020},
  publisher={IEEE}
}

@article{wang2021hgate,
  title={HGATE: Heterogeneous Graph Attention Auto-Encoders},
  author={Wang, Wei and Wei, Xiangyu and Suo, Xiaoyang and Wang, Bin and Wang, Hao and Dai, Hong-Ning and Zhang, Xiangliang},
  journal={IEEE Transactions on Knowledge and Data Engineering},
  year={2021},
  publisher={IEEE}
}

@article{li2021learning,
  title={Learning knowledge graph embedding with heterogeneous relation attention networks},
  author={Li, Zhifei and Liu, Hai and Zhang, Zhaoli and Liu, Tingting and Xiong, Neal N},
  journal={IEEE Transactions on Neural Networks and Learning Systems},
  year={2021},
  publisher={IEEE}
}

@article{farokhi2016multi,
  title={A multi-criteria recommender system for tourism using fuzzy approach},
  author={Farokhi, Nima and Vahid, Mozhdeh and Nilashi, Mehrbakhsh and Ibrahim, Othman},
  journal={Journal of Soft Computing and Decision Support Systems},
  volume={3},
  number={4},
  pages={19--29},
  year={2016}
}

@inproceedings{zheng2019utility,
  title={Utility-based multi-criteria recommender systems},
  author={Zheng, Yong},
  booktitle={Proceedings of the 34th ACM/SIGAPP Symposium on Applied Computing},
  pages={2529--2531},
  year={2019}
}
@incollection{adomavicius2011multi,
  title={Multi-criteria recommender systems},
  author={Adomavicius, Gediminas and Manouselis, Nikos and Kwon, YoungOk},
  booktitle={Recommender systems handbook},
  pages={769--803},
  year={2011},
  publisher={Springer}
}

@article{lakiotaki2011multicriteria,
  title={Multicriteria user modeling in recommender systems},
  author={Lakiotaki, Kleanthi and Matsatsinis, Nikolaos F and Tsoukias, Alexis},
  journal={IEEE Intelligent Systems},
  volume={26},
  number={2},
  pages={64--76},
  year={2011},
  publisher={IEEE}
}


@article{hassan2018genetic,
  title={Genetic algorithm approaches for improving prediction accuracy of multi-criteria recommender systems},
  author={Hassan, Mohammed and Hamada, Mohamed},
  journal={International Journal of Computational Intelligence Systems},
  volume={11},
  number={1},
  pages={146},
  year={2018},
  publisher={Atlantis Press BV}
}

@article{hassan2019evaluating,
  title={Evaluating the performance of a neural network-based multi-criteria recommender system},
  author={Hassan, Mohammed and Hamada, Mohamed},
  journal={International Journal of Spatio-Temporal Data Science},
  volume={1},
  number={1},
  pages={54--69},
  year={2019},
  publisher={Inderscience Publishers (IEL)}
}

@article{mu2018survey,
  title={A survey of recommender systems based on deep learning},
  author={Mu, Ruihui},
  journal={Ieee Access},
  volume={6},
  pages={69009--69022},
  year={2018},
  publisher={IEEE}
}
@article{batmaz2019review,
  title={A review on deep learning for recommender systems: challenges and remedies},
  author={Batmaz, Zeynep and Yurekli, Ali and Bilge, Alper and Kaleli, Cihan},
  journal={Artificial Intelligence Review},
  volume={52},
  number={1},
  pages={1--37},
  year={2019},
  publisher={Springer}
}
@article{zhang2019deep,
  title={Deep learning based recommender system: A survey and new perspectives},
  author={Zhang, Shuai and Yao, Lina and Sun, Aixin and Tay, Yi},
  journal={ACM Computing Surveys (CSUR)},
  volume={52},
  number={1},
  pages={1--38},
  year={2019},
  publisher={ACM New York, NY, USA}
}
@article{nassar2020novel,
  title={A novel deep multi-criteria collaborative filtering model for recommendation system},
  author={Nassar, Nour and Jafar, Assef and Rahhal, Yasser},
  journal={Knowledge-Based Systems},
  volume={187},
  pages={104811},
  year={2020},
  publisher={Elsevier}
}

@article{nilashi2019preference,
  title={Preference learning for eco-friendly hotels recommendation: A multi-criteria collaborative filtering approach},
  author={Nilashi, Mehrbakhsh and Ahani, Ali and Esfahani, Mohammad Dalvi and Yadegaridehkordi, Elaheh and Samad, Sarminah and Ibrahim, Othman and Sharef, Nurfadhlina Mohd and Akbari, Elnaz},
  journal={Journal of Cleaner Production},
  volume={215},
  pages={767--783},
  year={2019},
  publisher={Elsevier}
}

@article{yuan2019multi,
  title={Multi-criteria active deep learning for image classification},
  author={Yuan, Jin and Hou, Xingxing and Xiao, Yaoqiang and Cao, Da and Guan, Weili and Nie, Liqiang},
  journal={Knowledge-Based Systems},
  volume={172},
  pages={86--94},
  year={2019},
  publisher={Elsevier}
}
@article{sinha2022dnn,
  title={DNN-MF: deep neural network matrix factorization approach for filtering information in multi-criteria recommender systems},
  author={Sinha, Bam Bahadur and Dhanalakshmi, R},
  journal={Neural Computing and Applications},
  pages={1--15},
  year={2022},
  publisher={Springer}
}
@inproceedings{wang2011latent,
  title={Latent aspect rating analysis without aspect keyword supervision},
  author={Wang, Hongning and Lu, Yue and Zhai, ChengXiang},
  booktitle={Proceedings of the 17th ACM SIGKDD international conference on Knowledge discovery and data mining},
  pages={618--626},
  year={2011}
}
@inproceedings{wang2010latent,
  title={Latent aspect rating analysis on review text data: a rating regression approach},
  author={Wang, Hongning and Lu, Yue and Zhai, Chengxiang},
  booktitle={Proceedings of the 16th ACM SIGKDD international conference on Knowledge discovery and data mining},
  pages={783--792},
  year={2010}
}

@inproceedings{moqa2021multi,
  title={Multi-criteria Dual-View Attention Network for Rating Prediction},
  author={Moqa, Salem and Ismail, Muhammad and Zakir, Ali and Lu, Jianfeng},
  booktitle={2021 International Conference on Innovative Computing (ICIC)},
  pages={1--8},
  year={2021},
  organization={IEEE}
}
@article{xia2021social,
  title={Social Recommendation System Based on Hypergraph Attention Network},
  author={Xia, Zhongxiu and Zhang, Weiyu and Weng, Ziqiang},
  journal={Computational Intelligence and Neuroscience},
  volume={2021},
  year={2021},
  publisher={Hindawi}
}
@article{da2021adaptive,
  title={An adaptive deep learning method for item recommendation system},
  author={Da’u, Aminu and Salim, Naomie and Idris, Rabiu},
  journal={Knowledge-Based Systems},
  volume={213},
  pages={106681},
  year={2021},
  publisher={Elsevier}
}
@article{nguyen2020ilwaanet,
  title={ILWAANet: an Interactive Lexicon-Aware Word-Aspect Attention Network for aspect-level sentiment classification on social networking},
  author={Nguyen, Huy-Thanh and Nguyen, Le-Minh},
  journal={Expert Systems with Applications},
  volume={146},
  pages={113065},
  year={2020},
  publisher={Elsevier}
}

@article{da2019sentiment,
  title={Sentiment-aware deep recommender system with neural attention networks},
  author={Da’u, Aminu and Salim, Naomie},
  journal={IEEE Access},
  volume={7},
  pages={45472--45484},
  year={2019},
  publisher={IEEE}
}
@inproceedings{tay2018multi,
  title={Multi-pointer co-attention networks for recommendation},
  author={Tay, Yi and Luu, Anh Tuan and Hui, Siu Cheung},
  booktitle={Proceedings of the 24th ACM SIGKDD International Conference on Knowledge Discovery \& Data Mining},
  pages={2309--2318},
  year={2018}
}
@inproceedings{seo2017interpretable,
  title={Interpretable convolutional neural networks with dual local and global attention for review rating prediction},
  author={Seo, Sungyong and Huang, Jing and Yang, Hao and Liu, Yan},
  booktitle={Proceedings of the eleventh ACM conference on recommender systems},
  pages={297--305},
  year={2017}
}
@article{sitkrongwong2020context,
  title={Context-aware user and item representations based on unsupervised context extraction from reviews},
  author={Sitkrongwong, Padipat and Takasu, Atsuhiro and Maneeroj, Saranya},
  journal={IEEE Access},
  volume={8},
  pages={87094--87114},
  year={2020},
  publisher={IEEE}
}

@inproceedings{bi2020heterogeneous,
  title={A heterogeneous information network based cross domain insurance recommendation system for cold start users},
  author={Bi, Ye and Song, Liqiang and Yao, Mengqiu and Wu, Zhenyu and Wang, Jianming and Xiao, Jing},
  booktitle={Proceedings of the 43rd International ACM SIGIR Conference on Research and Development in Information Retrieval},
  pages={2211--2220},
  year={2020}
}
@inproceedings{wang2020disenhan,
  title={Disenhan: Disentangled heterogeneous graph attention network for recommendation},
  author={Wang, Yifan and Tang, Suyao and Lei, Yuntong and Song, Weiping and Wang, Sheng and Zhang, Ming},
  booktitle={Proceedings of the 29th ACM International Conference on Information \& Knowledge Management},
  pages={1605--1614},
  year={2020}
}

@inproceedings{hong2020attention,
  title={An attention-based graph neural network for heterogeneous structural learning},
  author={Hong, Huiting and Guo, Hantao and Lin, Yucheng and Yang, Xiaoqing and Li, Zang and Ye, Jieping},
  booktitle={Proceedings of the AAAI Conference on Artificial Intelligence},
  volume={34},
  number={04},
  pages={4132--4139},
  year={2020}
}
@inproceedings{wang2019heterogeneous,
  title={Heterogeneous graph attention network},
  author={Wang, Xiao and Ji, Houye and Shi, Chuan and Wang, Bai and Ye, Yanfang and Cui, Peng and Yu, Philip S},
  booktitle={The world wide web conference},
  pages={2022--2032},
  year={2019}
}
@article{liu2022survey,
  title={A survey on heterogeneous information network based recommender systems: Concepts, methods, applications and resources},
  author={Liu, Jiawei and Shi, Chuan and Yang, Cheng and Lu, Zhiyuan and Philip, S Yu},
  journal={AI Open},
  year={2022},
  publisher={Elsevier}
}
@article{gupta2020aggregation,
  title={An aggregation approach to multi-criteria recommender system using genetic programming},
  author={Gupta, Shweta and Kant, Vibhor},
  journal={Evolving Systems},
  volume={11},
  number={1},
  pages={29--44},
  year={2020},
  publisher={Springer}
}

@article{koren2009matrix,
  title={Matrix factorization techniques for recommender systems},
  author={Koren, Yehuda and Bell, Robert and Volinsky, Chris},
  journal={Computer},
  volume={42},
  number={8},
  pages={30--37},
  year={2009},
  publisher={IEEE}
}
@inproceedings{koren2008factorization,
  title={Factorization meets the neighborhood: a multifaceted collaborative filtering model},
  author={Koren, Yehuda},
  booktitle={Proceedings of the 14th ACM SIGKDD international conference on Knowledge discovery and data mining},
  pages={426--434},
  year={2008}
}
@inproceedings{lemire2005slope,
  title={Slope one predictors for online rating-based collaborative filtering},
  author={Lemire, Daniel and Maclachlan, Anna},
  booktitle={Proceedings of the 2005 SIAM International Conference on Data Mining},
  pages={471--475},
  year={2005},
  organization={SIAM}
}
@article{koren2010factor,
  title={Factor in the neighbors: Scalable and accurate collaborative filtering},
  author={Koren, Yehuda},
  journal={ACM Transactions on Knowledge Discovery from Data (TKDD)},
  volume={4},
  number={1},
  pages={1--24},
  year={2010},
  publisher={ACM New York, NY, USA}
}
@article{adomavicius2007new,
  title={New recommendation techniques for multi-criteria rating systems},
  author={Adomavicius, Gediminas and Kwon, YoungOk},
  journal={IEEE Intelligent Systems},
  volume={22},
  number={3},
  pages={48--55},
  year={2007},
  publisher={IEEE}
}
@article{yucebacs2019movieann,
  title={MovieANN: A Hybrid Approach to Movie Recommender Systems Using Multi Layer Artificial Neural Networks},
  author={Y{\"u}ceba{\c{s}}, Sait Can},
  journal={{\c{C}}anakkale Onsekiz Mart {\"U}niversitesi Fen Bilimleri Enstit{\"u}s{\"u} Dergisi},
  volume={5},
  number={2},
  pages={214--232},
  year={2019}
}
@inproceedings{shardanand1995social,
  title={Social information filtering: Algorithms for automating “word of mouth”},
  author={Shardanand, Upendra and Maes, Pattie},
  booktitle={Proceedings of the SIGCHI conference on Human factors in computing systems},
  pages={210--217},
  year={1995}
}

@article{kaya2022novel,
  title={A novel top-n recommendation method for multi-criteria collaborative filtering},
  author={Kaya, Tugba and Kaleli, Cihan},
  journal={Expert Systems with Applications},
  volume={198},
  pages={116695},
  year={2022},
  publisher={Elsevier}
}
@article{monti2021systematic,
  title={A systematic literature review of multicriteria recommender systems},
  author={Monti, Diego and Rizzo, Giuseppe and Morisio, Maurizio},
  journal={Artificial Intelligence Review},
  volume={54},
  number={1},
  pages={427--468},
  year={2021},
  publisher={Springer}
}

@article{nassar2020multi,
  title={Multi-criteria collaborative filtering recommender by fusing deep neural network and matrix factorization},
  author={Nassar, Nour and Jafar, Assef and Rahhal, Yasser},
  journal={Journal of Big Data},
  volume={7},
  number={1},
  pages={1--12},
  year={2020},
  publisher={SpringerOpen}
}

@article{herlocker2004evaluating,
  title={Evaluating collaborative filtering recommender systems},
  author={Herlocker, Jonathan L and Konstan, Joseph A and Terveen, Loren G and Riedl, John T},
  journal={ACM Transactions on Information Systems (TOIS)},
  volume={22},
  number={1},
  pages={5--53},
  year={2004},
  publisher={ACM New York, NY, USA}
}
@inproceedings{abel2011analyzing,
  title={Analyzing cross-system user modeling on the social web},
  author={Abel, Fabian and Ara{\'u}jo, Samur and Gao, Qi and Houben, Geert-Jan},
  booktitle={International Conference on Web Engineering},
  pages={28--43},
  year={2011},
  organization={Springer}
}
@article{borras2014intelligent,
  title={Intelligent tourism recommender systems: A survey},
  author={Borr{\`a}s, Joan and Moreno, Antonio and Valls, Aida},
  journal={Expert systems with applications},
  volume={41},
  number={16},
  pages={7370--7389},
  year={2014},
  publisher={Elsevier}
}
@article{wang2022survey,
  title={A survey on heterogeneous graph embedding: methods, techniques, applications and sources},
  author={Wang, Xiao and Bo, Deyu and Shi, Chuan and Fan, Shaohua and Ye, Yanfang and Philip, S Yu},
  journal={IEEE Transactions on Big Data},
  year={2022},
  publisher={IEEE}
}
@article{cai2018comprehensive,
  title={A comprehensive survey of graph embedding: Problems, techniques, and applications},
  author={Cai, Hongyun and Zheng, Vincent W and Chang, Kevin Chen-Chuan},
  journal={IEEE Transactions on Knowledge and Data Engineering},
  volume={30},
  number={9},
  pages={1616--1637},
  year={2018},
  publisher={IEEE}
}
@article{forouzandeh2018addressing,
  title={Addressing the cold-start problem using data mining techniques and improving recommender systems by cuckoo algorithm: a case study of Facebook},
  author={Forouzandeh, Saman and Aghdam, Atae Rezaei and Forouzandeh, Soran and Xu, Shuxiang},
  journal={Computing in Science \& Engineering},
  volume={22},
  number={4},
  pages={62--73},
  year={2018},
  publisher={IEEE}
}
@article{forouzandeh2015application,
  title={Application of data mining in designing a recommender system on social networks},
  author={Forouzandeh, Saman and Soltanpanah, Heirsh and Sheikhahmadi, Amir},
  journal={International Journal of Computer Applications},
  volume={124},
  number={1},
  year={2015},
  publisher={Citeseer}
}
@article{forouzandeh2018new,
  title={New centrality measure for nodes based on user social status and behavior on Facebook},
  author={Forouzandeh, Saman and Sheikhahmadi, Amir and Aghdam, Atae Rezaei and Xu, Shuxiang},
  journal={International Journal of Web Information Systems},
  year={2018},
  publisher={Emerald Publishing Limited}
}
@article{wang2020effective,
  title={Effective similarity search on heterogeneous networks: A meta-path free approach},
  author={Wang, Yue and Wang, Zhe and Zhao, Ziyuan and Li, Zijian and Jian, Xun and Xin, Hao and Chen, Lei and Song, Jianchun and Chen, Zhenhong and Zhao, Meng},
  journal={IEEE Transactions on Knowledge and Data Engineering},
  year={2020},
  publisher={IEEE}
}

@article{shi2018heterogeneous,
  title={Heterogeneous information network embedding for recommendation},
  author={Shi, Chuan and Hu, Binbin and Zhao, Wayne Xin and Philip, S Yu},
  journal={IEEE Transactions on Knowledge and Data Engineering},
  volume={31},
  number={2},
  pages={357--370},
  year={2018},
  publisher={IEEE}
}

@article{li2020multi,
  title={Multi-task learning for recommendation over heterogeneous information network},
  author={Li, Hui and Wang, Yanlin and Lyu, Ziyu and Shi, Jieming},
  journal={IEEE Transactions on Knowledge and Data Engineering},
  year={2020},
  publisher={IEEE}
}

@article{bobadilla2013recommender,
  title={Recommender systems survey},
  author={Bobadilla, Jes{\'u}s and Ortega, Fernando and Hernando, Antonio and Guti{\'e}rrez, Abraham},
  journal={Knowledge-based systems},
  volume={46},
  pages={109--132},
  year={2013},
  publisher={Elsevier}
}
@article{karimi2018news,
  title={News recommender systems--Survey and roads ahead},
  author={Karimi, Mozhgan and Jannach, Dietmar and Jugovac, Michael},
  journal={Information Processing \& Management},
  volume={54},
  number={6},
  pages={1203--1227},
  year={2018},
  publisher={Elsevier}
}
@article{wang2020heterogeneous,
  title={Heterogeneous information network-based music recommendation system in mobile networks},
  author={Wang, Ranran and Ma, Xiao and Jiang, Chi and Ye, Yi and Zhang, Yin},
  journal={Computer Communications},
  volume={150},
  pages={429--437},
  year={2020},
  publisher={Elsevier}
}

@inproceedings{jin2020efficient,
  title={An efficient neighborhood-based interaction model for recommendation on heterogeneous graph},
  author={Jin, Jiarui and Qin, Jiarui and Fang, Yuchen and Du, Kounianhua and Zhang, Weinan and Yu, Yong and Zhang, Zheng and Smola, Alexander J},
  booktitle={Proceedings of the 26th ACM SIGKDD International Conference on Knowledge Discovery \& Data Mining},
  pages={75--84},
  year={2020}
}
@article{yang2020heterogeneous,
  title={Heterogeneous graph attention network for unsupervised multiple-target domain adaptation},
  author={Yang, Xu and Deng, Cheng and Liu, Tongliang and Tao, Dacheng},
  journal={IEEE Transactions on Pattern Analysis and Machine Intelligence},
  year={2020},
  publisher={IEEE}
}

@incollection{ricci2011introduction,
  title={Introduction to recommender systems handbook},
  author={Ricci, Francesco and Rokach, Lior and Shapira, Bracha},
  booktitle={Recommender systems handbook},
  pages={1--35},
  year={2011},
  publisher={Springer}
}



@article{tang2009pedagogical,
  title={The pedagogical value of papers: a collaborative-filtering based paper recommender},
  author={Tang, Tiffany Y and McCalla, Gordon},
  journal={Journal of Digital Information},
  volume={10},
  number={2},
  year={2009}
}
@article{li2020learning,
  title={Learning latent multi-criteria ratings from user reviews for recommendations},
  author={Li, Pan and Tuzhilin, Alexander},
  journal={IEEE Transactions on Knowledge and Data Engineering},
  volume={34},
  number={8},
  pages={3854--3866},
  year={2020},
  publisher={IEEE}
}
@article{jannach2014leveraging,
  title={Leveraging multi-criteria customer feedback for satisfaction analysis and improved recommendations},
  author={Jannach, Dietmar and Zanker, Markus and Fuchs, Matthias},
  journal={Information Technology \& Tourism},
  volume={14},
  pages={119--149},
  year={2014},
  publisher={Springer}
}
@inproceedings{sreepada2017multi,
  title={Multi-criteria recommendations through preference learning},
  author={Sreepada, Rama Syamala and Patra, Bidyut Kr and Hernando, Antonio},
  booktitle={Proceedings of the Fourth ACM IKDD Conferences on Data Sciences},
  pages={1--11},
  year={2017}
}
@article{nilashi2014hybrid,
  title={Hybrid recommendation approaches for multi-criteria collaborative filtering},
  author={Nilashi, Mehrbakhsh and bin Ibrahim, Othman and Ithnin, Norafida},
  journal={Expert Systems with Applications},
  volume={41},
  number={8},
  pages={3879--3900},
  year={2014},
  publisher={Elsevier}
}

@inproceedings{pozo2016enhancing,
  title={Enhancing collaborative filtering using implicit relations in data},
  author={Pozo, Manuel and Chiky, Raja and M{\'e}tais, Elisabeth},
  booktitle={Transactions on Computational Collective Intelligence XXII},
  pages={125--146},
  year={2016},
  organization={Springer}
}
@article{papalexakis2016tensors,
  title={Tensors for data mining and data fusion: Models, applications, and scalable algorithms},
  author={Papalexakis, Evangelos E and Faloutsos, Christos and Sidiropoulos, Nicholas D},
  journal={ACM Transactions on Intelligent Systems and Technology (TIST)},
  volume={8},
  number={2},
  pages={1--44},
  year={2016},
  publisher={ACM New York, NY, USA}
}
@article{morise2019bayesian,
  title={Bayesian probabilistic tensor factorization for recommendation and rating aggregation with multicriteria evaluation data},
  author={Morise, Hiroki and Oyama, Satoshi and Kurihara, Masahito},
  journal={Expert Systems with Applications},
  volume={131},
  pages={1--8},
  year={2019},
  publisher={Elsevier}
}
@article{hong2022sentiment,
  title={Sentiment aware tensor model for multi-criteria recommendation},
  author={Hong, Minsung and Jung, Jason J},
  journal={Applied Intelligence},
  volume={52},
  number={13},
  pages={15006--15025},
  year={2022},
  publisher={Springer}
}

@inproceedings{zheng2017criteria,
  title={Criteria chains: a novel multi-criteria recommendation approach},
  author={Zheng, Yong},
  booktitle={Proceedings of the 22nd International Conference on Intelligent User Interfaces},
  pages={29--33},
  year={2017}
}
@inproceedings{jannach2012accuracy,
  title={Accuracy improvements for multi-criteria recommender systems},
  author={Jannach, Dietmar and Karakaya, Zeynep and Gedikli, Fatih},
  booktitle={Proceedings of the 13th ACM conference on electronic commerce},
  pages={674--689},
  year={2012}
}
@inproceedings{li2019latent,
  title={Latent multi-criteria ratings for recommendations},
  author={Li, Pan and Tuzhilin, Alexander},
  booktitle={Proceedings of the 13th ACM Conference on Recommender Systems},
  pages={428--431},
  year={2019}
}
@article{le2022multi,
  title={A multi-criteria collaborative filtering approach using deep learning and Dempster-Shafer theory for hotel recommendations},
  author={Le, Quang-Hung and Mau, Toan Nguyen and Tansuchat, Roengchai and Huynh, Van-Nam},
  journal={IEEE Access},
  volume={10},
  pages={37281--37293},
  year={2022},
  publisher={IEEE}
}
@inproceedings{chen2023topic,
  title={A Topic-Aware Graph-Based Neural Network for User Interest Summarization and Item Recommendation in Social Media},
  author={Chen, Junyang and Fan, Ge and Gong, Zhiguo and Li, Xueliang and Leung, Victor CM and Wang, Mengzhu and Yang, Ming},
  booktitle={International Conference on Database Systems for Advanced Applications},
  pages={537--546},
  year={2023},
  organization={Springer}
}
@inproceedings{kalantarnezhad2022mcrs,
  title={MCRS-SAE: multi-criteria recommender system based on sparse autoencoder},
  author={Kalantarnezhad, Amir Reza and Hamidzadeh, Javad},
  booktitle={2022 12th International Conference on Computer and Knowledge Engineering (ICCKE)},
  pages={117--122},
  year={2022},
  organization={IEEE}
}
@article{vu2022deep,
  title={A Deep Learning Based Approach for Context-Aware Multi-Criteria Recommender Systems},
  author={Vu, Son-Lam and Le, Quang-Hung},
  journal={Computer Systems Science \& Engineering},
  volume={10},
  year={2022}
}
@article{krishna2023analysing,
  title={Analysing the impact of contextual segments on the overall rating in multi-criteria recommender systems},
  author={Krishna, Chinta Venkata Murali and Rao, G Appa and Anuradha, S},
  journal={Journal of big Data},
  volume={10},
  number={1},
  pages={16},
  year={2023},
  publisher={Springer}
}

@article{he2023aain,
  title={AAIN: Attentional Aggregative Interaction Network for Deep Learning Based Recommender Systems},
  author={He, Haitao and Zhang, Ruixi and Zhang, Yangsen and Ren, Jiadong},
  journal={Neurocomputing},
  pages={126374},
  year={2023},
  publisher={Elsevier}
}
@article{xiao2017attentional,
  title={Attentional factorization machines: Learning the weight of feature interactions via attention networks},
  author={Xiao, Jun and Ye, Hao and He, Xiangnan and Zhang, Hanwang and Wu, Fei and Chua, Tat-Seng},
  journal={arXiv preprint arXiv:1708.04617},
  year={2017}
}
@inproceedings{zhou2018deep,
  title={Deep interest network for click-through rate prediction},
  author={Zhou, Guorui and Zhu, Xiaoqiang and Song, Chenru and Fan, Ying and Zhu, Han and Ma, Xiao and Yan, Yanghui and Jin, Junqi and Li, Han and Gai, Kun},
  booktitle={Proceedings of the 24th ACM SIGKDD international conference on knowledge discovery \& data mining},
  pages={1059--1068},
  year={2018}
}
@inproceedings{song2019autoint,
  title={Autoint: Automatic feature interaction learning via self-attentive neural networks},
  author={Song, Weiping and Shi, Chence and Xiao, Zhiping and Duan, Zhijian and Xu, Yewen and Zhang, Ming and Tang, Jian},
  booktitle={Proceedings of the 28th ACM International Conference on Information and Knowledge Management},
  pages={1161--1170},
  year={2019}
}
@inproceedings{li2020interpretable,
  title={Interpretable click-through rate prediction through hierarchical attention},
  author={Li, Zeyu and Cheng, Wei and Chen, Yang and Chen, Haifeng and Wang, Wei},
  booktitle={Proceedings of the 13th International Conference on Web Search and Data Mining},
  pages={313--321},
  year={2020}
}
@article{liu2020kalman,
  title={Kalman filtering attention for user behavior modeling in ctr prediction},
  author={Liu, Hu and Lu, Jing and Zhao, Xiwei and Xu, Sulong and Peng, Hao and Liu, Yutong and Zhang, Zehua and Li, Jian and Jin, Junsheng and Bao, Yongjun and others},
  journal={Advances in Neural Information Processing Systems},
  volume={33},
  pages={9228--9238},
  year={2020}
}
@inproceedings{li2017neural,
  title={Neural attentive session-based recommendation},
  author={Li, Jing and Ren, Pengjie and Chen, Zhumin and Ren, Zhaochun and Lian, Tao and Ma, Jun},
  booktitle={Proceedings of the 2017 ACM on Conference on Information and Knowledge Management},
  pages={1419--1428},
  year={2017}
}
@inproceedings{zhou2019deep,
  title={Deep interest evolution network for click-through rate prediction},
  author={Zhou, Guorui and Mou, Na and Fan, Ying and Pi, Qi and Bian, Weijie and Zhou, Chang and Zhu, Xiaoqiang and Gai, Kun},
  booktitle={Proceedings of the AAAI conference on artificial intelligence},
  volume={33},
  pages={5941--5948},
  year={2019}
}
@incollection{berkani2022neural,
  title={Neural hybrid recommendation based on GMF and hybrid MLP},
  author={Berkani, Lamia and Zeghoud, Sofiane and Kerboua, Imene Lydia},
  booktitle={Artificial Intelligence and Machine Learning for EDGE Computing},
  pages={287--303},
  year={2022},
  publisher={Elsevier}
}
@inproceedings{li2015deep,
  title={Deep collaborative filtering via marginalized denoising auto-encoder},
  author={Li, Sheng and Kawale, Jaya and Fu, Yun},
  booktitle={Proceedings of the 24th ACM international on conference on information and knowledge management},
  pages={811--820},
  year={2015}
}
@inproceedings{cheng2022modeling,
  title={Modeling multi-view interactions with contrastive graph learning for collaborative filtering},
  author={Cheng, Zhangtao and Walker, Joojo and Zhong, Ting and Zhou, Fan},
  booktitle={2022 International Joint Conference on Neural Networks (IJCNN)},
  pages={1--8},
  year={2022},
  organization={IEEE}
}
@article{palomares2018multi,
  title={Multi-view fuzzy information fusion in collaborative filtering recommender systems: Application to the urban resilience domain},
  author={Palomares, Ivan and Browne, Fiona and Davis, Peadar},
  journal={Data \& Knowledge Engineering},
  volume={113},
  pages={64--80},
  year={2018},
  publisher={Elsevier}
}
@inproceedings{barkan2019cb2cf,
  title={CB2CF: a neural multiview content-to-collaborative filtering model for completely cold item recommendations},
  author={Barkan, Oren and Koenigstein, Noam and Yogev, Eylon and Katz, Ori},
  booktitle={Proceedings of the 13th ACM Conference on Recommender Systems},
  pages={228--236},
  year={2019}
}
@article{zhou2024multi,
  title={Multi-view social recommendation via matrix factorization with sub-linear convergence rate},
  author={Zhou, Wang and Haq, Amin Ul and Qiu, Laixiang and Akbar, Jehan},
  journal={Expert Systems with Applications},
  volume={237},
  pages={121687},
  year={2024},
  publisher={Elsevier}
}
@article{yuan2024attribute,
  title={Attribute mining multi-view contrastive learning network for recommendation},
  author={Yuan, Xu and Wu, Huinan and Wang, Longfei and Bu, Xiya and Gao, Zhengnan and Ma, Ruixin},
  journal={Expert Systems with Applications},
  volume={253},
  pages={124224},
  year={2024},
  publisher={Elsevier}
}
@article{zheng2022multiview,
  title={A multiview graph collaborative filtering by incorporating homogeneous and heterogeneous signals},
  author={Zheng, Jianxing and Chen, Sen and Du, Yongping and Song, Peng},
  journal={Information Processing \& Management},
  volume={59},
  number={6},
  pages={103072},
  year={2022},
  publisher={Elsevier}
}
@article{li2024md,
  title={MD-GCCF: Multi-view deep graph contrastive learning for collaborative filtering},
  author={Li, Xinlu and Tian, Yujie and Dong, Bingbing and Ji, Shengwei},
  journal={Neurocomputing},
  volume={590},
  pages={127756},
  year={2024},
  publisher={Elsevier}
}
@article{peterson2009k,
  title={K-nearest neighbor},
  author={Peterson, Leif E},
  journal={Scholarpedia},
  volume={4},
  number={2},
  pages={1883},
  year={2009}
}
@inproceedings{he2017neural,
  title={Neural collaborative filtering},
  author={He, Xiangnan and Liao, Lizi and Zhang, Hanwang and Nie, Liqiang and Hu, Xia and Chua, Tat-Seng},
  booktitle={Proceedings of the 26th international conference on world wide web},
  pages={173--182},
  year={2017}
}
@article{he2018outer,
  title={Outer product-based neural collaborative filtering},
  author={He, Xiangnan and Du, Xiaoyu and Wang, Xiang and Tian, Feng and Tang, Jinhui and Chua, Tat-Seng},
  journal={arXiv preprint arXiv:1808.03912},
  year={2018}
}
@inproceedings{zheng2017joint,
  title={Joint deep modeling of users and items using reviews for recommendation},
  author={Zheng, Lei and Noroozi, Vahid and Yu, Philip S},
  booktitle={Proceedings of the tenth ACM international conference on web search and data mining},
  pages={425--434},
  year={2017}
}
@article{liu2020hybrid,
  title={Hybrid neural recommendation with joint deep representation learning of ratings and reviews},
  author={Liu, Hongtao and Wang, Yian and Peng, Qiyao and Wu, Fangzhao and Gan, Lin and Pan, Lin and Jiao, Pengfei},
  journal={Neurocomputing},
  volume={374},
  pages={77--85},
  year={2020},
  publisher={Elsevier}
}
@article{zhang2022embedding,
  title={An embedding and interactions learning approach for ID feature in deep recommender system},
  author={Zhang, Suiyu and Ma, Xiaoyu and Wang, Yaqi and Zhou, Yijie and Yu, Dingguo},
  journal={Expert Systems with Applications},
  volume={210},
  pages={118425},
  year={2022},
  publisher={Elsevier}
}
@article{hu2023collaborative,
  title={Collaborative recommendation model based on multi-modal multi-view attention network: Movie and literature cases},
  author={Hu, Zheng and Cai, Shi-Min and Wang, Jun and Zhou, Tao},
  journal={Applied Soft Computing},
  volume={144},
  pages={110518},
  year={2023},
  publisher={Elsevier}
}
@article{zhang2024hybrid,
  title={Hybrid structural graph attention network for POI recommendation},
  author={Zhang, Jinkai and Ma, Wenming},
  journal={Expert Systems with Applications},
  pages={123436},
  year={2024},
  publisher={Elsevier}
}
@article{wang2023multi,
  title={Multi-view enhanced graph attention network for session-based music recommendation},
  author={Wang, Dongjing and Zhang, Xin and Yin, Yuyu and Yu, Dongjin and Xu, Guandong and Deng, Shuiguang},
  journal={ACM Transactions on Information Systems},
  volume={42},
  number={1},
  pages={1--30},
  year={2023},
  publisher={ACM New York, NY}
}
@article{chen2022multi,
  title={Multi-view graph attention network for travel recommendation},
  author={Chen, Lei and Cao, Jie and Wang, Youquan and Liang, Weichao and Zhu, Guixiang},
  journal={Expert Systems with Applications},
  volume={191},
  pages={116234},
  year={2022},
  publisher={Elsevier}
}

@inproceedings{liu2017principled,
  title={Principled multilayer network embedding},
  author={Liu, Weiyi and Chen, Pin-Yu and Yeung, Sailung and Suzumura, Toyotaro and Chen, Lingli},
  booktitle={2017 IEEE International Conference on Data Mining Workshops (ICDMW)},
  pages={134--141},
  year={2017},
  organization={IEEE}
}
@inproceedings{zhang2018scalable,
  title={Scalable multiplex network embedding.},
  author={Zhang, Hongming and Qiu, Liwei and Yi, Lingling and Song, Yangqiu},
  booktitle={IJCAI},
  volume={18},
  pages={3082--3088},
  year={2018}
}
@article{xu2019multi,
  title={Multi-task network embedding},
  author={Xu, Linchuan and Wei, Xiaokai and Cao, Jiannong and Yu, Philip S},
  journal={International Journal of Data Science and Analytics},
  volume={8},
  pages={183--198},
  year={2019},
  publisher={Springer}
}
@article{bahdanau2014neural,
  title={Neural machine translation by jointly learning to align and translate},
  author={Bahdanau, Dzmitry and Cho, Kyunghyun and Bengio, Yoshua},
  journal={arXiv preprint arXiv:1409.0473},
  year={2014}
}
@article{gehring2016convolutional,
  title={A convolutional encoder model for neural machine translation},
  author={Gehring, Jonas and Auli, Michael and Grangier, David and Dauphin, Yann N},
  journal={arXiv preprint arXiv:1611.02344},
  year={2016}
}
@article{sa2019attention,
  title={Attention inspired network: Steep learning curve in an invariant pattern recognition model},
  author={Sa-Couto, Luis and Wichert, Andreas},
  journal={Neural Networks},
  volume={114},
  pages={38--46},
  year={2019},
  publisher={Elsevier}
}
@article{vaswani2017attention,
  title={Attention is all you need},
  author={Vaswani, Ashish and Shazeer, Noam and Parmar, Niki and Uszkoreit, Jakob and Jones, Llion and Gomez, Aidan N and Kaiser, {\L}ukasz and Polosukhin, Illia},
  journal={Advances in neural information processing systems},
  volume={30},
  year={2017}
}
@inproceedings{shuai2022review,
  title={A review-aware graph contrastive learning framework for recommendation},
  author={Shuai, Jie and Zhang, Kun and Wu, Le and Sun, Peijie and Hong, Richang and Wang, Meng and Li, Yong},
  booktitle={Proceedings of the 45th international ACM SIGIR conference on research and development in information retrieval},
  pages={1283--1293},
  year={2022}
}
@article{sutskever2014sequence,
  title={Sequence to sequence learning with neural networks},
  author={Sutskever, Ilya and Vinyals, Oriol and Le, Quoc V},
  journal={Advances in neural information processing systems},
  volume={27},
  year={2014}
}
@article{cheng2016long,
  title={Long short-term memory-networks for machine reading},
  author={Cheng, Jianpeng and Dong, Li and Lapata, Mirella},
  journal={arXiv preprint arXiv:1601.06733},
  year={2016}
}
@article{nathani2019learning,
  title={Learning attention-based embeddings for relation prediction in knowledge graphs},
  author={Nathani, Deepak and Chauhan, Jatin and Sharma, Charu and Kaul, Manohar},
  journal={arXiv preprint arXiv:1906.01195},
  year={2019}
}
@article{wang2023marec,
  title={MARec: A multi-attention aware paper recommendation method},
  author={Wang, Jie and Zhou, Jingya and Wu, Zhen and Sun, Xigang},
  journal={Expert Systems with Applications},
  pages={120847},
  year={2023},
  publisher={Elsevier}
}
@inproceedings{he2020game,
  title={GAME: Learning graphical and attentive multi-view embeddings for occasional group recommendation},
  author={He, Zhixiang and Chow, Chi-Yin and Zhang, Jia-Dong},
  booktitle={Proceedings of the 43rd International ACM SIGIR Conference on Research and Development in Information Retrieval},
  pages={649--658},
  year={2020}
}
@article{cui2021mvgan,
  title={MVGAN: Multi-view graph attention network for social event detection},
  author={Cui, Wanqiu and Du, Junping and Wang, Dawei and Kou, Feifei and Xue, Zhe},
  journal={ACM Transactions on Intelligent Systems and Technology (TIST)},
  volume={12},
  number={3},
  pages={1--24},
  year={2021},
  publisher={ACM New York, NY}
}
@article{lyu2021multi,
  title={Multi-view group representation learning for location-aware group recommendation},
  author={Lyu, Ziyu and Yang, Min and Li, Hui},
  journal={Information Sciences},
  volume={580},
  pages={495--509},
  year={2021},
  publisher={Elsevier}
}
@article{zhang2022multi,
  title={Multi-view clustering with constructed bipartite graph in embedding space},
  author={Zhang, Benhui and Ma, Xiaoke},
  journal={Knowledge-Based Systems},
  volume={254},
  pages={109690},
  year={2022},
  publisher={Elsevier}
}
@article{xie2022bgnn,
  title={L-BGNN: Layerwise Trained Bipartite Graph Neural Networks},
  author={Xie, Tian and He, Chaoyang and Ren, Xiang and Shahabi, Cyrus and Kuo, C-C Jay},
  journal={IEEE Transactions on Neural Networks and Learning Systems},
  year={2022},
  publisher={IEEE}
}
@article{wang2021review,
  title={A review on graph neural network methods in financial applications},
  author={Wang, Jianian and Zhang, Sheng and Xiao, Yanghua and Song, Rui},
  journal={arXiv preprint arXiv:2111.15367},
  year={2021}
}
@article{zhou2020graph,
  title={Graph neural networks: A review of methods and applications},
  author={Zhou, Jie and Cui, Ganqu and Hu, Shengding and Zhang, Zhengyan and Yang, Cheng and Liu, Zhiyuan and Wang, Lifeng and Li, Changcheng and Sun, Maosong},
  journal={AI open},
  volume={1},
  pages={57--81},
  year={2020},
  publisher={Elsevier}
}
@article{gwadabe2022improving,
  title={Improving graph neural network for session-based recommendation system via non-sequential interactions},
  author={Gwadabe, Tajuddeen Rabiu and Liu, Ying},
  journal={Neurocomputing},
  volume={468},
  pages={111--122},
  year={2022},
  publisher={Elsevier}
}
@article{wu2020diffnet++,
  title={Diffnet++: A neural influence and interest diffusion network for social recommendation},
  author={Wu, Le and Li, Junwei and Sun, Peijie and Hong, Richang and Ge, Yong and Wang, Meng},
  journal={IEEE Transactions on Knowledge and Data Engineering},
  volume={34},
  number={10},
  pages={4753--4766},
  year={2020},
  publisher={IEEE}
}
@inproceedings{wang2019neural,
  title={Neural graph collaborative filtering},
  author={Wang, Xiang and He, Xiangnan and Wang, Meng and Feng, Fuli and Chua, Tat-Seng},
  booktitle={Proceedings of the 42nd international ACM SIGIR conference on Research and development in Information Retrieval},
  pages={165--174},
  year={2019}
}
@inproceedings{fan2019graph,
  title={Graph neural networks for social recommendation},
  author={Fan, Wenqi and Ma, Yao and Li, Qing and He, Yuan and Zhao, Eric and Tang, Jiliang and Yin, Dawei},
  booktitle={The world wide web conference},
  pages={417--426},
  year={2019}
}
@book{goodfellow2016deep,
  title={Deep learning},
  author={Goodfellow, Ian and Bengio, Yoshua and Courville, Aaron},
  year={2016},
  publisher={MIT press}
}
@book{nielsen2015neural,
  title={Neural networks and deep learning},
  author={Nielsen, Michael A},
  volume={25},
  year={2015},
  publisher={Determination press San Francisco, CA, USA}
}
@book{bishop2006pattern,
  title={Pattern recognition and machine learning},
  author={Bishop, Christopher M and Nasrabadi, Nasser M},
  volume={4},
  year={2006},
  publisher={Springer}
}
@book{geron2022hands,
  title={Hands-on machine learning with Scikit-Learn, Keras, and TensorFlow},
  author={G{\'e}ron, Aur{\'e}lien},
  year={2022},
  publisher={" O'Reilly Media, Inc."}
}
@inproceedings{strub2015collaborative,
  title={Collaborative filtering with stacked denoising autoencoders and sparse inputs},
  author={Strub, Florian and Mary, Jeremie and Philippe, Preux},
  booktitle={NIPS workshop on machine learning for eCommerce},
  year={2015}
}
@inproceedings{sun2019bert4rec,
  title={BERT4Rec: Sequential recommendation with bidirectional encoder representations from transformer},
  author={Sun, Fei and Liu, Jun and Wu, Jian and Pei, Changhua and Lin, Xiao and Ou, Wenwu and Jiang, Peng},
  booktitle={Proceedings of the 28th ACM international conference on information and knowledge management},
  pages={1441--1450},
  year={2019}
}
@article{zhao2017deep,
  title={Deep reinforcement learning for list-wise recommendations},
  author={Zhao, Xiangyu and Zhang, Liang and Xia, Long and Ding, Zhuoye and Yin, Dawei and Tang, Jiliang},
  journal={arXiv preprint arXiv:1801.00209},
  year={2017}
}
@article{spoorthy2023multi,
  title={Multi-criteria--recommendations using autoencoder and deep neural networks with weight optimization using firefly algorithm},
  author={Spoorthy, G and Sanjeevi, SG},
  journal={International Journal of Engineering},
  volume={36},
  number={1},
  pages={130--138},
  year={2023},
  publisher={Materials and Energy Research Center}
}

@inproceedings{fuchs2012multi,
  title={Multi-criteria ratings for recommender systems: an empirical analysis in the tourism domain},
  author={Fuchs, Matthias and Zanker, Markus},
  booktitle={International Conference on Electronic Commerce and Web Technologies},
  pages={100--111},
  year={2012},
  organization={Springer}
}
@inproceedings{li2008improving,
  title={Improving personalized services in mobile commerce by a novel multicriteria rating approach},
  author={Li, Qiudan and Wang, Chunheng and Geng, Guanggang},
  booktitle={Proceedings of the 17th international conference on World Wide Web},
  pages={1235--1236},
  year={2008}
}
@inproceedings{paterek2007improving,
  title={Improving regularized singular value decomposition for collaborative filtering},
  author={Paterek, Arkadiusz},
  booktitle={Proceedings of KDD cup and workshop},
  volume={2007},
  pages={5--8},
  year={2007}
}
@article{nilashi2023impact,
  title={The impact of multi-criteria ratings in social networking sites on the performance of online recommendation agents},
  author={Nilashi, Mehrbakhsh and Abumalloh, Rabab Ali and Samad, Sarminah and Minaei-Bidgoli, Behrouz and Thi, Ha Hang and Alghamdi, OA and Ismail, Muhammed Yousoof and Ahmadi, Hossein},
  journal={Telematics and Informatics},
  volume={76},
  pages={101919},
  year={2023},
  publisher={Elsevier}
}
@article{hong2021multi,
  title={Multi-criteria tensor model for tourism recommender systems},
  author={Hong, Minsung and Jung, Jason J},
  journal={Expert Systems with Applications},
  volume={170},
  pages={114537},
  year={2021},
  publisher={Elsevier}
}
@article{forouzandeh2024health,
  title={Health-aware food recommendation system with dual attention in heterogeneous graphs},
  author={Forouzandeh, Saman and Rostami, Mehrdad and Berahmand, Kamal and Sheikhpour, Razieh},
  journal={Computers in Biology and Medicine},
  volume={169},
  pages={107882},
  year={2024},
  publisher={Elsevier}
}
@article{rostami2024novel,
  title={A novel healthy food recommendation to user groups based on a deep social community detection approach},
  author={Rostami, Mehrdad and Berahmand, Kamal and Forouzandeh, Saman and Ahmadian, Sajad and Farrahi, Vahid and Oussalah, Mourad},
  journal={Neurocomputing},
  volume={576},
  pages={127326},
  year={2024},
  publisher={Elsevier}
}
@article{forouzandeh2023new,
  title={A new method for recommendation based on embedding spectral clustering in heterogeneous networks (RESCHet)},
  author={Forouzandeh, Saman and Berahmand, Kamal and Sheikhpour, Razieh and Li, Yuefeng},
  journal={Expert Systems with Applications},
  volume={231},
  pages={120699},
  year={2023},
  publisher={Elsevier}
}
@article{rostami2022effective,
  title={An effective explainable food recommendation using deep image clustering and community detection},
  author={Rostami, Mehrdad and Muhammad, Usman and Forouzandeh, Saman and Berahmand, Kamal and Farrahi, Vahid and Oussalah, Mourad},
  journal={Intelligent Systems with Applications},
  volume={16},
  pages={200157},
  year={2022},
  publisher={Elsevier}
}

@article{chiu2021developing,
  title={Developing a personalized recommendation system in a smart product service system based on unsupervised learning model},
  author={Chiu, Ming-Chuan and Huang, Jih-Hung and Gupta, Saraj and Akman, Gulsen},
  journal={Computers in Industry},
  volume={128},
  pages={103421},
  year={2021},
  publisher={Elsevier}
}

@article{bakshi2014enhancing,
  title={Enhancing scalability and accuracy of recommendation systems using unsupervised learning and particle swarm optimization},
  author={Bakshi, Sagarika and Jagadev, Alok Kumar and Dehuri, Satchidananda and Wang, Gi-Nam},
  journal={Applied Soft Computing},
  volume={15},
  pages={21--29},
  year={2014},
  publisher={Elsevier}
}

@article{yassine2021intelligent,
  title={Intelligent recommender system based on unsupervised machine learning and demographic attributes},
  author={Yassine, AFOUDI and Mohamed, LAZAAR and Al Achhab, Mohammed},
  journal={Simulation Modelling Practice and Theory},
  volume={107},
  pages={102198},
  year={2021},
  publisher={Elsevier}
}

@book{celebi2016unsupervised,
  title={Unsupervised learning algorithms},
  author={Celebi, M Emre and Aydin, Kemal},
  volume={9},
  year={2016},
  publisher={Springer}
}

@article{barlow1989unsupervised,
  title={Unsupervised learning},
  author={Barlow, Horace B},
  journal={Neural computation},
  volume={1},
  number={3},
  pages={295--311},
  year={1989},
  publisher={MIT Press One Rogers Street, Cambridge, MA 02142-1209, USA journals-info~…}
}

@incollection{ghahramani2003unsupervised,
  title={Unsupervised learning},
  author={Ghahramani, Zoubin},
  booktitle={Summer school on machine learning},
  pages={72--112},
  year={2003},
  publisher={Springer}
}

@inproceedings{baldi2012autoencoders,
  title={Autoencoders, unsupervised learning, and deep architectures},
  author={Baldi, Pierre},
  booktitle={Proceedings of ICML workshop on unsupervised and transfer learning},
  pages={37--49},
  year={2012},
  organization={JMLR Workshop and Conference Proceedings}
}

@article{choi2019unsupervised,
  title={Unsupervised learning approach for network intrusion detection system using autoencoders},
  author={Choi, Hyunseung and Kim, Mintae and Lee, Gyubok and Kim, Wooju},
  journal={The Journal of Supercomputing},
  volume={75},
  pages={5597--5621},
  year={2019},
  publisher={Springer}
}