@ARTICLE{Alexanderian:2021:1,
  title={Optimal experimental design for infinite-dimensional {B}ayesian inverse problems governed by PDEs: A review},
  author={Alexanderian, Alen},
  journal={Inverse Problems},
  volume={37},
  number={4},
  pages={043001},
  year={2021},
  publisher={IOP Publishing}
}

@ARTICLE{AlexanderianPetraStadlerGhattas:2014,
  title={A-optimal design of experiments for infinite-dimensional {B}ayesian linear inverse problems with regularized $\backslash$ell\_0-sparsification},
  author={Alexanderian, Alen and Petra, Noemi and Stadler, Georg and Ghattas, Omar},
  journal={SIAM Journal on Scientific Computing},
  volume={36},
  number={5},
  pages={A2122--A2148},
  year={2014},
  publisher={SIAM}
}

@ARTICLE{AlexanderianGloorGhattas:2016:1,
  AUTHOR={Alexanderian, Alen and Gloor, Philip J and Ghattas, Omar and others},
  TITLE={On {B}ayesian {A}-and {D}-optimal experimental designs in infinite dimensions},
  JOURNALTITLE={{B}ayesian Analysis},
  VOLUME={11},
  NUMBER={3},
  PAGES={671--695},
  DATE={2016},
  PUBLISHER={International Society for {B}ayesian Analysis}
}

@ARTICLE{AlexanderianNicholsonPetra:2022:1,
  TITLE={Optimal design of large-scale nonlinear {B}ayesian inverse problems under model uncertainty},
  AUTHOR={Alexanderian, Alen and Nicholson, Ruanui and Petra, Noemi},
  EPRINT={2211.03952},
  EPRINTTYPE = {arXiv},
  DATE={2022}
}

@ARTICLE{AlexanderianPetraStadlerSunseri:2021:1,
  TITLE={Optimal design of large-scale {B}ayesian linear inverse problems under reducible model uncertainty: good to know what you don't know},
  AUTHOR={Alexanderian, Alen and Petra, Noemi and Stadler, Georg and Sunseri, Isaac},
  JOURNAL={SIAM/ASA Journal on Uncertainty Quantification},
  VOLUME={9},
  NUMBER={1},
  PAGES={163--184},
  DATE={2021},
  PUBLISHER={SIAM}
}

@ARTICLE{AttiaConstantinescu:2022:1,
  TITLE={Optimal experimental design for inverse problems in the presence of observation correlations},
  AUTHOR={Attia, Ahmed and Constantinescu, Emil},
  JOURNAL={SIAM Journal on Scientific Computing},
  VOLUME={44},
  NUMBER={4},
  PAGES={A2808--A2842},
  DATE={2022},
  PUBLISHER={SIAM}
}

@ARTICLE{AttiaLeyfferMunson:2022:1,
  title={Stochastic learning approach for binary optimization: Application to {B}ayesian optimal design of experiments},
  author={Attia, Ahmed and Leyffer, Sven and Munson, Todd S},
  journal={SIAM Journal on Scientific Computing},
  volume={44},
  number={2},
  pages={B395--B427},
  year={2022},
  publisher={SIAM}
}

@article{RohrbachDolgovGrasedyckScheichl:2022:1,
  title={Rank bounds for approximating gaussian densities in the tensor-train format},
  author={Rohrbach, Paul B and Dolgov, Sergey and Grasedyck, Lars and Scheichl, Robert},
  journal={SIAM/ASA Journal on Uncertainty Quantification},
  volume={10},
  number={3},
  pages={1191--1224},
  year={2022},
  publisher={SIAM}
}

@ARTICLE{HuanMarzouk:2013:1,
  TITLE                    = {Simulation-based optimal {B}ayesian experimental design for nonlinear systems},
  AUTHOR                   = {Xun Huan and Youssef M. Marzouk},
  JOURNAL                  = {Journal of Computational Physics},
  DATE                     = {2013},
  NUMBER                   = {1},
  PAGES                    = {288--317},
  VOLUME                   = {232},
  ISSN                     = {0021-9991},
  PUBLISHER                = {Elsevier},
}


@ARTICLE{HuanMarzouk:2014:1,
  TITLE={Gradient-based stochastic optimization methods in {B}ayesian experimental design},
  AUTHOR={Huan, Xun and Marzouk, Youssef},
  JOURNAL={International Journal for Uncertainty Quantification},
  VOLUME={4},
  NUMBER={6},
  DATE={2014},
  PUBLISHER={Begel House Inc.}
}

@article{HuanMarzouk:2016:1,
  title={Sequential {B}ayesian optimal experimental design via approximate dynamic programming},
  author={Huan, Xun and Marzouk, Youssef M},
  journal={arXiv preprint arXiv:1604.08320},
  year={2016}
}

@article{RyanDrovandiMcGreePettitt:2016:1,
  title={A review of modern computational algorithms for {B}ayesian optimal design},
  author={Ryan, Elizabeth G and Drovandi, Christopher C and McGree, James M and Pettitt, Anthony N},
  journal={International Statistical Review},
  volume={84},
  number={1},
  pages={128--154},
  year={2016},
  publisher={Wiley Online Library}
}

@article{Ryan:2003:1,
  title={Estimating expected information gains for experimental designs with application to the random fatigue-limit model},
  author={Ryan, Kenneth J},
  journal={Journal of Computational and Graphical Statistics},
  volume={12},
  number={3},
  pages={585--603},
  year={2003},
  publisher={Taylor \& Francis}
}

@article{GoChen:2024:1,
  title={Sequential infinite-dimensional {B}ayesian optimal experimental design with derivative-informed latent attention neural operator},
  author={Go, Jinwoo and Chen, Peng},
  journal={arXiv preprint arXiv:2409.09141},
  year={2024}
}


@article{DrovandiMcGreePettitt:2013:1,
  title={Sequential {M}onte {C}arlo for {B}ayesian sequentially designed experiments for discrete data},
  author={Drovandi, Christopher C and McGree, James M and Pettitt, Anthony N},
  journal={Comput. Stat. Data Anal.},
  volume={57},
  number={1},
  pages={320--335},
  year={2013},
  publisher={Elsevier}
}

@article{ShenHuan:2023:1,
  title={{B}ayesian sequential optimal experimental design for nonlinear models using policy gradient reinforcement learning},
  author={Shen, Wanggang and Huan, Xun},
  journal={Comput. Methods Appl. Mech. Eng.},
  volume={416},
  pages={116304},
  year={2023},
  publisher={Elsevier}
}

@inproceedings{FosterIvanovaMalikRainforth:2021:1,
  title={Deep adaptive design: Amortizing sequential {B}ayesian experimental design},
  author={Foster, Adam and Ivanova, Desi R and Malik, Ilyas and Rainforth, Tom},
  booktitle={Int. conf. on machine learning},
  pages={3384--3395},
  year={2021},
  organization={PMLR}
}


@online{KleinegesseDrovandiGutmann:2020:1,
      title={Sequential {B}ayesian Experimental Design for Implicit Models via Mutual Information}, 
      author={Steven Kleinegesse and Christopher Drovandi and Michael U. Gutmann},
      year={2020},
      eprint={2003.09379},
      EPRINTTYPE={arXiv}
}

@article{KimPittLuSteversMyung:2014;1,
  title={A hierarchical adaptive approach to optimal experimental design},
  author={Kim, Woojae and Pitt, Mark A and Lu, Zhong-Lin and Steyvers, Mark and Myung, Jay I},
  journal={Neural computation},
  volume={26},
  number={11},
  pages={2465--2492},
  year={2014},
  publisher={MIT Press}
}

@article{WuOLeary-RoseberryChenGhattas:2023:1,
title={Large-scale {B}ayesian optimal experimental design with derivative-informed projected neural network},
  author={Wu, Keyi and O’Leary-Roseberry, Thomas and Chen, Peng and Ghattas, Omar},
  journal={J. Sci. Comput.},
  volume={95},
  number={1},
  pages={30},
  year={2023},
  publisher={Springer}
}

@article{WuChenGhattas:2023:1,
  title={A fast and scalable computational framework for large-scale high-dimensional {B}ayesian optimal experimental design},
  author={Wu, Keyi and Chen, Peng and Ghattas, Omar},
  journal={SIAM/ASA Journal on Uncertainty Quantification},
  volume={11},
  number={1},
  pages={235--261},
  year={2023},
  publisher={SIAM}
}

@article{CoxLauferArridgeBeard:2012:1,
  title={Quantitative spectroscopic photoacoustic imaging: a review},
  author={Cox, Ben and Laufer, Jan G and Arridge, Simon R and Beard, Paul C},
  journal={Journal of biomedical optics},
  volume={17},
  number={6},
  pages={061202--061202},
  year={2012},
  publisher={Society of Photo-Optical Instrumentation Engineers}
}

@article{LutzweilerRazansky:2013:1,
  title={Optoacoustic imaging and tomography: reconstruction approaches and outstanding challenges in image performance and quantification},
  author={Lutzweiler, Christian and Razansky, Daniel},
  journal={Sensors},
  volume={13},
  number={6},
  pages={7345--7384},
  year={2013},
  publisher={MDPI}
}

@article{TarvainenCox:2024:1,
  title={Quantitative photoacoustic tomography: modeling and inverse problems},
  author={Tarvainen, Tanja and Cox, Ben},
  journal={Journal of Biomedical Optics},
  volume={29},
  number={S1},
  pages={S11509--S11509},
  year={2024},
  publisher={Society of Photo-Optical Instrumentation Engineers}
}


@article{GrohlSchellenbergDreherMaier-Hein:2021:1,
  title={Deep learning for biomedical photoacoustic imaging: A review},
  author={Gr{\"o}hl, Janek and Schellenberg, Melanie and Dreher, Kris and Maier-Hein, Lena},
  journal={Photoacoustics},
  volume={22},
  pages={100241},
  year={2021},
  publisher={Elsevier}
}


@ARTICLE{AlexanderianSaibaba:2018:1,
  TITLE                    = {Efficient {D}-Optimal Design of Experiments for Infinite-Dimensional {B}ayesian Linear Inverse Problems},
  AUTHOR                   = {Alexanderian, Alen and Saibaba, Arvind K.},
  JOURNAL                  = {SIAM Journal on Scientific Computing},
  DATE                     = {2018},
  NUMBER                   = {5},
  PAGES                    = {A2956--A2985},
  VOLUME                   = {40}
}

@ARTICLE{AttiaAlexanderianSaibaba:2018:1,
  TITLE={Goal-oriented optimal design of experiments for large-scale {B}ayesian linear inverse problems},
  AUTHOR={Attia, Ahmed and Alexanderian, Alen and Saibaba, Arvind K},
  JOURNAL={Inverse Problems},
  VOLUME={34},
  NUMBER={9},
  PAGES={095009},
  DATE={2018},
  PUBLISHER={IOP Publishing}
}

@ARTICLE{LongScavinoTemponeWang:2013:1,
  TITLE={Fast estimation of expected information gains for {B}ayesian experimental designs based on {L}aplace approximations},
  AUTHOR={Long, Quan and Scavino, Marco and Tempone, Ra{\'u}l and Wang, Suojin},
  JOURNAL={Computer {M}ethods in {A}applied {M}echanics and {E}ngineering},
  VOLUME={259},
  PAGES={24--39},
  DATE={2013},
  PUBLISHER={Elsevier}
}

@article{BeckMasourEspathTempone:2020,
author = {Beck, Joakim and Mansour Dia, Ben and Espath, Luis and Tempone, Raúl},
title = {Multilevel double loop {M}onte {C}arlo and stochastic collocation methods with importance sampling for {B}ayesian optimal experimental design},
journal = {International Journal for Numerical Methods in Engineering},
volume = {121},
number = {15},
pages = {3482-3503},
year = {2020}
}

@ARTICLE{CaoBaptistaChenLiGhattasOdenMarzouk:2023:1,
  TITLE={{B}ayesian model calibration for block copolymer self-assembly: Likelihood-free inference and expected information gain computation via measure transport},
  AUTHOR={Cao, Lianghao and Baptista, Ricardo and Chen, Joshua and Li, Fengyi and Ghattas, Omar and Oden, J Tinsley and Marzouk, Youssef},
  JOURNAL={Bulletin of the American Physical Society},
  DATE={2023},
  PUBLISHER={APS}
}

@phdthesis{Huan:2015:1,
  TITLE={Numerical approaches for sequential {B}ayesian optimal experimental design},
  AUTHOR={Huan, Xun},
  DATE={2015},
  SCHOOL={Massachusetts Institute of Technology}
}

@article{HuanJagalurMarzouk:2024:1,
  title={Optimal experimental design: Formulations and computations},
  author={Huan, Xun and Jagalur, Jayanth and Marzouk, Youssef},
  journal={Acta Numerica},
  volume={33},
  pages={715--840},
  year={2024},
  publisher={Cambridge University Press}
}

@article{CuiDolgov:2022:1,
  title={Deep composition of Tensor-Trains using squared inverse Rosenblatt transports},
  author={Cui, Tiangang and Dolgov, Sergey},
  journal={Foundations of Computational Mathematics},
  volume={22},
  number={6},
  pages={1863--1922},
  year={2022},
  publisher={Springer}
}

@article{CuiMartinMarzoukSolonenSpantini:2014:1,
  title={Likelihood-informed dimension reduction for nonlinear inverse problems},
  author={Cui, Tiangang and Martin, James and Marzouk, Youssef M and Solonen, Antti and Spantini, Alessio},
  journal={Inverse Problems},
  volume={30},
  number={11},
  pages={114015},
  year={2014},
  publisher={IOP Publishing}
}

@article{CuiDolgovZahm:2023:1,
  title={Scalable conditional deep inverse {R}osenblatt transports using tensor trains and gradient-based dimension reduction},
  author={Cui, Tiangang and Dolgov, Sergey and Zahm, Olivier},
  journal={Journal of Computational Physics},
  volume={485},
  pages={112103},
  year={2023},
  publisher={Elsevier}
}

@article{CuiTong:2022:1,
author = {Cui, Tiangang and Tong, Xin T},
title = {{A unified performance analysis of likelihood-informed subspace methods}},
volume = {28},
journal = {Bernoulli},
number = {4},
publisher = {Bernoulli Society for Mathematical Statistics and Probability},
pages = {2788 -- 2815},
year = {2022},
doi = {10.3150/21-BEJ1437}
}

@article{CuiLawMarzouk:2016:1,
  title={Dimension-independent likelihood-informed {MCMC}},
  author={Cui, Tiangang and Law, Kody JH and Marzouk, Youssef M},
  journal={Journal of Computational Physics},
  volume={304},
  pages={109--137},
  year={2016},
  publisher={Elsevier}
}

@article{ConstantineKentBui-Thanh:2016:1,
  title={Accelerating {M}arkov chain {M}onte {C}arlo with active subspaces},
  author={Constantine, Paul G and Kent, Carson and Bui-Thanh, Tan},
  journal={SIAM Journal on Scientific Computing},
  volume={38},
  number={5},
  pages={A2779--A2805},
  year={2016},
  publisher={SIAM}
}


@article{CuiZahm:2021:1,
  title={Data-free likelihood-informed dimension reduction of {B}ayesian inverse problems},
  author={Cui, Tiangang and Zahm, Olivier},
  journal={Inverse Problems},
  volume={37},
  number={4},
  pages={045009},
  year={2021},
  publisher={IOP Publishing}
}

@article{LiCuiLiMarzoukZahm:2024:1,
  title={Sharp detection of low-dimensional structure in probability measures via dimensional logarithmic {S}obolev inequalities},
  author={Li, Matthew TC and Cui, Tiangang and Li, Fengyi and Marzouk, Youssef and Zahm, Olivier},
  journal={arXiv preprint arXiv:2406.13036},
  year={2024}
}

@article{BalRen:2011:1,
year = {2011},
publisher = {},
volume = {27},
number = {7},
pages = {075003},
author = {Guillaume Bal and Kui Ren},
title = {Multi-source quantitative photoacoustic tomography in a diffusive regime},
journal = {Inverse Problems},
}

@article{TabakTurner:2013:1,
  title={A family of nonparametric density estimation algorithms},
  author={Tabak, Esteban G and Turner, Cristina V},
  journal={Communications on Pure and Applied Mathematics},
  volume={66},
  number={2},
  pages={145--164},
  year={2013},
  publisher={Wiley Online Library}
}

@article{PapamakariosNalisnickRezendeMohamedLakshminarayanan:2021:1,
  title={Normalizing flows for probabilistic modeling and inference},
  author={Papamakarios, George and Nalisnick, Eric and Rezende, Danilo Jimenez and Mohamed, Shakir and Lakshminarayanan, Balaji},
  journal={J. Mach. Learn. Res.},
  volume={22},
  number={1},
  pages={2617--2680},
  year={2021},
  publisher={JMLRORG}
}

@article{GhosalGhoshVanDerVaart:2000:1,
  title={Convergence rates of posterior distributions},
  author={Ghosal, Subhashis and Ghosh, Jayanta K and Van Der Vaart, Aad W},
  journal={Annals of Statistics},
  pages={500--531},
  year={2000},
  publisher={JSTOR}
}

@article{BirgeMassart:1998:1,
  title={Minimum contrast estimators on sieves: exponential bounds and rates of convergence},
  author={Birg{\'e}, Lucien and Massart, Pascal},
  journal={Bernoulli},
  pages={329--375},
  year={1998},
  publisher={JSTOR}
}


@article{KovachkiBaptistaHosseiniMarzouk:2020:1,
  title={Conditional sampling with monotone GANs},
  author={Kovachki, Nikola and Baptista, Ricardo and Hosseini, Bamdad and Marzouk, Youssef},
  journal={arXiv preprint arXiv:2006.06755},
  year={2020}
}

@article{CaoChenBrennanOLearyRoseberryMarzoukGhattas:2024:1,
  title={LazyDINO: Fast, scalable, and efficiently amortized {B}ayesian inversion via structure-exploiting and surrogate-driven measure transport},
  author={Cao, Lianghao and Chen, Joshua and Brennan, Michael and O'Leary-Roseberry, Thomas and Marzouk, Youssef and Ghattas, Omar},
  journal={arXiv preprint arXiv:2411.12726},
  year={2024}
}

@article{DongJacobsenKhalloufiAkramLLiuDuraisamyHuan:2025:1,
  title={Variational {B}ayesian optimal experimental design with normalizing flows},
  author={Dong, Jiayuan and Jacobsen, Christian and Khalloufi, Mehdi and Akram, Maryam and Liu, Wanjiao and Duraisamy, Karthik and Huan, Xun},
  journal={Comput. Methods Appl. Mech. Eng.},
  volume={433},
  pages={117457},
  year={2025},
  publisher={Elsevier}
}

@article{KovalHerzogScheichl:2024:1,
year = {2024},
publisher = {IOP Publishing},
volume = {40},
number = {12},
pages = {125002},
author = {Karina Koval and Roland Herzog and Robert Scheichl},
title = {Tractable optimal experimental design using transport maps},
journal = {Inverse Problems},
}

@article{MarzoukMoselhyParnoSpantini:2016:1,
  title={Sampling via measure transport: An introduction},
  author={Marzouk, Youssef and Moselhy, Tarek and Parno, Matthew and Spantini, Alessio},
  journal={Handbook of uncertainty quantification},
  volume={1},
  pages={2},
  year={2016},
  publisher={Springer Cham}
}

@INPROCEEDINGS{FosterJankowiakOMearaTehRainforth:2020:1,
  TITLE={A unified stochastic gradient approach to designing {B}ayesian-optimal experiments},
  AUTHOR={Foster, Adam and Jankowiak, Martin and O’Meara, Matthew and Teh, Yee Whye and Rainforth, Tom},
  TITLE={International Conference on Artificial Intelligence and Statistics},
  PAGES={2959--2969},
  DATE={2020},
  ORGANIZATION={PMLR}
}

@article{Hastings:1970:1,
  title={{M}onte {C}arlo sampling methods using Markov chains and their applications},
  author={Hastings, W Keith},
  year={1970},
  publisher={Oxford University Press}
}

@ARTICLE{CvetkovicLieBansalVery-Grepl:2023:1,
  TITLE={Choosing observation operators to mitigate model error in {B}ayesian inverse problems},
  AUTHOR={Cvetkovi{\'c}, Nada and Lie, Han Cheng and Bansal, Harshit and Veroy-Grepl, Karen},
  EPRINT={2301.04863},
  EPRINTTYPE = {arXiv},
  DATE={2023}
}

@article{LykkegaardDodwellFoxMingasScheichl:2023:1,
  title={Multilevel delayed acceptance {MCMC}},
  author={Lykkegaard, Mikkel B and Dodwell, Tim J and Fox, Colin and Mingas, Grigorios and Scheichl, Robert},
  journal={SIAM/ASA Journal on Uncertainty Quantification},
  volume={11},
  number={1},
  pages={1--30},
  year={2023},
  publisher={SIAM}
}

@book{Villani:2009:1,
  title={Optimal transport: old and new},
  author={Villani, C{\'e}dric and others},
  volume={338},
  year={2009},
  publisher={Springer}
}

@article{Rosenblatt:1952:1,
  title={Remarks on a multivariate transformation},
  author={{R}osenblatt, Murray},
  journal={The annals of mathematical statistics},
  volume={23},
  number={3},
  pages={470--472},
  year={1952},
  publisher={JSTOR}
}

@article{BaptistaZahmMarzouk:2020:1,
  title={An adaptive transport framework for joint and conditional density estimation},
  author={Baptista, Ricardo and Zahm, Olivier and Marzouk, Youssef},
  journal={arXiv preprint arXiv:2009.10303},
  year={2020}
}

@article{LiBaptistaMarzouk:2024:1,
  title={Expected information gain estimation via density approximations: Sample allocation and dimension reduction},
  author={Li, Fengyi and Baptista, Ricardo and Marzouk, Youssef},
  journal={arXiv preprint arXiv:2411.08390},
  year={2024}
}

@article{BaptistaMarzoukZahm:2023:1,
  title={On the representation and learning of monotone triangular transport maps},
  author={Baptista, Ricardo and Marzouk, Youssef and Zahm, Olivier},
  journal={Foundations of Computational Mathematics},
  pages={1--46},
  year={2023},
  publisher={Springer}
}


@article{MoselhyMarzouk:2012:1,
  title={{B}ayesian inference with optimal maps},
  author={El Moselhy, Tarek A and Marzouk, Youssef M},
  journal={Journal of Computational Physics},
  volume={231},
  number={23},
  pages={7815--7850},
  year={2012},
  publisher={Elsevier}
}

@article{BrennanBigoniZahmSpantiniMarzouk:2020:1,
  title={Greedy inference with structure-exploiting lazy maps},
  author={Brennan, Michael and Bigoni, Daniele and Zahm, Olivier and Spantini, Alessio and Marzouk, Youssef},
  journal={Advances in {N}eural {I}nformation {P}rocessing {S}ystems},
  volume={33},
  pages={8330--8342},
  year={2020}
}

@article{ParnoMarzouk:2018:1,
  title={Transport map accelerated {M}arkov chain {M}onte {C}arlo},
  author={Parno, Matthew D and Marzouk, Youssef M},
  journal={SIAM/ASA Journal on Uncertainty Quantification},
  volume={6},
  number={2},
  pages={645--682},
  year={2018},
  publisher={SIAM}
}


@article{OseledetsTyrtyshnikov:2010:1,
  title={{TT}-cross approximation for multidimensional arrays},
  author={Oseledets, Ivan and Tyrtyshnikov, Eugene},
  journal={Linear Algebra and its Applications},
  volume={432},
  number={1},
  pages={70--88},
  year={2010},
  publisher={Elsevier}
}

@article{Lindley:1956:1,
  title={On a measure of the information provided by an experiment},
  author={Lindley, Dennis V},
  journal={The Annals of Mathematical Statistics},
  volume={27},
  number={4},
  pages={986--1005},
  year={1956},
  publisher={Institute of Mathematical Statistics}
}

@book{Devroye:1986:1,
  title={Non-Uniform Random Variate Generation},
  author={Devroye,Luc},
  year={1986},
  publisher={Springer}
}

@article{GelmanMeng:1998:1,
  title={Simulating normalizing constants: From importance sampling to bridge sampling to path sampling},
  author={Gelman, Andrew and Meng, Xiao-Li},
  journal={Statistical science},
  pages={163--185},
  year={1998},
  publisher={JSTOR}
}

@article{CuiDolgovZahm:2023:2,
  title={Self-reinforced polynomial approximation methods for concentrated probability densities},
  author={Cui, Tiangang and Dolgov, Sergey and Zahm, Olivier},
  journal={arXiv preprint arXiv:2303.02554},
  year={2023}
}

@article{ChaturantabutSorensen:2010:1,
  title={Nonlinear model reduction via discrete empirical interpolation},
  author={Chaturantabut, Saifon and Sorensen, Danny C},
  journal={SIAM Journal on Scientific Computing},
  volume={32},
  number={5},
  pages={2737--2764},
  year={2010},
  publisher={SIAM}
}

@article{WestermannZech:2023;1,
  title={Measure transport via polynomial density surrogates},
  author={Westermann, Josephine and Zech, Jakob},
  journal={arXiv preprint arXiv:2311.04172},
  year={2023}
}

@inproceedings{KruseDetommasoKoetheScheichl:2021:1,
  title={{HINT}: Hierarchical invertible neural transport for density estimation and {B}ayesian inference},
  author={Kruse, Jakob and Detommaso, Gianluca and K{\"o}the, Ullrich and Scheichl, Robert},
  booktitle={Proceedings of the AAAI Conference on Artificial Intelligence},
  volume={35},
  number={9},
  pages={8191--8199},
  year={2021}
}


@MISC{Cui:2022,
  AUTHOR = {Cui, Tiangang},
  howpublished = "\url{https://github.com/fastfins/fastfins.m}",
  DATE = {2022},
  TITLE = {Fast Forward and Inverse problems solver (FastFins)},
}

@article{AlnaesBlechtaHakeJohanssonKehletLoggRichardsonRingRognesWells:2015:1,
  title={The {FE}ni{CS} project version 1.5},
  author={Aln{\ae}s, Martin and Blechta, Jan and Hake, Johan and Johansson, August and Kehlet, Benjamin and Logg, Anders and Richardson, Chris and Ring, Johannes and Rognes, Marie E and Wells, Garth N},
  journal={Archive of numerical software},
  volume={3},
  number={100},
  year={2015}
}


@MISC{Cui:2023,
  AUTHOR = {Cui, Tiangang},
  howpublished = "\url{https://github.com/DeepTransport/deep-tensor}",
  DATE = {2023},
  TITLE = {Deep {T}ransport},
}

@ARTICLE{YuAnitescu:2017:1,
  title={Multidimensional sum-up rounding for integer programming in optimal 
  experimental design},
  author={Yu, Jing and Anitescu, Mihai},
  journal={Mathematical Programming},
  pages={1--40},
  year={2017},
  publisher={Springer}
}

@article{HalkoMartinssonTropp:2011:1,
  title={Finding structure with randomness: Probabilistic algorithms for constructing approximate matrix decompositions},
  author={Halko, Nathan and Martinsson, Per-Gunnar and Tropp, Joel A},
  journal={SIAM review},
  volume={53},
  number={2},
  pages={217--288},
  year={2011},
  publisher={SIAM}
}

@article{HermanAlexanderianSaibaba:2020:1,
  title={Randomization and Reweighted $\ell_1$-Minimization for A-Optimal Design of Linear Inverse Problems},
  author={Herman, Elizabeth and Alexanderian, Alen and Saibaba, Arvind K},
  journal={SIAM Journal on Scientific Computing},
  volume={42},
  number={3},
  pages={A1714--A1740},
  year={2020},
  publisher={SIAM}
}

@ARTICLE{HaberHoreshTenorio:2008:1,
  title={Numerical methods for experimental design of large-scale linear ill-posed inverse problems},
  author={Haber, Eldad and Horesh, Lior and Tenorio, Luis},
  journal={Inverse Problems},
  volume={24},
  number={5},
  pages={055012},
  year={2008},
  publisher={IOP Publishing}
}

@article{Stuart:2010;1,
  title={Inverse problems: a {B}ayesian perspective},
  author={Stuart, Andrew M},
  journal={Acta numerica},
  volume={19},
  pages={451--559},
  year={2010},
  publisher={Cambridge University Press}
}

@article{KaipioKolehmainen:2013:1,
  title={Approximate marginalization over modeling errors and uncertainties in inverse problems},
  author={Kaipio, Jari and Kolehmainen, Ville},
  journal={{B}ayesian theory and applications},
  pages={644--672},
  year={2013},
  publisher={Oxford University Press Oxford, UK}
}


@article{MikhalevOseledets:2018:1,
  title={Rectangular maximum-volume submatrices and their applications},
  author={Mikhalev, Aleksandr and Oseledets, Ivan V},
  journal={Linear Algebra and its Applications},
  volume={538},
  pages={187--211},
  year={2018},
  publisher={Elsevier}
}

@article{SaitoYamadaKandaNakaiNagataNonomuraAsai:2021:1,
  title={Data-Driven Determinant-Based Greedy Under/Oversampling Vector Sensor Placement.},
  author={Saito, Yuji and Yamada, Keigo and Kanda, Naoki and Nakai, Kumi and Nagata, Takayuki and Nonomura, Taku and Asai, Keisuke},
  journal={CMES-Computer Modeling in Engineering \& Sciences},
  volume={129},
  number={1},
  year={2021}
}

@article{FarazmandSaibaba:2023:1,
  title={Tensor-based flow reconstruction from optimally located sensor measurements},
  author={Farazmand, Mohammad and Saibaba, Arvind K},
  journal={Journal of Fluid Mechanics},
  volume={962},
  pages={A27},
  year={2023},
  publisher={Cambridge University Press}
}


@article{ClarkAskhamBruntonKutz:2018:1,
  title={Greedy sensor placement with cost constraints},
  author={Clark, Emily and Askham, Travis and Brunton, Steven L and Kutz, J Nathan},
  journal={IEEE sensors journal},
  volume={19},
  number={7},
  pages={2642--2656},
  year={2018},
  publisher={IEEE}
}

@article{ManoharBruntonKutzBrunton:2018:1,
  title={Data-driven sparse sensor placement for reconstruction: Demonstrating the benefits of exploiting known patterns},
  author={Manohar, Krithika and Brunton, Bingni W and Kutz, J Nathan and Brunton, Steven L},
  journal={IEEE Control Systems Magazine},
  volume={38},
  number={3},
  pages={63--86},
  year={2018},
  publisher={IEEE}
}

@article{GorodetskyKaramanMarzouk:2019:1,
  title={A continuous analogue of the tensor-train decomposition},
  author={Gorodetsky, Alex and Karaman, Sertac and Marzouk, Youssef},
  journal={Computer {M}ethods in {A}applied {M}echanics and {E}ngineering},
  volume={347},
  pages={59--84},
  year={2019},
  publisher={Elsevier}
}


@article{VanaretSeufertSchwientekKarpovRyzhakovOseledetsAsprionBortz:2021:1,
  title={Two-phase approaches to optimal model-based design of experiments: how many experiments and which ones?},
  author={Vanaret, Charlie and Seufert, Philipp and Schwientek, Jan and Karpov, Gleb and Ryzhakov, Gleb and Oseledets, Ivan and Asprion, Norbert and Bortz, Michael},
  journal={Computers \& Chemical Engineering},
  volume={146},
  pages={107218},
  year={2021},
  publisher={Elsevier}
}

@article{ZankinRyzhakovOseledets:2018:1,
  title={Gradient descent-based D-optimal design for the least-squares polynomial approximation},
  author={Zankin, Vitaly P and Ryzhakov, Gleb V and Oseledets, Ivan V},
  journal={arXiv preprint arXiv:1806.06631},
  year={2018}
}

@article{Massei:2022:1,
  title={Some algorithms for maximum volume and cross approximation of symmetric semidefinite matrices},
  author={Massei, Stefano},
  journal={BIT Numerical Mathematics},
  volume={62},
  number={1},
  pages={195--220},
  year={2022},
  publisher={Springer}
}


@article{LiBelhadjiMarzouk:2024:1,
  title={Nonlinear {B}ayesian optimal experimental design using logarithmic {S}obolev inequalities},
  author={Li, Fengyi and Belhadji, Ayoub and Marzouk, Youssef},
  journal={arXiv preprint arXiv:2402.15053},
  year={2024}
}

@article{zahm2022certified,
  title={Certified dimension reduction in nonlinear {B}ayesian inverse problems},
  author={Zahm, Olivier and Cui, Tiangang and Law, Kody and Spantini, Alessio and Marzouk, Youssef},
  journal={Mathematics of Computation},
  volume={91},
  number={336},
  pages={1789--1835},
  year={2022}
}

@article{martin2012stochastic,
  title={A stochastic {N}ewton {MCMC} method for large-scale statistical inverse problems with application to seismic inversion},
  author={Martin, James and Wilcox, Lucas C and Burstedde, Carsten and Ghattas, Omar},
  journal={SIAM Journal on Scientific Computing},
  volume={34},
  number={3},
  pages={A1460--A1487},
  year={2012},
  publisher={SIAM}
}

@article{girolami2011riemann,
  title={Riemann manifold {L}angevin and {H}amiltonian {M}onte {C}arlo methods},
  author={Girolami, Mark and Calderhead, Ben},
  journal={Journal of the Royal Statistical Society Series B: Statistical Methodology},
  volume={73},
  number={2},
  pages={123--214},
  year={2011},
  publisher={Oxford University Press}
}

@article{roberts2001optimal,
  title={Optimal scaling for various {M}etropolis-{H}astings algorithms},
  author={Roberts, Gareth O and Rosenthal, Jeffrey S},
  journal={Statistical science},
  volume={16},
  number={4},
  pages={351--367},
  year={2001},
  publisher={Institute of Mathematical Statistics}
}


@article{cotter2013mcmc,
  title={{MCMC} Methods for Functions: Modifying Old Algorithms to Make Them Faster},
  author={Cotter, SL and Roberts, GO and Stuart, AM and White, D},
  journal={Statistical Science},
  volume={28},
  number={3},
  pages={424--446},
  year={2013}
}

@article{mattingly2012diffusion,
  title={Diffusion limits of the random walk {M}etropolis algorithm in high dimensions},
  author={Mattingly, Jonathan C and Pillai, Natesh S and Stuart, AM},
  journal={The Annals of Applied Probability},
  volume={22},
  number={3},
  pages={881--930},
  year={2012},
  publisher={Institute of Mathematical Statistics}
}

@article{cui2022prior,
  title={Prior normalization for certified likelihood-informed subspace detection of {B}ayesian inverse problems},
  author={Cui, Tiangang and Tong, Xin T and Zahm, Olivier},
  journal={Inverse Problems},
  volume={38},
  number={12},
  pages={124002},
  year={2022},
  publisher={IOP Publishing}
}


@article{oseledets2011tensor,
  title={Tensor-train decomposition},
  author={Oseledets, Ivan V},
  journal={SIAM Journal on Scientific Computing},
  volume={33},
  number={5},
  pages={2295--2317},
  year={2011},
  publisher={SIAM}
}

@article{chen2018neural,
  title={Neural ordinary differential equations},
  author={Chen, Ricky TQ and Rubanova, Yulia and Bettencourt, Jesse and Duvenaud, David K},
  journal={Advances in {N}eural {I}nformation {P}rocessing {S}ystems},
  volume={31},
  year={2018}
}
@inproceedings{onken2021ot,
  title={Ot-flow: Fast and accurate continuous normalizing flows via optimal transport},
  author={Onken, Derek and Fung, Samy Wu and Li, Xingjian and Ruthotto, Lars},
  booktitle={Proceedings of the AAAI Conference on Artificial Intelligence},
  volume={35},
  number={10},
  pages={9223--9232},
  year={2021}
}
@article{dolgov2020approximation,
  title={Approximation and sampling of multivariate probability distributions in the tensor train decomposition},
  author={Dolgov, Sergey and Anaya-Izquierdo, Karim and Fox, Colin and Scheichl, Robert},
  journal={Stat. Comput.},
  volume={30},
  pages={603--625},
  year={2020},
  publisher={Springer}
}
