@ARTICLE{CaoBaptistaChenLiGhattasOdenMarzouk:2023:1,
  TITLE={{B}ayesian model calibration for block copolymer self-assembly: Likelihood-free inference and expected information gain computation via measure transport},
  AUTHOR={Cao, Lianghao and Baptista, Ricardo and Chen, Joshua and Li, Fengyi and Ghattas, Omar and Oden, J Tinsley and Marzouk, Youssef},
  JOURNAL={Bulletin of the American Physical Society},
  DATE={2023},
  PUBLISHER={APS}
}

@article{CaoChenBrennanOLearyRoseberryMarzoukGhattas:2024:1,
  title={LazyDINO: Fast, scalable, and efficiently amortized {B}ayesian inversion via structure-exploiting and surrogate-driven measure transport},
  author={Cao, Lianghao and Chen, Joshua and Brennan, Michael and O'Leary-Roseberry, Thomas and Marzouk, Youssef and Ghattas, Omar},
  journal={arXiv preprint arXiv:2411.12726},
  year={2024}
}

@article{DongJacobsenKhalloufiAkramLLiuDuraisamyHuan:2025:1,
  title={Variational {B}ayesian optimal experimental design with normalizing flows},
  author={Dong, Jiayuan and Jacobsen, Christian and Khalloufi, Mehdi and Akram, Maryam and Liu, Wanjiao and Duraisamy, Karthik and Huan, Xun},
  journal={Comput. Methods Appl. Mech. Eng.},
  volume={433},
  pages={117457},
  year={2025},
  publisher={Elsevier}
}

@article{DrovandiMcGreePettitt:2013:1,
  title={Sequential {M}onte {C}arlo for {B}ayesian sequentially designed experiments for discrete data},
  author={Drovandi, Christopher C and McGree, James M and Pettitt, Anthony N},
  journal={Comput. Stat. Data Anal.},
  volume={57},
  number={1},
  pages={320--335},
  year={2013},
  publisher={Elsevier}
}

@article{GoChen:2024:1,
  title={Sequential infinite-dimensional {B}ayesian optimal experimental design with derivative-informed latent attention neural operator},
  author={Go, Jinwoo and Chen, Peng},
  journal={arXiv preprint arXiv:2409.09141},
  year={2024}
}

@article{HuanJagalurMarzouk:2024:1,
  title={Optimal experimental design: Formulations and computations},
  author={Huan, Xun and Jagalur, Jayanth and Marzouk, Youssef},
  journal={Acta Numerica},
  volume={33},
  pages={715--840},
  year={2024},
  publisher={Cambridge University Press}
}

@ARTICLE{HuanMarzouk:2013:1,
  TITLE                    = {Simulation-based optimal {B}ayesian experimental design for nonlinear systems},
  AUTHOR                   = {Xun Huan and Youssef M. Marzouk},
  JOURNAL                  = {Journal of Computational Physics},
  DATE                     = {2013},
  NUMBER                   = {1},
  PAGES                    = {288--317},
  VOLUME                   = {232},
  ISSN                     = {0021-9991},
  PUBLISHER                = {Elsevier},
}

@online{KleinegesseDrovandiGutmann:2020:1,
      title={Sequential {B}ayesian Experimental Design for Implicit Models via Mutual Information}, 
      author={Steven Kleinegesse and Christopher Drovandi and Michael U. Gutmann},
      year={2020},
      eprint={2003.09379},
      EPRINTTYPE={arXiv}
}

@article{KovalHerzogScheichl:2024:1,
year = {2024},
publisher = {IOP Publishing},
volume = {40},
number = {12},
pages = {125002},
author = {Karina Koval and Roland Herzog and Robert Scheichl},
title = {Tractable optimal experimental design using transport maps},
journal = {Inverse Problems},
}

@article{LiBaptistaMarzouk:2024:1,
  title={Expected information gain estimation via density approximations: Sample allocation and dimension reduction},
  author={Li, Fengyi and Baptista, Ricardo and Marzouk, Youssef},
  journal={arXiv preprint arXiv:2411.08390},
  year={2024}
}

@article{Ryan:2003:1,
  title={Estimating expected information gains for experimental designs with application to the random fatigue-limit model},
  author={Ryan, Kenneth J},
  journal={Journal of Computational and Graphical Statistics},
  volume={12},
  number={3},
  pages={585--603},
  year={2003},
  publisher={Taylor \& Francis}
}

@article{RyanDrovandiMcGreePettitt:2016:1,
  title={A review of modern computational algorithms for {B}ayesian optimal design},
  author={Ryan, Elizabeth G and Drovandi, Christopher C and McGree, James M and Pettitt, Anthony N},
  journal={International Statistical Review},
  volume={84},
  number={1},
  pages={128--154},
  year={2016},
  publisher={Wiley Online Library}
}

@article{WuChenGhattas:2023:1,
  title={A fast and scalable computational framework for large-scale high-dimensional {B}ayesian optimal experimental design},
  author={Wu, Keyi and Chen, Peng and Ghattas, Omar},
  journal={SIAM/ASA Journal on Uncertainty Quantification},
  volume={11},
  number={1},
  pages={235--261},
  year={2023},
  publisher={SIAM}
}

@article{WuOLeary-RoseberryChenGhattas:2023:1,
title={Large-scale {B}ayesian optimal experimental design with derivative-informed projected neural network},
  author={Wu, Keyi and Oâ€™Leary-Roseberry, Thomas and Chen, Peng and Ghattas, Omar},
  journal={J. Sci. Comput.},
  volume={95},
  number={1},
  pages={30},
  year={2023},
  publisher={Springer}
}

