@inproceedings{Austin:2021,
  author       = {Jacob Austin and
                  Daniel D. Johnson and
                  Jonathan Ho and
                  Daniel Tarlow and
                  Rianne van den Berg},
  editor       = {Marc'Aurelio Ranzato and
                  Alina Beygelzimer and
                  Yann N. Dauphin and
                  Percy Liang and
                  Jennifer Wortman Vaughan},
  title        = {Structured denoising diffusion models in discrete state-spaces},
  booktitle    = {Advances in Neural Information Processing Systems 34: Annual Conference
                  on Neural Information Processing Systems 2021, NeurIPS 2021, December
                  6-14, 2021, virtual},
  pages        = {17981--17993},
  year         = {2021},
  url          = {https://proceedings.neurips.cc/paper/2021/hash/958c530554f78bcd8e97125b70e6973d-Abstract.html},
  timestamp    = {Tue, 03 May 2022 16:20:48 +0200},
  biburl       = {https://dblp.org/rec/conf/nips/AustinJHTB21.bib},
  bibsource    = {dblp computer science bibliography, https://dblp.org}
}

@inproceedings{Chen:2023,
  author       = {Ting Chen and
                  Ruixiang Zhang and
                  Geoffrey E. Hinton},
  title        = {Analog bits: Generating discrete data using diffusion models with self-conditioning},
  booktitle    = {The Eleventh International Conference on Learning Representations,
                  {ICLR} 2023, Kigali, Rwanda, May 1-5, 2023},
  publisher    = {OpenReview.net},
  year         = {2023},
  url          = {https://openreview.net/forum?id=3itjR9QxFw},
  timestamp    = {Tue, 13 Aug 2024 08:03:51 +0200},
  biburl       = {https://dblp.org/rec/conf/iclr/ChenZH23.bib},
  bibsource    = {dblp computer science bibliography, https://dblp.org}
}

@article{Gong:2017,
  title={Deep dynamic {P}oisson factorization model},
  author={Gong, Chengyue and others},
  journal={Advances in Neural Information Processing Systems},
  volume={30},
  year={2017}
}

@inproceedings{Gu:2022,
  author       = {Shuyang Gu and
                  Dong Chen and
                  Jianmin Bao and
                  Fang Wen and
                  Bo Zhang and
                  Dongdong Chen and
                  Lu Yuan and
                  Baining Guo},
  title        = {Vector Quantized Diffusion Model for Text-to-Image Synthesis},
  booktitle    = {{IEEE/CVF} Conference on Computer Vision and Pattern Recognition,
                  {CVPR} 2022, New Orleans, LA, USA, June 18-24, 2022},
  pages        = {10686--10696},
  publisher    = {{IEEE}},
  year         = {2022},
  url          = {https://doi.org/10.1109/CVPR52688.2022.01043},
  doi          = {10.1109/CVPR52688.2022.01043},
  timestamp    = {Sun, 19 Jan 2025 13:39:04 +0100},
  biburl       = {https://dblp.org/rec/conf/cvpr/GuCBWZCYG22.bib},
  bibsource    = {dblp computer science bibliography, https://dblp.org}
}

@article{Guo:2018,
  title={Deep Poisson gamma dynamical systems},
  author={Guo, Dandan and Chen, Bo and Zhang, Hao and Zhou, Mingyuan},
  journal={Advances in Neural Information Processing Systems},
  volume={31},
  year={2018}
}

@article{Han:2015,
  title={Deep compression: Compressing deep neural network with pruning, trained quantization and {H}uffman coding},
  author={Song Han and Huizi Mao and William J. Dally},
  journal={arXiv: Computer Vision and Pattern Recognition},
  year={2015},
  url={https://api.semanticscholar.org/CorpusID:2134321}
}

@inproceedings{Ho:2020,
  author       = {Jonathan Ho and
                  Ajay Jain and
                  Pieter Abbeel},
  editor       = {Hugo Larochelle and
                  Marc'Aurelio Ranzato and
                  Raia Hadsell and
                  Maria{-}Florina Balcan and
                  Hsuan{-}Tien Lin},
  title        = {Denoising diffusion probabilistic models},
  booktitle    = {Advances in Neural Information Processing Systems 33: Annual Conference
                  on Neural Information Processing Systems 2020, NeurIPS 2020, December
                  6-12, 2020, virtual},
  year         = {2020},
  url          = {https://proceedings.neurips.cc/paper/2020/hash/4c5bcfec8584af0d967f1ab10179ca4b-Abstract.html},
  timestamp    = {Tue, 19 Jan 2021 15:57:09 +0100},
  biburl       = {https://dblp.org/rec/conf/nips/HoJA20.bib},
  bibsource    = {dblp computer science bibliography, https://dblp.org}
}

@article{Lee:2018,
  title={{SNIP}: Single-shot Network Pruning based on connection sensitivity},
  author={Namhoon Lee and Thalaiyasingam Ajanthan and Philip H. S. Torr},
  journal={ArXiv},
  year={2018},
  volume={abs/1810.02340},
  url={https://api.semanticscholar.org/CorpusID:52920837}
}

@inproceedings{Lu:2019,
  title={Sparse image generation with decoupled generative models},
  author={Lu, Yadong and Collado, Julian and Bauer, Kevin and Whiteson, Daniel and Baldi, Pierre},
  booktitle={Neural Information Processing Systems, Machine Learning and the Physical Sciences Workshop},
  year={2019}
}

@article{Lu:2021,
  title={Sparse autoregressive models for scalable generation of sparse images in particle physics},
  author={Lu, Yadong and Collado, Julian and Whiteson, Daniel and Baldi, Pierre},
  journal={Physical Review D},
  volume={103},
  number={3},
  pages={036012},
  year={2021},
  publisher={APS}
}

@InProceedings{Molchanov:2017,
  title = 	 {Variational dropout sparsifies deep neural networks},
  author =       {Dmitry Molchanov and Arsenii Ashukha and Dmitry Vetrov},
  booktitle = 	 {Proceedings of the 34th International Conference on Machine Learning},
  pages = 	 {2498--2507},
  year = 	 {2017},
  editor = 	 {Precup, Doina and Teh, Yee Whye},
  volume = 	 {70},
  series = 	 {Proceedings of Machine Learning Research},
  month = 	 {06--11 Aug},
  publisher =    {PMLR},
  pdf = 	 {http://proceedings.mlr.press/v70/molchanov17a/molchanov17a.pdf},
  url = 	 {https://proceedings.mlr.press/v70/molchanov17a.html},
}

@article{Schein:2016,
  title={Poisson-gamma dynamical systems},
  author={Schein, Aaron and Wallach, Hanna and Zhou, Mingyuan},
  journal={Advances in Neural Information Processing Systems},
  volume={29},
  year={2016}
}

@inproceedings{Schein:2019,
  author       = {Aaron Schein and
                  Scott W. Linderman and
                  Mingyuan Zhou and
                  David M. Blei and
                  Hanna M. Wallach},
  editor       = {Hanna M. Wallach and
                  Hugo Larochelle and
                  Alina Beygelzimer and
                  Florence d'Alch{\'{e}}{-}Buc and
                  Emily B. Fox and
                  Roman Garnett},
  title        = {Poisson-randomized gamma dynamical systems},
  booktitle    = {Advances in Neural Information Processing Systems 32: Annual Conference
                  on Neural Information Processing Systems 2019, NeurIPS 2019, December
                  8-14, 2019, Vancouver, BC, Canada},
  pages        = {781--792},
  year         = {2019},
  url          = {https://proceedings.neurips.cc/paper/2019/hash/1543843a4723ed2ab08e18053ae6dc5b-Abstract.html},
  timestamp    = {Tue, 07 May 2024 20:04:34 +0200},
  biburl       = {https://dblp.org/rec/conf/nips/ScheinLZBW19.bib},
  bibsource    = {dblp computer science bibliography, https://dblp.org}
}

@inproceedings{Sohl-Dickstein:2015,
  author       = {Jascha Sohl{-}Dickstein and
                  Eric A. Weiss and
                  Niru Maheswaranathan and
                  Surya Ganguli},
  editor       = {Francis R. Bach and
                  David M. Blei},
  title        = {Deep unsupervised learning using nonequilibrium thermodynamics},
  booktitle    = {Proceedings of the 32nd International Conference on Machine Learning,
                  {ICML} 2015, Lille, France, 6-11 July 2015},
  series       = {{JMLR} Workshop and Conference Proceedings},
  volume       = {37},
  pages        = {2256--2265},
  publisher    = {JMLR.org},
  year         = {2015},
  url          = {http://proceedings.mlr.press/v37/sohl-dickstein15.html},
  timestamp    = {Wed, 29 May 2019 08:41:45 +0200},
  biburl       = {https://dblp.org/rec/conf/icml/Sohl-DicksteinW15.bib},
  bibsource    = {dblp computer science bibliography, https://dblp.org}
}

@inproceedings{Song:2020,
  author       = {Yang Song and
                  Stefano Ermon},
  editor       = {Hugo Larochelle and
                  Marc'Aurelio Ranzato and
                  Raia Hadsell and
                  Maria{-}Florina Balcan and
                  Hsuan{-}Tien Lin},
  title        = {Improved techniques for training score-based generative models},
  booktitle    = {Advances in Neural Information Processing Systems 33: Annual Conference
                  on Neural Information Processing Systems 2020, NeurIPS 2020, December
                  6-12, 2020, virtual},
  year         = {2020},
  url          = {https://proceedings.neurips.cc/paper/2020/hash/92c3b916311a5517d9290576e3ea37ad-Abstract.html},
  timestamp    = {Tue, 19 Jan 2021 15:57:34 +0100},
  biburl       = {https://dblp.org/rec/conf/nips/0011E20.bib},
  bibsource    = {dblp computer science bibliography, https://dblp.org}
}

@inproceedings{Song:2021,
  author       = {Yang Song and
                  Jascha Sohl{-}Dickstein and
                  Diederik P. Kingma and
                  Abhishek Kumar and
                  Stefano Ermon and
                  Ben Poole},
  title        = {Score-based generative modeling through stochastic differential equations},
  booktitle    = {9th International Conference on Learning Representations, {ICLR} 2021,
                  Virtual Event, Austria, May 3-7, 2021},
  publisher    = {OpenReview.net},
  year         = {2021},
  url          = {https://openreview.net/forum?id=PxTIG12RRHS},
  timestamp    = {Wed, 23 Jun 2021 17:36:39 +0200},
  biburl       = {https://dblp.org/rec/conf/iclr/0011SKKEP21.bib},
  bibsource    = {dblp computer science bibliography, https://dblp.org}
}

@inproceedings{Sun:2024,
  author       = {Mingjie Sun and
                  Zhuang Liu and
                  Anna Bair and
                  J. Zico Kolter},
  title        = {A simple and effective pruning approach for large language models},
  booktitle    = {The Twelfth International Conference on Learning Representations,
                  {ICLR} 2024, Vienna, Austria, May 7-11, 2024},
  publisher    = {OpenReview.net},
  year         = {2024},
  url          = {https://openreview.net/forum?id=PxoFut3dWW},
  timestamp    = {Wed, 07 Aug 2024 17:11:53 +0200},
  biburl       = {https://dblp.org/rec/conf/iclr/Sun0BK24.bib},
  bibsource    = {dblp computer science bibliography, https://dblp.org}
}

@inproceedings{Ullrich:2017,
  author       = {Karen Ullrich and
                  Edward Meeds and
                  Max Welling},
  title        = {Soft weight-sharing for neural network compression},
  booktitle    = {5th International Conference on Learning Representations, {ICLR} 2017,
                  Toulon, France, April 24-26, 2017, Conference Track Proceedings},
  publisher    = {OpenReview.net},
  year         = {2017},
  url          = {https://openreview.net/forum?id=HJGwcKclx},
  timestamp    = {Thu, 25 Jul 2019 14:25:57 +0200},
  biburl       = {https://dblp.org/rec/conf/iclr/UllrichMW17.bib},
  bibsource    = {dblp computer science bibliography, https://dblp.org}
}

