@inproceedings{Chen:2023,
  author       = {Ting Chen and
                  Ruixiang Zhang and
                  Geoffrey E. Hinton},
  title        = {Analog bits: Generating discrete data using diffusion models with self-conditioning},
  booktitle    = {The Eleventh International Conference on Learning Representations,
                  {ICLR} 2023, Kigali, Rwanda, May 1-5, 2023},
  publisher    = {OpenReview.net},
  year         = {2023},
  url          = {https://openreview.net/forum?id=3itjR9QxFw},
  timestamp    = {Tue, 13 Aug 2024 08:03:51 +0200},
  biburl       = {https://dblp.org/rec/conf/iclr/ChenZH23.bib},
  bibsource    = {dblp computer science bibliography, https://dblp.org}
}

@inproceedings{Lu:2019,
  title={Sparse image generation with decoupled generative models},
  author={Lu, Yadong and Collado, Julian and Bauer, Kevin and Whiteson, Daniel and Baldi, Pierre},
  booktitle={Neural Information Processing Systems, Machine Learning and the Physical Sciences Workshop},
  year={2019}
}

@article{Lu:2021,
  title={Sparse autoregressive models for scalable generation of sparse images in particle physics},
  author={Lu, Yadong and Collado, Julian and Whiteson, Daniel and Baldi, Pierre},
  journal={Physical Review D},
  volume={103},
  number={3},
  pages={036012},
  year={2021},
  publisher={APS}
}

@article{Lahnemann:2020,
  title={Eleven grand challenges in single-cell data science},
  author={L{\"a}hnemann, David and K{\"o}ster, Johannes and Szczurek, Ewa and McCarthy, Davis J and Hicks, Stephanie C and Robinson, Mark D and Vallejos, Catalina A and Campbell, Kieran R and Beerenwinkel, Niko and Mahfouz, Ahmed and others},
  journal={Genome biology},
  volume={21},
  pages={1--35},
  year={2020},
  publisher={Springer}
}

@misc{Xiao:2017,
      title={Fashion-MNIST: a novel image dataset for benchmarking machine learning algorithms}, 
      author={Han Xiao and Kashif Rasul and Roland Vollgraf},
      year={2017},
      eprint={1708.07747},
      archivePrefix={arXiv},
      primaryClass={cs.LG},
}

@inproceedings{Sohl-Dickstein:2015,
  author       = {Jascha Sohl{-}Dickstein and
                  Eric A. Weiss and
                  Niru Maheswaranathan and
                  Surya Ganguli},
  editor       = {Francis R. Bach and
                  David M. Blei},
  title        = {Deep unsupervised learning using nonequilibrium thermodynamics},
  booktitle    = {Proceedings of the 32nd International Conference on Machine Learning,
                  {ICML} 2015, Lille, France, 6-11 July 2015},
  series       = {{JMLR} Workshop and Conference Proceedings},
  volume       = {37},
  pages        = {2256--2265},
  publisher    = {JMLR.org},
  year         = {2015},
  url          = {http://proceedings.mlr.press/v37/sohl-dickstein15.html},
  timestamp    = {Wed, 29 May 2019 08:41:45 +0200},
  biburl       = {https://dblp.org/rec/conf/icml/Sohl-DicksteinW15.bib},
  bibsource    = {dblp computer science bibliography, https://dblp.org}
}

@inproceedings{Hoogeboom:2021,
  author       = {Emiel Hoogeboom and
                  Didrik Nielsen and
                  Priyank Jaini and
                  Patrick Forr{\'{e}} and
                  Max Welling},
  editor       = {Marc'Aurelio Ranzato and
                  Alina Beygelzimer and
                  Yann N. Dauphin and
                  Percy Liang and
                  Jennifer Wortman Vaughan},
  title        = {Argmax flows and multinomial diffusion: learning categorical distributions},
  booktitle    = {Advances in Neural Information Processing Systems 34: Annual Conference
                  on Neural Information Processing Systems 2021, NeurIPS 2021, December
                  6-14, 2021, virtual},
  pages        = {12454--12465},
  year         = {2021},
  url          = {https://proceedings.neurips.cc/paper/2021/hash/67d96d458abdef21792e6d8e590244e7-Abstract.html},
  timestamp    = {Tue, 03 May 2022 16:20:47 +0200},
  biburl       = {https://dblp.org/rec/conf/nips/HoogeboomNJFW21.bib},
  bibsource    = {dblp computer science bibliography, https://dblp.org}
}

@inproceedings{Austin:2021,
  author       = {Jacob Austin and
                  Daniel D. Johnson and
                  Jonathan Ho and
                  Daniel Tarlow and
                  Rianne van den Berg},
  editor       = {Marc'Aurelio Ranzato and
                  Alina Beygelzimer and
                  Yann N. Dauphin and
                  Percy Liang and
                  Jennifer Wortman Vaughan},
  title        = {Structured denoising diffusion models in discrete state-spaces},
  booktitle    = {Advances in Neural Information Processing Systems 34: Annual Conference
                  on Neural Information Processing Systems 2021, NeurIPS 2021, December
                  6-14, 2021, virtual},
  pages        = {17981--17993},
  year         = {2021},
  url          = {https://proceedings.neurips.cc/paper/2021/hash/958c530554f78bcd8e97125b70e6973d-Abstract.html},
  timestamp    = {Tue, 03 May 2022 16:20:48 +0200},
  biburl       = {https://dblp.org/rec/conf/nips/AustinJHTB21.bib},
  bibsource    = {dblp computer science bibliography, https://dblp.org}
}

@inproceedings{Ho:2020,
  author       = {Jonathan Ho and
                  Ajay Jain and
                  Pieter Abbeel},
  editor       = {Hugo Larochelle and
                  Marc'Aurelio Ranzato and
                  Raia Hadsell and
                  Maria{-}Florina Balcan and
                  Hsuan{-}Tien Lin},
  title        = {Denoising diffusion probabilistic models},
  booktitle    = {Advances in Neural Information Processing Systems 33: Annual Conference
                  on Neural Information Processing Systems 2020, NeurIPS 2020, December
                  6-12, 2020, virtual},
  year         = {2020},
  url          = {https://proceedings.neurips.cc/paper/2020/hash/4c5bcfec8584af0d967f1ab10179ca4b-Abstract.html},
  timestamp    = {Tue, 19 Jan 2021 15:57:09 +0100},
  biburl       = {https://dblp.org/rec/conf/nips/HoJA20.bib},
  bibsource    = {dblp computer science bibliography, https://dblp.org}
}

@inproceedings{Song:2020,
  author       = {Yang Song and
                  Stefano Ermon},
  editor       = {Hugo Larochelle and
                  Marc'Aurelio Ranzato and
                  Raia Hadsell and
                  Maria{-}Florina Balcan and
                  Hsuan{-}Tien Lin},
  title        = {Improved techniques for training score-based generative models},
  booktitle    = {Advances in Neural Information Processing Systems 33: Annual Conference
                  on Neural Information Processing Systems 2020, NeurIPS 2020, December
                  6-12, 2020, virtual},
  year         = {2020},
  url          = {https://proceedings.neurips.cc/paper/2020/hash/92c3b916311a5517d9290576e3ea37ad-Abstract.html},
  timestamp    = {Tue, 19 Jan 2021 15:57:34 +0100},
  biburl       = {https://dblp.org/rec/conf/nips/0011E20.bib},
  bibsource    = {dblp computer science bibliography, https://dblp.org}
}

@inproceedings{Song:2021,
  author       = {Yang Song and
                  Jascha Sohl{-}Dickstein and
                  Diederik P. Kingma and
                  Abhishek Kumar and
                  Stefano Ermon and
                  Ben Poole},
  title        = {Score-based generative modeling through stochastic differential equations},
  booktitle    = {9th International Conference on Learning Representations, {ICLR} 2021,
                  Virtual Event, Austria, May 3-7, 2021},
  publisher    = {OpenReview.net},
  year         = {2021},
  url          = {https://openreview.net/forum?id=PxTIG12RRHS},
  timestamp    = {Wed, 23 Jun 2021 17:36:39 +0200},
  biburl       = {https://dblp.org/rec/conf/iclr/0011SKKEP21.bib},
  bibsource    = {dblp computer science bibliography, https://dblp.org}
}

@article{Lecun:1998,
  title={The MNIST database of handwritten digits},
  author={LeCun, Yann},
  journal={http://yann.lecun.com/exdb/mnist/},
  year={1998}
}

@article{Goodfellow:2020,
  title={Generative adversarial networks},
  author={Goodfellow, Ian and Pouget-Abadie, Jean and Mirza, Mehdi and Xu, Bing and Warde-Farley, David and Ozair, Sherjil and Courville, Aaron and Bengio, Yoshua},
  journal={Communications of the ACM},
  volume={63},
  number={11},
  pages={139--144},
  year={2020},
  publisher={ACM New York, NY, USA}
}

@misc{Kingma:2014,
      title={Auto-encoding variational {B}ayes}, 
      author={Diederik P Kingma and Max Welling},
      year={2014},
      eprint={1312.6114},
      archivePrefix={arXiv},
      primaryClass={stat.ML},
      url={https://arxiv.org/abs/1312.6114}, 
}

@inproceedings{Heusel:2017,
  author       = {Martin Heusel and
                  Hubert Ramsauer and
                  Thomas Unterthiner and
                  Bernhard Nessler and
                  Sepp Hochreiter},
  editor       = {Isabelle Guyon and
                  Ulrike von Luxburg and
                  Samy Bengio and
                  Hanna M. Wallach and
                  Rob Fergus and
                  S. V. N. Vishwanathan and
                  Roman Garnett},
  title        = {{GANs} trained by a two time-scale update rule converge to a local {N}ash equilibrium},
  booktitle    = {Advances in Neural Information Processing Systems 30: Annual Conference
                  on Neural Information Processing Systems 2017, December 4-9, 2017,
                  Long Beach, CA, {USA}},
  pages        = {6626--6637},
  year         = {2017},
  url          = {https://proceedings.neurips.cc/paper/2017/hash/8a1d694707eb0fefe65871369074926d-Abstract.html},
  timestamp    = {Thu, 21 Jan 2021 15:15:21 +0100},
  biburl       = {https://dblp.org/rec/conf/nips/HeuselRUNH17.bib},
  bibsource    = {dblp computer science bibliography, https://dblp.org}
}

@article{Oliveira:2017,
  title={Learning particle physics by example: location-aware generative adversarial networks for physics synthesis},
  author={de Oliveira, Luke and Paganini, Michela and Nachman, Benjamin},
  journal={Computing and Software for Big Science},
  volume={1},
  number={1},
  pages={4},
  year={2017},
  publisher={Springer}
}

@article{Luo:2024,
  title={scDiffusion: conditional generation of high-quality single-cell data using diffusion model},
  author={Luo, Erpai and Hao, Minsheng and Wei, Lei and Zhang, Xuegong},
  journal={Bioinformatics},
  volume={40},
  number={9},
  pages={btae518},
  year={2024},
  publisher={Oxford University Press}
}

@article{Gretton:2012,
  title={A kernel two-sample test},
  author={Gretton, Arthur and Borgwardt, Karsten M and Rasch, Malte J and Sch{\"o}lkopf, Bernhard and Smola, Alexander},
  journal={The Journal of Machine Learning Research},
  volume={13},
  number={1},
  pages={723--773},
  year={2012},
  publisher={JMLR. org}
}

@article{Haghverdi:2018,
  title={Batch effects in single-cell RNA-sequencing data are corrected by matching mutual nearest neighbors},
  author={Haghverdi, Laleh and Lun, Aaron TL and Morgan, Michael D and Marioni, John C},
  journal={Nature biotechnology},
  volume={36},
  number={5},
  pages={421--427},
  year={2018},
  publisher={Nature Publishing Group}
}

@article{Habermann:2020,
  title={Single-cell RNA sequencing reveals profibrotic roles of distinct epithelial and mesenchymal lineages in pulmonary fibrosis},
  author={Habermann, Arun C and Gutierrez, Austin J and Bui, Linh T and Yahn, Stephanie L and Winters, Nichelle I and Calvi, Carla L and Peter, Lance and Chung, Mei-I and Taylor, Chase J and Jetter, Christopher and others},
  journal={Science advances},
  volume={6},
  number={28},
  pages={eaba1972},
  year={2020},
  publisher={American Association for the Advancement of Science}
}

@article{Zheng:2017,
  title={Massively parallel digital transcriptional profiling of single cells},
  author={Zheng, Grace XY and Terry, Jessica M and Belgrader, Phillip and Ryvkin, Paul and Bent, Zachary W and Wilson, Ryan and Ziraldo, Solongo B and Wheeler, Tobias D and McDermott, Geoff P and Zhu, Junjie and others},
  journal={Nature communications},
  volume={8},
  number={1},
  pages={14049},
  year={2017},
  publisher={Nature Publishing Group UK London}
}

@inproceedings{Ronneberger:2015,
  author       = {Olaf Ronneberger and
                  Philipp Fischer and
                  Thomas Brox},
  editor       = {Nassir Navab and
                  Joachim Hornegger and
                  William M. Wells III and
                  Alejandro F. Frangi},
  title        = {U-Net: convolutional networks for biomedical image segmentation},
  booktitle    = {Medical Image Computing and Computer-Assisted Intervention - {MICCAI}
                  2015 - 18th International Conference Munich, Germany, October 5 -
                  9, 2015, Proceedings, Part {III}},
  series       = {Lecture Notes in Computer Science},
  volume       = {9351},
  pages        = {234--241},
  publisher    = {Springer},
  year         = {2015},
  url          = {https://doi.org/10.1007/978-3-319-24574-4\_28},
  doi          = {10.1007/978-3-319-24574-4\_28},
  timestamp    = {Mon, 03 Jan 2022 22:36:27 +0100},
  biburl       = {https://dblp.org/rec/conf/miccai/RonnebergerFB15.bib},
  bibsource    = {dblp computer science bibliography, https://dblp.org}
}

@inproceedings{Nichol:2022,
  author       = {Alexander Quinn Nichol and
                  Prafulla Dhariwal and
                  Aditya Ramesh and
                  Pranav Shyam and
                  Pamela Mishkin and
                  Bob McGrew and
                  Ilya Sutskever and
                  Mark Chen},
  editor       = {Kamalika Chaudhuri and
                  Stefanie Jegelka and
                  Le Song and
                  Csaba Szepesv{\'{a}}ri and
                  Gang Niu and
                  Sivan Sabato},
  title        = {{GLIDE:} Towards photorealistic image generation and editing with text-guided diffusion models},
  booktitle    = {International Conference on Machine Learning, {ICML} 2022, 17-23 July
                  2022, Baltimore, Maryland, {USA}},
  series       = {Proceedings of Machine Learning Research},
  volume       = {162},
  pages        = {16784--16804},
  publisher    = {{PMLR}},
  year         = {2022},
  url          = {https://proceedings.mlr.press/v162/nichol22a.html},
  timestamp    = {Thu, 25 May 2023 10:38:31 +0200},
  biburl       = {https://dblp.org/rec/conf/icml/NicholDRSMMSC22.bib},
  bibsource    = {dblp computer science bibliography, https://dblp.org}
}

@inproceedings{Kingma:2015,
  author       = {Diederik P. Kingma and
                  Jimmy Ba},
  editor       = {Yoshua Bengio and
                  Yann LeCun},
  title        = {Adam: {A} method for stochastic optimization},
  booktitle    = {3rd International Conference on Learning Representations, {ICLR} 2015,
                  San Diego, CA, USA, May 7-9, 2015, Conference Track Proceedings},
  year         = {2015},
  url          = {http://arxiv.org/abs/1412.6980},
  timestamp    = {Thu, 25 Jul 2019 14:25:37 +0200},
  biburl       = {https://dblp.org/rec/journals/corr/KingmaB14.bib},
  bibsource    = {dblp computer science bibliography, https://dblp.org}
}

@inproceedings{Schein:2019,
  author       = {Aaron Schein and
                  Scott W. Linderman and
                  Mingyuan Zhou and
                  David M. Blei and
                  Hanna M. Wallach},
  editor       = {Hanna M. Wallach and
                  Hugo Larochelle and
                  Alina Beygelzimer and
                  Florence d'Alch{\'{e}}{-}Buc and
                  Emily B. Fox and
                  Roman Garnett},
  title        = {Poisson-randomized gamma dynamical systems},
  booktitle    = {Advances in Neural Information Processing Systems 32: Annual Conference
                  on Neural Information Processing Systems 2019, NeurIPS 2019, December
                  8-14, 2019, Vancouver, BC, Canada},
  pages        = {781--792},
  year         = {2019},
  url          = {https://proceedings.neurips.cc/paper/2019/hash/1543843a4723ed2ab08e18053ae6dc5b-Abstract.html},
  timestamp    = {Tue, 07 May 2024 20:04:34 +0200},
  biburl       = {https://dblp.org/rec/conf/nips/ScheinLZBW19.bib},
  bibsource    = {dblp computer science bibliography, https://dblp.org}
}

@article{Schaum:2018,
  title={Single-cell transcriptomics of 20 mouse organs creates a Tabula Muris: The Tabula Muris Consortium},
  author={Schaum, Nicholas and Karkanias, Jim and Neff, Norma F and May, Andrew P and Quake, Stephen R and Wyss-Coray, Tony and Darmanis, Spyros and Batson, Joshua and Botvinnik, Olga and Chen, Michelle B and others},
  journal={Nature},
  volume={562},
  number={7727},
  pages={367},
  year={2018},
  publisher={NIH Public Access}
}

@article{Schiebinger:2019,
  title={Optimal-transport analysis of single-cell gene expression identifies developmental trajectories in reprogramming},
  author={Schiebinger, Geoffrey and Shu, Jian and Tabaka, Marcin and Cleary, Brian and Subramanian, Vidya and Solomon, Aryeh and Gould, Joshua and Liu, Siyan and Lin, Stacie and Berube, Peter and others},
  journal={Cell},
  volume={176},
  number={4},
  pages={928--943},
  year={2019},
  publisher={Elsevier}
}

@article{Abien:2018,
  author       = {Abien Fred Agarap},
  title        = {Deep Learning using Rectified Linear Units (ReLU)},
  journal      = {CoRR},
  volume       = {abs/1803.08375},
  year         = {2018},
  url          = {http://arxiv.org/abs/1803.08375},
  eprinttype    = {arXiv},
  eprint       = {1803.08375},
  timestamp    = {Mon, 13 Aug 2018 16:47:13 +0200},
  biburl       = {https://dblp.org/rec/journals/corr/abs-1803-08375.bib},
  bibsource    = {dblp computer science bibliography, https://dblp.org}
}

@article{Paganini:2018,
  title={{CaloGAN}: Simulating 3D high energy particle showers in multilayer electromagnetic calorimeters with generative adversarial networks},
  author={Paganini, Michela and de Oliveira, Luke and Nachman, Benjamin},
  journal={Physical Review D},
  volume={97},
  number={1},
  pages={014021},
  year={2018},
  publisher={APS}
}

@inproceedings{Deng:2009,
  title={Imagenet: A large-scale hierarchical image database},
  author={Deng, Jia and Dong, Wei and Socher, Richard and Li, Li-Jia and Li, Kai and Fei-Fei, Li},
  booktitle={2009 IEEE conference on computer vision and pattern recognition},
  pages={248--255},
  year={2009},
  organization={Ieee}
}

@article{Wright:2009,
  author={Wright, John and Yang, Allen Y. and Ganesh, Arvind and Sastry, S. Shankar and Ma, Yi},
  journal={IEEE Transactions on Pattern Analysis and Machine Intelligence}, 
  title={Robust face recognition via sparse representation}, 
  year={2009},
  volume={31},
  number={2},
  pages={210-227},
  keywords={Robustness;Face recognition;Feature extraction;Humans;Lighting;Linear regression;Signal representations;Classification algorithms;Object recognition;Image recognition;Face recognition;feature extraction;occlusion and corruption;sparse representation;compressed sensing;\ell^{1}--minimization;validation and outlier rejection.;Classifier design and evaluation;Face and gesture recognition;Feature evaluation and selection;Occlusion;Spare representation;Outlier rejection},
  doi={10.1109/TPAMI.2008.79}}

@article{Han:2015,
  title={Deep compression: Compressing deep neural network with pruning, trained quantization and {H}uffman coding},
  author={Song Han and Huizi Mao and William J. Dally},
  journal={arXiv: Computer Vision and Pattern Recognition},
  year={2015},
  url={https://api.semanticscholar.org/CorpusID:2134321}
}

@inproceedings{Ullrich:2017,
  author       = {Karen Ullrich and
                  Edward Meeds and
                  Max Welling},
  title        = {Soft weight-sharing for neural network compression},
  booktitle    = {5th International Conference on Learning Representations, {ICLR} 2017,
                  Toulon, France, April 24-26, 2017, Conference Track Proceedings},
  publisher    = {OpenReview.net},
  year         = {2017},
  url          = {https://openreview.net/forum?id=HJGwcKclx},
  timestamp    = {Thu, 25 Jul 2019 14:25:57 +0200},
  biburl       = {https://dblp.org/rec/conf/iclr/UllrichMW17.bib},
  bibsource    = {dblp computer science bibliography, https://dblp.org}
}

@inproceedings{
Louizos:2018,
title={Learning sparse neural networks through L\_0 regularization},
author={Christos Louizos and Max Welling and Diederik P. Kingma},
booktitle={International Conference on Learning Representations},
year={2018},
url={https://openreview.net/forum?id=H1Y8hhg0b},
}


@InProceedings{Molchanov:2017,
  title = 	 {Variational dropout sparsifies deep neural networks},
  author =       {Dmitry Molchanov and Arsenii Ashukha and Dmitry Vetrov},
  booktitle = 	 {Proceedings of the 34th International Conference on Machine Learning},
  pages = 	 {2498--2507},
  year = 	 {2017},
  editor = 	 {Precup, Doina and Teh, Yee Whye},
  volume = 	 {70},
  series = 	 {Proceedings of Machine Learning Research},
  month = 	 {06--11 Aug},
  publisher =    {PMLR},
  pdf = 	 {http://proceedings.mlr.press/v70/molchanov17a/molchanov17a.pdf},
  url = 	 {https://proceedings.mlr.press/v70/molchanov17a.html},
}

@inproceedings{
Hu:2022,
title={Lo{RA}: low-rank adaptation of large language models},
author={Edward J Hu and yelong shen and Phillip Wallis and Zeyuan Allen-Zhu and Yuanzhi Li and Shean Wang and Lu Wang and Weizhu Chen},
booktitle={International Conference on Learning Representations},
year={2022},
url={https://openreview.net/forum?id=nZeVKeeFYf9}
}

@article{Pandey:2024,
  title={Heavy-tailed diffusion models},
  author={Pandey, Kushagra and Pathak, Jaideep and Xu, Yilun and Mandt, Stephan and Pritchard, Michael and Vahdat, Arash and Mardani, Morteza},
  journal={arXiv preprint arXiv:2410.14171},
  year={2024}
}

@inproceedings{Sun:2024,
  author       = {Mingjie Sun and
                  Zhuang Liu and
                  Anna Bair and
                  J. Zico Kolter},
  title        = {A simple and effective pruning approach for large language models},
  booktitle    = {The Twelfth International Conference on Learning Representations,
                  {ICLR} 2024, Vienna, Austria, May 7-11, 2024},
  publisher    = {OpenReview.net},
  year         = {2024},
  url          = {https://openreview.net/forum?id=PxoFut3dWW},
  timestamp    = {Wed, 07 Aug 2024 17:11:53 +0200},
  biburl       = {https://dblp.org/rec/conf/iclr/Sun0BK24.bib},
  bibsource    = {dblp computer science bibliography, https://dblp.org}
}

@article{Lee:2018,
  title={{SNIP}: Single-shot Network Pruning based on connection sensitivity},
  author={Namhoon Lee and Thalaiyasingam Ajanthan and Philip H. S. Torr},
  journal={ArXiv},
  year={2018},
  volume={abs/1810.02340},
  url={https://api.semanticscholar.org/CorpusID:52920837}
}

@article{Schein:2016,
  title={Poisson-gamma dynamical systems},
  author={Schein, Aaron and Wallach, Hanna and Zhou, Mingyuan},
  journal={Advances in Neural Information Processing Systems},
  volume={29},
  year={2016}
}

@article{Gong:2017,
  title={Deep dynamic {P}oisson factorization model},
  author={Gong, Chengyue and others},
  journal={Advances in Neural Information Processing Systems},
  volume={30},
  year={2017}
}

@article{Guo:2018,
  title={Deep Poisson gamma dynamical systems},
  author={Guo, Dandan and Chen, Bo and Zhang, Hao and Zhou, Mingyuan},
  journal={Advances in Neural Information Processing Systems},
  volume={31},
  year={2018}
}

@inproceedings{Rezende:2015,
  author       = {Danilo Jimenez Rezende and
                  Shakir Mohamed},
  editor       = {Francis R. Bach and
                  David M. Blei},
  title        = {Variational inference with normalizing flows},
  booktitle    = {Proceedings of the 32nd International Conference on Machine Learning,
                  {ICML} 2015, Lille, France, 6-11 July 2015},
  series       = {{JMLR} Workshop and Conference Proceedings},
  volume       = {37},
  pages        = {1530--1538},
  publisher    = {JMLR.org},
  year         = {2015},
  url          = {http://proceedings.mlr.press/v37/rezende15.html},
  timestamp    = {Wed, 29 May 2019 08:41:45 +0200},
  biburl       = {https://dblp.org/rec/conf/icml/RezendeM15.bib},
  bibsource    = {dblp computer science bibliography, https://dblp.org}
}

@article{Dubey:2022,
  title={Activation functions in deep learning: A comprehensive survey and benchmark},
  author={Dubey, Shiv Ram and Singh, Satish Kumar and Chaudhuri, Bidyut Baran},
  journal={Neurocomputing},
  volume={503},
  pages={92--108},
  year={2022},
  publisher={Elsevier}
}

@inproceedings{Clevert:2016,
  author       = {Djork{-}Arn{\'{e}} Clevert and
                  Thomas Unterthiner and
                  Sepp Hochreiter},
  editor       = {Yoshua Bengio and
                  Yann LeCun},
  title        = {Fast and Accurate Deep Network Learning by Exponential Linear Units
                  (ELUs)},
  booktitle    = {4th International Conference on Learning Representations, {ICLR} 2016,
                  San Juan, Puerto Rico, May 2-4, 2016, Conference Track Proceedings},
  year         = {2016},
  url          = {http://arxiv.org/abs/1511.07289},
  timestamp    = {Sat, 23 Jan 2021 01:12:05 +0100},
  biburl       = {https://dblp.org/rec/journals/corr/ClevertUH15.bib},
  bibsource    = {dblp computer science bibliography, https://dblp.org}
}

@article{Hendrycks:2016,
  author       = {Dan Hendrycks and
                  Kevin Gimpel},
  title        = {Bridging Nonlinearities and Stochastic Regularizers with Gaussian
                  Error Linear Units},
  journal      = {CoRR},
  volume       = {abs/1606.08415},
  year         = {2016},
  url          = {http://arxiv.org/abs/1606.08415},
  eprinttype    = {arXiv},
  eprint       = {1606.08415},
  timestamp    = {Mon, 13 Aug 2018 16:46:20 +0200},
  biburl       = {https://dblp.org/rec/journals/corr/HendrycksG16.bib},
  bibsource    = {dblp computer science bibliography, https://dblp.org}
}

download as .bib file

@inproceedings{Gu:2022,
  author       = {Shuyang Gu and
                  Dong Chen and
                  Jianmin Bao and
                  Fang Wen and
                  Bo Zhang and
                  Dongdong Chen and
                  Lu Yuan and
                  Baining Guo},
  title        = {Vector Quantized Diffusion Model for Text-to-Image Synthesis},
  booktitle    = {{IEEE/CVF} Conference on Computer Vision and Pattern Recognition,
                  {CVPR} 2022, New Orleans, LA, USA, June 18-24, 2022},
  pages        = {10686--10696},
  publisher    = {{IEEE}},
  year         = {2022},
  url          = {https://doi.org/10.1109/CVPR52688.2022.01043},
  doi          = {10.1109/CVPR52688.2022.01043},
  timestamp    = {Sun, 19 Jan 2025 13:39:04 +0100},
  biburl       = {https://dblp.org/rec/conf/cvpr/GuCBWZCYG22.bib},
  bibsource    = {dblp computer science bibliography, https://dblp.org}
}