@InProceedings{GameSec17-haifeng,
author="Xu, Haifeng
and Ford, Benjamin
and Fang, Fei
and Dilkina, Bistra
and Plumptre, Andrew
and Tambe, Milind
and Driciru, Margaret
and Wanyama, Fred
and Rwetsiba, Aggrey
and Nsubaga, Mustapha
and Mabonga, Joshua",
title="Optimal Patrol Planning for Green Security Games with Black-Box Attackers",
booktitle="Decision and Game Theory for Security",
year="2017",
publisher="Springer International Publishing",
address="Cham",
pages="458--477",
isbn="978-3-319-68711-7"
}

@InProceedings{IJCAI15-fei,
  title={When Security Games Go Green: Designing Defender Strategies to Prevent Poaching and Illegal Fishing},
  author={Fei Fang and Peter Stone and Milind Tambe},
  booktitle={Proceedings of the International Joint Conference on Artificial Intelligence (IJCAI)},
  year={2015},
  month={July},
}

@inproceedings{Xu2020DualMandatePM,
  title={Dual-Mandate Patrols: Multi-Armed Bandits for Green Security},
  author={Lily Xu and Elizabeth Bondi-Kelly and Fei Fang and A. Perrault and Kai Wang and Milind Tambe},
  booktitle={AAAI Conference on Artificial Intelligence},
  year={2020},
  url={https://api.semanticscholar.org/CorpusID:221655680}
}

@inproceedings{adam2021double,
  title={Double oracle algorithm for computing equilibria in continuous games},
  author={Adam, Luk{\'a}{\v{s}} and Hor{\v{c}}{\'\i}k, Rostislav and Kasl, Tom{\'a}{\v{s}} and Kroupa, Tom{\'a}{\v{s}}},
  booktitle={Proceedings of the AAAI Conference on Artificial Intelligence},
  volume={35},
  number={6},
  pages={5070--5077},
  year={2021}
}

@article{ash2022distributionally,
  title={Distributionally robust optimization of a Canadian healthcare supply chain to enhance resilience during the COVID-19 pandemic},
  author={Ash, Cecil and Diallo, Claver and Venkatadri, Uday and VanBerkel, Peter},
  journal={Computers \& Industrial Engineering},
  volume={168},
  pages={108051},
  year={2022},
  publisher={Elsevier}
}

@article{ding2024diffusion,
  title={Diffusion world model},
  author={Ding, Zihan and Zhang, Amy and Tian, Yuandong and Zheng, Qinqing},
  journal={arXiv preprint arXiv:2402.03570},
  year={2024}
}

@inproceedings{gholami2018adversary,
  title={Adversary models account for imperfect crime data: Forecasting and planning against real-world poachers},
  author={Gholami, Shahrzad and Mc Carthy, Sara and Dilkina, Bistra and Plumptre, Andrew and Tambe, Milind and Driciru, Margaret and Wanyama, Fred and Rwetsiba, Aggrey and Nsubaga, Mustapha and Mabonga, Joshua and others},
  year={2018},
  organization={International Conference on Autonomous Agents and Multiagent Systems}
}

@article{gilbert2017double,
  title={A double oracle approach to minmax regret optimization problems with interval data},
  author={Gilbert, Hugo and Spanjaard, Olivier},
  journal={European Journal of Operational Research},
  volume={262},
  number={3},
  pages={929--943},
  year={2017},
  publisher={Elsevier}
}

@article{gruver2024protein,
  title={Protein design with guided discrete diffusion},
  author={Gruver, Nate and Stanton, Samuel and Frey, Nathan and Rudner, Tim GJ and Hotzel, Isidro and Lafrance-Vanasse, Julien and Rajpal, Arvind and Cho, Kyunghyun and Wilson, Andrew G},
  journal={Advances in neural information processing systems},
  volume={36},
  year={2024}
}

@inproceedings{gurumurthy2018exploiting,
  title={Exploiting data and human knowledge for predicting wildlife poaching},
  author={Gurumurthy, Swaminathan and Yu, Lantao and Zhang, Chenyan and Jin, Yongchao and Li, Weiping and Zhang, Xiaodong and Fang, Fei},
  booktitle={Proceedings of the 1st ACM SIGCAS Conference on Computing and Sustainable Societies},
  pages={1--8},
  year={2018}
}

@article{hasan2022evaluation,
  title={On evaluation of patrolling and signalling schemes to prevent poaching in green security games},
  author={Hasan, Dewan Tariq and Khan, Md Mosaddek and Ibrahim, Muhammad and Almansour, Ibrahem},
  journal={Intelligent Systems with Applications},
  volume={14},
  pages={200083},
  year={2022},
  publisher={Elsevier}
}

@article{ho2020denoising,
  title={Denoising diffusion probabilistic models},
  author={Ho, Jonathan and Jain, Ajay and Abbeel, Pieter},
  journal={Advances in neural information processing systems},
  volume={33},
  pages={6840--6851},
  year={2020}
}

@article{jackson2024policy,
  title={Policy-guided diffusion},
  author={Jackson, Matthew Thomas and Matthews, Michael Tryfan and Lu, Cong and Ellis, Benjamin and Whiteson, Shimon and Foerster, Jakob},
  journal={arXiv preprint arXiv:2404.06356},
  year={2024}
}

@inproceedings{killian2022restless,
  title={Restless and uncertain: Robust policies for restless bandits via deep multi-agent reinforcement learning},
  author={Killian, Jackson A and Xu, Lily and Biswas, Arpita and Tambe, Milind},
  booktitle={Uncertainty in Artificial Intelligence},
  pages={990--1000},
  year={2022},
  organization={PMLR}
}

@article{kobayashi2023cardinality,
  title={Cardinality-constrained distributionally robust portfolio optimization},
  author={Kobayashi, Ken and Takano, Yuichi and Nakata, Kazuhide},
  journal={European Journal of Operational Research},
  volume={309},
  number={3},
  pages={1173--1182},
  year={2023},
  publisher={Elsevier}
}

@inproceedings{kong2023autoregressive,
  title={Autoregressive diffusion model for graph generation},
  author={Kong, Lingkai and Cui, Jiaming and Sun, Haotian and Zhuang, Yuchen and Prakash, B Aditya and Zhang, Chao},
  booktitle={International conference on machine learning},
  pages={17391--17408},
  year={2023},
  organization={PMLR}
}

@article{kong2024diffusion,
  title={Diffusion models as constrained samplers for optimization with unknown constraints},
  author={Kong, Lingkai and Du, Yuanqi and Mu, Wenhao and Neklyudov, Kirill and De Bortoli, Valentin and Wu, Dongxia and Wang, Haorui and Ferber, Aaron and Ma, Yi-An and Gomes, Carla P and others},
  journal={arXiv preprint arXiv:2402.18012},
  year={2024}
}

@inproceedings{mastin2015randomized,
  title={Randomized minmax regret for combinatorial optimization under uncertainty},
  author={Mastin, Andrew and Jaillet, Patrick and Chin, Sang},
  booktitle={International symposium on algorithms and computation},
  pages={491--501},
  year={2015},
  organization={Springer}
}

@inproceedings{mcmahan2003planning,
  title={Planning in the presence of cost functions controlled by an adversary},
  author={McMahan, H Brendan and Gordon, Geoffrey J and Blum, Avrim},
  booktitle={Proceedings of the 20th International Conference on Machine Learning (ICML-03)},
  pages={536--543},
  year={2003}
}

@article{moore2018ranger,
  title={Are ranger patrols effective in reducing poaching-related threats within protected areas?},
  author={Moore, Jennifer F and Mulindahabi, Felix and Masozera, Michel K and Nichols, James D and Hines, James E and Turikunkiko, Ezechiel and Oli, Madan K},
  journal={Journal of Applied Ecology},
  volume={55},
  number={1},
  pages={99--107},
  year={2018},
  publisher={Wiley Online Library}
}

@article{nguyen2016capture,
  title={Capture: A new predictive anti-poaching tool for wildlife protection},
  author={Nguyen, Thanh H and Sinha, Arunesh and Gholami, Shahrzad and Plumptre, Andrew and Joppa, Lucas and Tambe, Milind and Driciru, Margaret and Wanyama, Fred and Rwetsiba, Aggrey and Critchlow, Rob},
  year={2016}
}

@inproceedings{pmlr-v161-xu21a,
  title = 	 {Robust reinforcement learning under minimax regret for green security},
  author =       {Xu, Lily and Perrault, Andrew and Fang, Fei and Chen, Haipeng and Tambe, Milind},
  booktitle = 	 {Proceedings of the Thirty-Seventh Conference on Uncertainty in Artificial Intelligence},
  pages = 	 {257--267},
  year = 	 {2021},
  editor = 	 {de Campos, Cassio and Maathuis, Marloes H.},
  volume = 	 {161},
  series = 	 {Proceedings of Machine Learning Research},
  month = 	 {27--30 Jul},
  publisher =    {PMLR},
  pdf = 	 {https://proceedings.mlr.press/v161/xu21a/xu21a.pdf},
}

@article{rahimian2019distributionally,
  title={Distributionally robust optimization: A review},
  author={Rahimian, Hamed and Mehrotra, Sanjay},
  journal={arXiv preprint arXiv:1908.05659},
  year={2019}
}

@article{saharia2021palette,
  title={Palette: Image-to-Image Diffusion Models. 10.48550},
  author={Saharia, Chitwan and Chan, William and Chang, Huiwen and Lee, Chris A and Ho, Jonathan and Salimans, Tim and Fleet, David J and Norouzi, Mohammad},
  journal={arXiv preprint arXiv.2111.05826},
  year={2021}
}

@article{saharia2022photorealistic,
  title={Photorealistic text-to-image diffusion models with deep language understanding},
  author={Saharia, Chitwan and Chan, William and Saxena, Saurabh and Li, Lala and Whang, Jay and Denton, Emily L and Ghasemipour, Kamyar and Gontijo Lopes, Raphael and Karagol Ayan, Burcu and Salimans, Tim and others},
  journal={Advances in neural information processing systems},
  volume={35},
  pages={36479--36494},
  year={2022}
}

@inproceedings{shen2023non,
  title={Non-autoregressive conditional diffusion models for time series prediction},
  author={Shen, Lifeng and Kwok, James},
  booktitle={International Conference on Machine Learning},
  pages={31016--31029},
  year={2023},
  organization={PMLR}
}

@article{watson2023novo,
  title={De novo design of protein structure and function with RFdiffusion},
  author={Watson, Joseph L and Juergens, David and Bennett, Nathaniel R and Trippe, Brian L and Yim, Jason and Eisenach, Helen E and Ahern, Woody and Borst, Andrew J and Ragotte, Robert J and Milles, Lukas F and others},
  journal={Nature},
  volume={620},
  number={7976},
  pages={1089--1100},
  year={2023},
  publisher={Nature Publishing Group UK London}
}

@inproceedings{wilder2017uncharted,
  title={Uncharted but not Uninfluenced: Influence Maximization with an uncertain network},
  author={Wilder, Bryan and Yadav, Amulya and Immorlica, Nicole and Rice, Eric and Tambe, Milind},
  booktitle={Proceedings of the 16th conference on autonomous agents and multiagent systems},
  pages={1305--1313},
  year={2017}
}

@inproceedings{wilder2018equilibrium,
  title={Equilibrium computation and robust optimization in zero sum games with submodular structure},
  author={Wilder, Bryan},
  booktitle={Proceedings of the AAAI Conference on Artificial Intelligence},
  volume={32},
  number={1},
  year={2018}
}

@inproceedings{xu2020stay,
  title={Stay ahead of poachers: Illegal wildlife poaching prediction and patrol planning under uncertainty with field test evaluations (short version)},
  author={Xu, Lily and Gholami, Shahrzad and McCarthy, Sara and Dilkina, Bistra and Plumptre, Andrew and Tambe, Milind and Singh, Rohit and Nsubuga, Mustapha and Mabonga, Joshua and Driciru, Margaret and others},
  booktitle={2020 IEEE 36th International Conference on Data Engineering (ICDE)},
  pages={1898--1901},
  year={2020},
  organization={IEEE}
}

