@misc{robbins1956empirical,
  title={An empirical Bayes approach to statistics{\textperiodcentered} Proc. Third Berkeley Symp. Math. Statist. Probab. 1157-163},
  author={Robbins, Herbert},
  year={1956},
  publisher={University of California Press}
}

@inproceedings{adam2021double,
  title={Double oracle algorithm for computing equilibria in continuous games},
  author={Adam, Luk{\'a}{\v{s}} and Hor{\v{c}}{\'\i}k, Rostislav and Kasl, Tom{\'a}{\v{s}} and Kroupa, Tom{\'a}{\v{s}}},
  booktitle={Proceedings of the AAAI Conference on Artificial Intelligence},
  volume={35},
  number={6},
  pages={5070--5077},
  year={2021}
}

@inproceedings{
wu2023practical,
title={Practical and Asymptotically Exact Conditional Sampling in Diffusion Models},
author={Luhuan Wu and Brian L. Trippe and Christian A Naesseth and John Patrick Cunningham and David Blei},
booktitle={Thirty-seventh Conference on Neural Information Processing Systems},
year={2023},
url={https://openreview.net/forum?id=eWKqr1zcRv}
}

@book{chopin2020introduction,
  title={An introduction to sequential Monte Carlo},
  author={Chopin, Nicolas and Papaspiliopoulos, Omiros and others},
  volume={4},
  year={2020},
  publisher={Springer}
}


@inproceedings{pmlr-v161-xu21a,
  title = 	 {Robust reinforcement learning under minimax regret for green security},
  author =       {Xu, Lily and Perrault, Andrew and Fang, Fei and Chen, Haipeng and Tambe, Milind},
  booktitle = 	 {Proceedings of the Thirty-Seventh Conference on Uncertainty in Artificial Intelligence},
  pages = 	 {257--267},
  year = 	 {2021},
  editor = 	 {de Campos, Cassio and Maathuis, Marloes H.},
  volume = 	 {161},
  series = 	 {Proceedings of Machine Learning Research},
  month = 	 {27--30 Jul},
  publisher =    {PMLR},
  pdf = 	 {https://proceedings.mlr.press/v161/xu21a/xu21a.pdf},
}

@InProceedings{IJCAI15-fei,
  title={When Security Games Go Green: Designing Defender Strategies to Prevent Poaching and Illegal Fishing},
  author={Fei Fang and Peter Stone and Milind Tambe},
  booktitle={Proceedings of the International Joint Conference on Artificial Intelligence (IJCAI)},
  year={2015},
  month={July},
}

@InProceedings{GameSec17-haifeng,
author="Xu, Haifeng
and Ford, Benjamin
and Fang, Fei
and Dilkina, Bistra
and Plumptre, Andrew
and Tambe, Milind
and Driciru, Margaret
and Wanyama, Fred
and Rwetsiba, Aggrey
and Nsubaga, Mustapha
and Mabonga, Joshua",
title="Optimal Patrol Planning for Green Security Games with Black-Box Attackers",
booktitle="Decision and Game Theory for Security",
year="2017",
publisher="Springer International Publishing",
address="Cham",
pages="458--477",
isbn="978-3-319-68711-7"
}

@inproceedings{Xu2020DualMandatePM,
  title={Dual-Mandate Patrols: Multi-Armed Bandits for Green Security},
  author={Lily Xu and Elizabeth Bondi-Kelly and Fei Fang and A. Perrault and Kai Wang and Milind Tambe},
  booktitle={AAAI Conference on Artificial Intelligence},
  year={2020},
  url={https://api.semanticscholar.org/CorpusID:221655680}
}

@article{nguyen2016capture,
  title={Capture: A new predictive anti-poaching tool for wildlife protection},
  author={Nguyen, Thanh H and Sinha, Arunesh and Gholami, Shahrzad and Plumptre, Andrew and Joppa, Lucas and Tambe, Milind and Driciru, Margaret and Wanyama, Fred and Rwetsiba, Aggrey and Critchlow, Rob},
  year={2016}
}

@inproceedings{gholami2018adversary,
  title={Adversary models account for imperfect crime data: Forecasting and planning against real-world poachers},
  author={Gholami, Shahrzad and Mc Carthy, Sara and Dilkina, Bistra and Plumptre, Andrew and Tambe, Milind and Driciru, Margaret and Wanyama, Fred and Rwetsiba, Aggrey and Nsubaga, Mustapha and Mabonga, Joshua and others},
  year={2018},
  organization={International Conference on Autonomous Agents and Multiagent Systems}
}

@inproceedings{
song2021scorebased,
title={Score-Based Generative Modeling through Stochastic Differential Equations},
author={Yang Song and Jascha Sohl-Dickstein and Diederik P Kingma and Abhishek Kumar and Stefano Ermon and Ben Poole},
booktitle={International Conference on Learning Representations},
year={2021},
url={https://openreview.net/forum?id=PxTIG12RRHS}
}

@article{ho2020denoising,
  title={Denoising diffusion probabilistic models},
  author={Ho, Jonathan and Jain, Ajay and Abbeel, Pieter},
  journal={Advances in neural information processing systems},
  volume={33},
  pages={6840--6851},
  year={2020}
}

@article{ho2022imagen,
  title={Imagen video: High definition video generation with diffusion models},
  author={Ho, Jonathan and Chan, William and Saharia, Chitwan and Whang, Jay and Gao, Ruiqi and Gritsenko, Alexey and Kingma, Diederik P and Poole, Ben and Norouzi, Mohammad and Fleet, David J and others},
  journal={arXiv preprint arXiv:2210.02303},
  year={2022}
}

@article{gruver2024protein,
  title={Protein design with guided discrete diffusion},
  author={Gruver, Nate and Stanton, Samuel and Frey, Nathan and Rudner, Tim GJ and Hotzel, Isidro and Lafrance-Vanasse, Julien and Rajpal, Arvind and Cho, Kyunghyun and Wilson, Andrew G},
  journal={Advances in neural information processing systems},
  volume={36},
  year={2024}
}

@article{watson2023novo,
  title={De novo design of protein structure and function with RFdiffusion},
  author={Watson, Joseph L and Juergens, David and Bennett, Nathaniel R and Trippe, Brian L and Yim, Jason and Eisenach, Helen E and Ahern, Woody and Borst, Andrew J and Ragotte, Robert J and Milles, Lukas F and others},
  journal={Nature},
  volume={620},
  number={7976},
  pages={1089--1100},
  year={2023},
  publisher={Nature Publishing Group UK London}
}

@article{ding2024diffusion,
  title={Diffusion world model},
  author={Ding, Zihan and Zhang, Amy and Tian, Yuandong and Zheng, Qinqing},
  journal={arXiv preprint arXiv:2402.03570},
  year={2024}
}

@article{rahimian2019distributionally,
  title={Distributionally robust optimization: A review},
  author={Rahimian, Hamed and Mehrotra, Sanjay},
  journal={arXiv preprint arXiv:1908.05659},
  year={2019}
}

@inproceedings{
madry2018towards,
title={Towards Deep Learning Models Resistant to Adversarial Attacks},
author={Aleksander Madry and Aleksandar Makelov and Ludwig Schmidt and Dimitris Tsipras and Adrian Vladu},
booktitle={International Conference on Learning Representations},
year={2018},
url={https://openreview.net/forum?id=rJzIBfZAb},
}


@article{dhariwal2021diffusion,
  title={Diffusion models beat gans on image synthesis},
  author={Dhariwal, Prafulla and Nichol, Alexander},
  journal={Advances in neural information processing systems},
  volume={34},
  pages={8780--8794},
  year={2021}
}

@inproceedings{rombach2022high,
  title={High-resolution image synthesis with latent diffusion models},
  author={Rombach, Robin and Blattmann, Andreas and Lorenz, Dominik and Esser, Patrick and Ommer, Bj{\"o}rn},
  booktitle={Proceedings of the IEEE/CVF conference on computer vision and pattern recognition},
  pages={10684--10695},
  year={2022}
}

@inproceedings{
Sagawa*2020Distributionally,
title={Distributionally Robust Neural Networks},
author={Shiori Sagawa* and Pang Wei Koh* and Tatsunori B. Hashimoto and Percy Liang},
booktitle={International Conference on Learning Representations},
year={2020},
url={https://openreview.net/forum?id=ryxGuJrFvS}
}

@inproceedings{xu2020stay,
  title={Stay ahead of poachers: Illegal wildlife poaching prediction and patrol planning under uncertainty with field test evaluations (short version)},
  author={Xu, Lily and Gholami, Shahrzad and McCarthy, Sara and Dilkina, Bistra and Plumptre, Andrew and Tambe, Milind and Singh, Rohit and Nsubuga, Mustapha and Mabonga, Joshua and Driciru, Margaret and others},
  booktitle={2020 IEEE 36th International Conference on Data Engineering (ICDE)},
  pages={1898--1901},
  year={2020},
  organization={IEEE}
}

@inproceedings{
chung2023diffusion,
title={Diffusion Posterior Sampling for General Noisy Inverse Problems},
author={Hyungjin Chung and Jeongsol Kim and Michael Thompson Mccann and Marc Louis Klasky and Jong Chul Ye},
booktitle={The Eleventh International Conference on Learning Representations },
year={2023},
url={https://openreview.net/forum?id=OnD9zGAGT0k}
}


@inproceedings{lu2023contrastive,
  title={Contrastive energy prediction for exact energy-guided diffusion sampling in offline reinforcement learning},
  author={Lu, Cheng and Chen, Huayu and Chen, Jianfei and Su, Hang and Li, Chongxuan and Zhu, Jun},
  booktitle={International Conference on Machine Learning},
  pages={22825--22855},
  year={2023},
  organization={PMLR}
}

@article{gilbert2017double,
  title={A double oracle approach to minmax regret optimization problems with interval data},
  author={Gilbert, Hugo and Spanjaard, Olivier},
  journal={European Journal of Operational Research},
  volume={262},
  number={3},
  pages={929--943},
  year={2017},
  publisher={Elsevier}
}

@inproceedings{wilder2018equilibrium,
  title={Equilibrium computation and robust optimization in zero sum games with submodular structure},
  author={Wilder, Bryan},
  booktitle={Proceedings of the AAAI Conference on Artificial Intelligence},
  volume={32},
  number={1},
  year={2018}
}

@inproceedings{killian2022restless,
  title={Restless and uncertain: Robust policies for restless bandits via deep multi-agent reinforcement learning},
  author={Killian, Jackson A and Xu, Lily and Biswas, Arpita and Tambe, Milind},
  booktitle={Uncertainty in Artificial Intelligence},
  pages={990--1000},
  year={2022},
  organization={PMLR}
}

@inproceedings{kipf2022semi,
  title={Semi-Supervised Classification with Graph Convolutional Networks},
  author={Kipf, Thomas N and Welling, Max},
  booktitle={International Conference on Learning Representations},
  year={2022}
}

@article{kingma2014adam,
  title={Adam: A method for stochastic optimization},
  author={Kingma, Diederik P},
  journal={arXiv preprint arXiv:1412.6980},
  year={2014}
}

@inproceedings{mastin2015randomized,
  title={Randomized minmax regret for combinatorial optimization under uncertainty},
  author={Mastin, Andrew and Jaillet, Patrick and Chin, Sang},
  booktitle={International symposium on algorithms and computation},
  pages={491--501},
  year={2015},
  organization={Springer}
}

@article{jackson2024policy,
  title={Policy-guided diffusion},
  author={Jackson, Matthew Thomas and Matthews, Michael Tryfan and Lu, Cong and Ellis, Benjamin and Whiteson, Shimon and Foerster, Jakob},
  journal={arXiv preprint arXiv:2404.06356},
  year={2024}
}

@article{
rigter2024world,
title={World Models via Policy-Guided Trajectory Diffusion},
author={Marc Rigter and Jun Yamada and Ingmar Posner},
journal={Transactions on Machine Learning Research},
issn={2835-8856},
year={2024},
url={https://openreview.net/forum?id=9CcgO0LhKG},
note={}
}

@article{ash2022distributionally,
  title={Distributionally robust optimization of a Canadian healthcare supply chain to enhance resilience during the COVID-19 pandemic},
  author={Ash, Cecil and Diallo, Claver and Venkatadri, Uday and VanBerkel, Peter},
  journal={Computers \& Industrial Engineering},
  volume={168},
  pages={108051},
  year={2022},
  publisher={Elsevier}
}

@article{kobayashi2023cardinality,
  title={Cardinality-constrained distributionally robust portfolio optimization},
  author={Kobayashi, Ken and Takano, Yuichi and Nakata, Kazuhide},
  journal={European Journal of Operational Research},
  volume={309},
  number={3},
  pages={1173--1182},
  year={2023},
  publisher={Elsevier}
}

@article{vincent2011connection,
  title={A connection between score matching and denoising autoencoders},
  author={Vincent, Pascal},
  journal={Neural computation},
  volume={23},
  number={7},
  pages={1661--1674},
  year={2011},
  publisher={MIT Press}
}

@inproceedings{kar2017cloudy,
  title={Cloudy with a chance of poaching: Adversary behavior modeling and forecasting with real-world poaching data},
  author={Kar, Debarun and Ford, Benjamin and Gholami, Shahrzad and Fang, Fei and Plumptre, Andrew and Tambe, Milind and Driciru, Margaret and Wanyama, Fred and Rwetsiba, Aggrey and Nsubaga, Mustapha and others},
  year={2017},
  organization={International Conference on Autonomous Agents and Multiagent Systems}
}

@inproceedings{gurumurthy2018exploiting,
  title={Exploiting data and human knowledge for predicting wildlife poaching},
  author={Gurumurthy, Swaminathan and Yu, Lantao and Zhang, Chenyan and Jin, Yongchao and Li, Weiping and Zhang, Xiaodong and Fang, Fei},
  booktitle={Proceedings of the 1st ACM SIGCAS Conference on Computing and Sustainable Societies},
  pages={1--8},
  year={2018}
}

@inproceedings{jain2011double,
  title={A double oracle algorithm for zero-sum security games on graphs},
  author={Jain, Manish and Korzhyk, Dmytro and Van{\v{e}}k, Ond{\v{r}}ej and Conitzer, Vincent and P{\v{e}}chou{\v{c}}ek, Michal and Tambe, Milind},
  booktitle={The 10th International Conference on Autonomous Agents and Multiagent Systems-Volume 1},
  pages={327--334},
  year={2011},
  organization={Citeseer}
}

@inproceedings{wilder2017uncharted,
  title={Uncharted but not Uninfluenced: Influence Maximization with an uncertain network},
  author={Wilder, Bryan and Yadav, Amulya and Immorlica, Nicole and Rice, Eric and Tambe, Milind},
  booktitle={Proceedings of the 16th conference on autonomous agents and multiagent systems},
  pages={1305--1313},
  year={2017}
}

@inproceedings{nemirovski2012tutorial,
  title={Tutorial: Mirror descent algorithms for large-scale deterministic and stochastic convex optimization},
  author={Nemirovski, Arkadi},
  booktitle={Conf. Learn. Theory},
  year={2012}
}

@misc{pulp,
  author       = "{COIN-OR PuLP}",
  title        = "{PuLP: A Linear Programming Toolkit for Python}",
  year         = "2024",
  url          = "https://coin-or.github.io/pulp/main/index.html",
  note         = "Accessed: 2024-02-05"
}

@article{lanctot2017unified,
  title={A unified game-theoretic approach to multiagent reinforcement learning},
  author={Lanctot, Marc and Zambaldi, Vinicius and Gruslys, Audrunas and Lazaridou, Angeliki and Tuyls, Karl and P{\'e}rolat, Julien and Silver, David and Graepel, Thore},
  journal={Advances in neural information processing systems},
  volume={30},
  year={2017}
}

@incollection{robbins1992empirical,
  title={An empirical Bayes approach to statistics},
  author={Robbins, Herbert E},
  booktitle={Breakthroughs in Statistics: Foundations and basic theory},
  pages={388--394},
  year={1992},
  publisher={Springer}
}

@article{efron2011tweedie,
  title={Tweedie’s formula and selection bias},
  author={Efron, Bradley},
  journal={Journal of the American Statistical Association},
  volume={106},
  number={496},
  pages={1602--1614},
  year={2011},
  publisher={Taylor \& Francis}
}

@inproceedings{douc2005comparison,
  title={Comparison of resampling schemes for particle filtering},
  author={Douc, Randal and Capp{\'e}, Olivier},
  booktitle={ISPA 2005. Proceedings of the 4th International Symposium on Image and Signal Processing and Analysis, 2005.},
  pages={64--69},
  year={2005},
  organization={Ieee}
}

@book{nisan2007algorithmic,
  title = {Algorithmic Game Theory},
  editor = {Noam Nisan and Tim Roughgarden and Éva Tardos and Vijay V. Vazirani},
  year = {2007},
  publisher = {Cambridge University Press},
  isbn = {978-0-521-87282-9},
  url = {https://doi.org/10.1017/CBO9780511800481}
}




@inproceedings{sohl2015deep,
  title={Deep unsupervised learning using nonequilibrium thermodynamics},
  author={Sohl-Dickstein, Jascha and Weiss, Eric and Maheswaranathan, Niru and Ganguli, Surya},
  booktitle={International conference on machine learning},
  pages={2256--2265},
  year={2015},
  organization={PMLR}
}

@book{billingsley2013convergence,
  title={Convergence of probability measures},
  author={Billingsley, Patrick},
  year={2013},
  publisher={John Wiley \& Sons}
}

@inproceedings{rombach2021high,
  title={High-resolution image synthesis with latent diffusion models. 2022 IEEE},
  author={Rombach, Robin and Blattmann, Andreas and Lorenz, Dominik and Esser, Patrick and Ommer, Bj{\"o}rn},
  booktitle={CVF Conference on Computer Vision and Pattern Recognition (CVPR)},
  volume={1},
  year={2021}
}

@article{ho2022video,
  title={Video diffusion models},
  author={Ho, Jonathan and Salimans, Tim and Gritsenko, Alexey and Chan, William and Norouzi, Mohammad and Fleet, David J},
  journal={Advances in Neural Information Processing Systems},
  volume={35},
  pages={8633--8646},
  year={2022}
}

@article{yang2024survey,
  title={A survey on diffusion models for time series and spatio-temporal data},
  author={Yang, Yiyuan and Jin, Ming and Wen, Haomin and Zhang, Chaoli and Liang, Yuxuan and Ma, Lintao and Wang, Yi and Liu, Chenghao and Yang, Bin and Xu, Zenglin and others},
  journal={arXiv preprint arXiv:2404.18886},
  year={2024}
}


@article{moore2018ranger,
  title={Are ranger patrols effective in reducing poaching-related threats within protected areas?},
  author={Moore, Jennifer F and Mulindahabi, Felix and Masozera, Michel K and Nichols, James D and Hines, James E and Turikunkiko, Ezechiel and Oli, Madan K},
  journal={Journal of Applied Ecology},
  volume={55},
  number={1},
  pages={99--107},
  year={2018},
  publisher={Wiley Online Library}
}

@article{hasan2022evaluation,
  title={On evaluation of patrolling and signalling schemes to prevent poaching in green security games},
  author={Hasan, Dewan Tariq and Khan, Md Mosaddek and Ibrahim, Muhammad and Almansour, Ibrahem},
  journal={Intelligent Systems with Applications},
  volume={14},
  pages={200083},
  year={2022},
  publisher={Elsevier}
}

@inproceedings{basak2016abstraction,
  title={Abstraction methods for solving graph-based security games},
  author={Basak, Anjon and Fang, Fei and Nguyen, Thanh Hong and Kiekintveld, Christopher},
  booktitle={Autonomous Agents and Multiagent Systems: AAMAS 2016 Workshops, Visionary Papers, Singapore, Singapore, May 9-10, 2016, Revised Selected Papers},
  pages={13--33},
  year={2016},
  organization={Springer}
}

@article{diamond2016cvxpy,
  author  = {Steven Diamond and Stephen Boyd},
  title   = {{CVXPY}: {A} {P}ython-embedded modeling language for convex optimization},
  journal = {Journal of Machine Learning Research},
  year    = {2016},
  volume  = {17},
  number  = {83},
  pages   = {1--5},
}

@book{mankiw1998principles,
  title={Principles of microeconomics},
  author={Mankiw, N Gregory},
  volume={1},
  year={1998},
  publisher={Elsevier}
}

@article{saharia2022photorealistic,
  title={Photorealistic text-to-image diffusion models with deep language understanding},
  author={Saharia, Chitwan and Chan, William and Saxena, Saurabh and Li, Lala and Whang, Jay and Denton, Emily L and Ghasemipour, Kamyar and Gontijo Lopes, Raphael and Karagol Ayan, Burcu and Salimans, Tim and others},
  journal={Advances in neural information processing systems},
  volume={35},
  pages={36479--36494},
  year={2022}
}
@article{tashiro2021csdi,
  title={Csdi: Conditional score-based diffusion models for probabilistic time series imputation},
  author={Tashiro, Yusuke and Song, Jiaming and Song, Yang and Ermon, Stefano},
  journal={Advances in Neural Information Processing Systems},
  volume={34},
  pages={24804--24816},
  year={2021}
}

@article{saharia2021palette,
  title={Palette: Image-to-Image Diffusion Models. 10.48550},
  author={Saharia, Chitwan and Chan, William and Chang, Huiwen and Lee, Chris A and Ho, Jonathan and Salimans, Tim and Fleet, David J and Norouzi, Mohammad},
  journal={arXiv preprint arXiv.2111.05826},
  year={2021}
}

@inproceedings{shen2023non,
  title={Non-autoregressive conditional diffusion models for time series prediction},
  author={Shen, Lifeng and Kwok, James},
  booktitle={International Conference on Machine Learning},
  pages={31016--31029},
  year={2023},
  organization={PMLR}
}

@inproceedings{mcmahan2003planning,
  title={Planning in the presence of cost functions controlled by an adversary},
  author={McMahan, H Brendan and Gordon, Geoffrey J and Blum, Avrim},
  booktitle={Proceedings of the 20th International Conference on Machine Learning (ICML-03)},
  pages={536--543},
  year={2003}
}

@inproceedings{kong2023autoregressive,
  title={Autoregressive diffusion model for graph generation},
  author={Kong, Lingkai and Cui, Jiaming and Sun, Haotian and Zhuang, Yuchen and Prakash, B Aditya and Zhang, Chao},
  booktitle={International conference on machine learning},
  pages={17391--17408},
  year={2023},
  organization={PMLR}
}

@article{kong2024diffusion,
  title={Diffusion models as constrained samplers for optimization with unknown constraints},
  author={Kong, Lingkai and Du, Yuanqi and Mu, Wenhao and Neklyudov, Kirill and De Bortoli, Valentin and Wu, Dongxia and Wang, Haorui and Ferber, Aaron and Ma, Yi-An and Gomes, Carla P and others},
  journal={arXiv preprint arXiv:2402.18012},
  year={2024}
}