@article{bao2023tallrec,
  title={Tallrec: An effective and efficient tuning framework to align large language model with recommendation},
  author={Bao, Keqin and Zhang, Jizhi and Zhang, Yang and Wang, Wenjie and Feng, Fuli and He, Xiangnan},
  journal={arXiv preprint arXiv:2305.00447},
  year={2023}
}

@article{chatrec,
  title={Chat-REC: Towards Interactive and Explainable LLMs-Augmented Recommender System},
  author={Gao, Yunfan and Sheng, Tao and Xiang, Youlin and Xiong, Yun and Wang, Haofen and Zhang, Jiawei},
  journal={arXiv preprint arXiv:2303.14524},
  year={2023}
}

@article{chen2023large,
  title={When large language models meet personalization: Perspectives of challenges and opportunities},
  author={Chen, Jin and Liu, Zheng and Huang, Xu and Wu, Chenwang and Liu, Qi and Jiang, Gangwei and Pu, Yuanhao and Lei, Yuxuan and Chen, Xiaolong and Wang, Xingmei and others},
  journal={arXiv preprint arXiv:2307.16376},
  year={2023}
}

@inproceedings{cheng2017learning,
  title={Learning to recommend accurate and diverse items},
  author={Cheng, Peizhe and Wang, Shuaiqiang and Ma, Jun and Sun, Jiankai and Xiong, Hui},
  booktitle={Proceedings of the 26th international conference on World Wide Web},
  pages={183--192},
  year={2017}
}

@inproceedings{dong2024unsupervised,
  title={Unsupervised large language model alignment for information retrieval via contrastive feedback},
  author={Dong, Qian and Liu, Yiding and Ai, Qingyao and Wu, Zhijing and Li, Haitao and Liu, Yiqun and Wang, Shuaiqiang and Yin, Dawei and Ma, Shaoping},
  booktitle={Proceedings of the 47th International ACM SIGIR Conference on Research and Development in Information Retrieval},
  pages={48--58},
  year={2024}
}

@inproceedings{du2024disco,
  title={DisCo: Towards Harmonious Disentanglement and Collaboration between Tabular and Semantic Space for Recommendation},
  author={Du, Kounianhua and Chen, Jizheng and Lin, Jianghao and Xi, Yunjia and Wang, Hangyu and Dai, Xinyi and Chen, Bo and Tang, Ruiming and Zhang, Weinan},
  booktitle={Proceedings of the 30th ACM SIGKDD Conference on Knowledge Discovery and Data Mining},
  pages={666--676},
  year={2024}
}

@article{fan2023recommender,
  title={Recommender systems in the era of large language models (llms)},
  author={Fan, Wenqi and Zhao, Zihuai and Li, Jiatong and Liu, Yunqing and Mei, Xiaowei and Wang, Yiqi and Tang, Jiliang and Li, Qing},
  journal={arXiv preprint arXiv:2307.02046},
  year={2023}
}

@article{fu2023deep,
  title={Deep learning models for serendipity recommendations: a survey and new perspectives},
  author={Fu, Zhe and Niu, Xi and Maher, Mary Lou},
  journal={ACM Computing Surveys},
  volume={56},
  number={1},
  pages={1--26},
  year={2023},
  publisher={ACM New York, NY}
}

@inproceedings{fu2023wisdom,
  title={Wisdom of crowds and fine-grained learning for serendipity recommendations},
  author={Fu, Zhe and Niu, Xi and Yu, Li},
  booktitle={Proceedings of the 46th International ACM SIGIR Conference on Research and Development in Information Retrieval},
  pages={739--748},
  year={2023}
}

@inproceedings{fu2024art,
  title={The Art of Asking: Prompting Large Language Models for Serendipity Recommendations},
  author={Fu, Zhe and Niu, Xi},
  booktitle={Proceedings of the 2024 ACM SIGIR International Conference on Theory of Information Retrieval},
  pages={157--166},
  year={2024}
}

@inproceedings{gong2023unified,
author = {Gong, Yuqi and Ding, Xichen and Su, Yehui and Shen, Kaiming and Liu, Zhongyi and Zhang, Guannan},
title = {An Unified Search and Recommendation Foundation Model for Cold-Start Scenario},
year = {2023},
booktitle = {Proceedings of the 32nd ACM International Conference on Information and Knowledge Management},
pages = {4595â€“4601},
numpages = {7},
series = {CIKM '23}
}

@article{kaminskas2016diversity,
  title={Diversity, serendipity, novelty, and coverage: a survey and empirical analysis of beyond-accuracy objectives in recommender systems},
  author={Kaminskas, Marius and Bridge, Derek},
  journal={ACM Transactions on Interactive Intelligent Systems (TiiS)},
  volume={7},
  number={1},
  pages={1--42},
  year={2016},
  publisher={ACM New York, NY, USA}
}

@inproceedings{kim2019sequential,
  title={Sequential and Diverse Recommendation with Long Tail.},
  author={Kim, Yejin and Kim, Kwangseob and Park, Chanyoung and Yu, Hwanjo},
  booktitle={IJCAI},
  volume={19},
  pages={2740--2746},
  year={2019}
}

@inproceedings{kim2024large,
  title={Large language models meet collaborative filtering: An efficient all-round llm-based recommender system},
  author={Kim, Sein and Kang, Hongseok and Choi, Seungyoon and Kim, Donghyun and Yang, Minchul and Park, Chanyoung},
  booktitle={Proceedings of the 30th ACM SIGKDD Conference on Knowledge Discovery and Data Mining},
  pages={1395--1406},
  year={2024}
}

@article{kotkov2016survey,
  title={A survey of serendipity in recommender systems},
  author={Kotkov, Denis and Wang, Shuaiqiang and Veijalainen, Jari},
  journal={Knowledge-Based Systems},
  volume={111},
  pages={180--192},
  year={2016},
  publisher={Elsevier}
}

@inproceedings{li2019haes,
  title={Haes: A new hybrid approach for movie recommendation with elastic serendipity},
  author={Li, Xueqi and Jiang, Wenjun and Chen, Weiguang and Wu, Jie and Wang, Guojun}, 
  booktitle={Proceedings of the 28th ACM International Conference on Information and Knowledge Management},
  pages={1503--1512},
  year={2019}
}

@inproceedings{li2020directional,
  title={Directional and explainable serendipity recommendation},
  author={Li, Xueqi and Jiang, Wenjun and Chen, Weiguang and Wu, Jie and Wang, Guojun and Li, Kenli},
  booktitle={Proceedings of The Web Conference 2020},
  pages={122--132},
  year={2020}
}

@inproceedings{li2020purs,
  title={PURS: Personalized unexpected recommender system for improving user satisfaction},
  author={Li, Pan and Que, Maofei and Jiang, Zhichao and Hu, Yao and Tuzhilin, Alexander},
  booktitle={Proceedings of the 14th ACM Conference on Recommender Systems},
  pages={279--288},
  year={2020}
}

@article{li2023large,
  title={Large Language Models for Generative Recommendation: A Survey and Visionary Discussions},
  author={Li, Lei and Zhang, Yongfeng and Liu, Dugang and Chen, Li},
  journal={arXiv preprint arXiv:2309.01157},
  year={2023}
}

@article{lin2023can,
  title={How Can Recommender Systems Benefit from Large Language Models: A Survey},
  author={Lin, Jianghao and Dai, Xinyi and Xi, Yunjia and Liu, Weiwen and Chen, Bo and Li, Xiangyang and Zhu, Chenxu and Guo, Huifeng and Yu, Yong and Tang, Ruiming and others},
  journal={arXiv preprint arXiv:2306.05817},
  year={2023}
}

@inproceedings{lin2024bridging,
  title={Bridging items and language: A transition paradigm for large language model-based recommendation},
  author={Lin, Xinyu and Wang, Wenjie and Li, Yongqi and Feng, Fuli and Ng, See-Kiong and Chua, Tat-Seng},
  booktitle={Proceedings of the 30th ACM SIGKDD Conference on Knowledge Discovery and Data Mining},
  pages={1816--1826},
  year={2024}
}

@inproceedings{lin2024rella,
  title={Rella: Retrieval-enhanced large language models for lifelong sequential behavior comprehension in recommendation},
  author={Lin, Jianghao and Shan, Rong and Zhu, Chenxu and Du, Kounianhua and Chen, Bo and Quan, Shigang and Tang, Ruiming and Yu, Yong and Zhang, Weinan},
  booktitle={Proceedings of the ACM on Web Conference 2024},
  pages={3497--3508},
  year={2024}
}

@inproceedings{liu2023personalized,
  title={Personalized Diversification for Neural Re-ranking in Recommendation},
  author={Liu, Weiwen and Xi, Yunjia and Qin, Jiarui and Dai, Xinyi and Tang, Ruiming and Li, Shuai and Zhang, Weinan and Zhang, Rui},
  booktitle={2023 IEEE 39th International Conference on Data Engineering (ICDE)},
  pages={802--815},
  year={2023},
  organization={IEEE}
}

@article{liu2023pre,
  title={Pre-train, prompt and recommendation: A comprehensive survey of language modelling paradigm adaptations in recommender systems},
  author={Liu, Peng and Zhang, Lemei and Gulla, Jon Atle},
  journal={arXiv preprint arXiv:2302.03735},
  year={2023}
}

@inproceedings{liu2024once,
  title={Once: Boosting content-based recommendation with both open-and closed-source large language models},
  author={Liu, Qijiong and Chen, Nuo and Sakai, Tetsuya and Wu, Xiao-Ming},
  booktitle={Proceedings of the 17th ACM International Conference on Web Search and Data Mining},
  pages={452--461},
  year={2024}
}

@article{llama,
  title={Llama: Open and efficient foundation language models},
  author={Touvron, Hugo and Lavril, Thibaut and Izacard, Gautier and Martinet, Xavier and Lachaux, Marie-Anne and Lacroix, Timoth{\'e}e and Rozi{\`e}re, Baptiste and Goyal, Naman and Hambro, Eric and Azhar, Faisal and others},
  journal={arXiv preprint arXiv:2302.13971},
  year={2023}
}

@article{luo2024kellmrec,
  title={KELLMRec: Knowledge-Enhanced Large Language Models for Recommendation},
  author={Luo, Weiqing and Song, Chonggang and Yi, Lingling and Cheng, Gong},
  journal={arXiv preprint arXiv:2403.06642},
  year={2024}
}

@article{lyu2023llm,
  title={Llm-rec: Personalized recommendation via prompting large language models},
  author={Lyu, Hanjia and Jiang, Song and Zeng, Hanqing and Xia, Yinglong and Wang, Qifan and Zhang, Si and Chen, Ren and Leung, Christopher and Tang, Jiajie and Luo, Jiebo},
  journal={arXiv preprint arXiv:2307.15780},
  year={2023}
}

@inproceedings{ren2024enhancing,
  title={Enhancing sequential recommenders with augmented knowledge from aligned large language models},
  author={Ren, Yankun and Chen, Zhongde and Yang, Xinxing and Li, Longfei and Jiang, Cong and Cheng, Lei and Zhang, Bo and Mo, Linjian and Zhou, Jun},
  booktitle={Proceedings of the 47th International ACM SIGIR Conference on Research and Development in Information Retrieval},
  pages={345--354},
  year={2024}
}

@inproceedings{ren2024representation,
  title={Representation learning with large language models for recommendation},
  author={Ren, Xubin and Wei, Wei and Xia, Lianghao and Su, Lixin and Cheng, Suqi and Wang, Junfeng and Yin, Dawei and Huang, Chao},
  booktitle={Proceedings of the ACM on Web Conference 2024},
  pages={3464--3475},
  year={2024}
}

@inproceedings{tan2024idgenrec,
  title={Idgenrec: Llm-recsys alignment with textual id learning},
  author={Tan, Juntao and Xu, Shuyuan and Hua, Wenyue and Ge, Yingqiang and Li, Zelong and Zhang, Yongfeng},
  booktitle={Proceedings of the 47th International ACM SIGIR Conference on Research and Development in Information Retrieval},
  pages={355--364},
  year={2024}
}

@inproceedings{tian2024reland,
  title={ReLand: Integrating Large Language Models' Insights into Industrial Recommenders via a Controllable Reasoning Pool},
  author={Tian, Changxin and Hu, Binbin and Gan, Chunjing and Chen, Haoyu and Zhang, Zhuo and Yu, Li and Liu, Ziqi and Zhang, Zhiqiang and Zhou, Jun and Chen, Jiawei},
  booktitle={Proceedings of the 18th ACM Conference on Recommender Systems},
  pages={63--73},
  year={2024}
}

@article{tokutake2024can,
  title={Can Large Language Models Assess Serendipity in Recommender Systems?},
  author={Tokutake, Yu and Okamoto, Kazushi},
  journal={arXiv preprint arXiv:2404.07499},
  year={2024}
}

@inproceedings{wang2023industrial,
  title={An Industrial Framework for Personalized Serendipitous Recommendation in E-commerce},
  author={Wang, Zongyi and Zou, Yanyan and Dai, Anyu and Hou, Linfang and Qiao, Nan and Zou, Luobao and Ma, Mian and Ding, Zhuoye and Xu, Sulong},
  booktitle={Proceedings of the 17th ACM Conference on Recommender Systems},
  pages={1015--1018},
  year={2023}
}

@inproceedings{wang2024can,
  title={Can Small Language Models be Good Reasoners for Sequential Recommendation?},
  author={Wang, Yuling and Tian, Changxin and Hu, Binbin and Yu, Yanhua and Liu, Ziqi and Zhang, Zhiqiang and Zhou, Jun and Pang, Liang and Wang, Xiao},
  booktitle={Proceedings of the ACM on Web Conference 2024},
  pages={3876--3887},
  year={2024}
}

@inproceedings{wang2024eager,
  title={EAGER: Two-Stream Generative Recommender with Behavior-Semantic Collaboration},
  author={Wang, Ye and Xun, Jiahao and Hong, Minjie and Zhu, Jieming and Jin, Tao and Lin, Wang and Li, Haoyuan and Li, Linjun and Xia, Yan and Zhao, Zhou and others},
  booktitle={Proceedings of the 30th ACM SIGKDD Conference on Knowledge Discovery and Data Mining},
  pages={3245--3254},
  year={2024}
}

@article{wu2023survey,
  title={A Survey on Large Language Models for Recommendation},
  author={Wu, Likang and Zheng, Zhi and Qiu, Zhaopeng and Wang, Hao and Gu, Hongchao and Shen, Tingjia and Qin, Chuan and Zhu, Chen and Zhu, Hengshu and Liu, Qi and others},
  journal={arXiv preprint arXiv:2305.19860},
  year={2023}
}

@inproceedings{wu2024coral,
  title={Coral: collaborative retrieval-augmented large language models improve long-tail recommendation},
  author={Wu, Junda and Chang, Cheng-Chun and Yu, Tong and He, Zhankui and Wang, Jianing and Hou, Yupeng and McAuley, Julian},
  booktitle={Proceedings of the 30th ACM SIGKDD Conference on Knowledge Discovery and Data Mining},
  pages={3391--3401},
  year={2024}
}

@article{xi2023towards,
  title={Towards open-world recommendation with knowledge augmentation from large language models},
  author={Xi, Yunjia and Liu, Weiwen and Lin, Jianghao and Cai, Xiaoling and Zhu, Hong and Zhu, Jieming and Chen, Bo and Tang, Ruiming and Zhang, Weinan and Zhang, Rui and others},
  journal={arXiv preprint arXiv:2306.10933},
  year={2023}
}

@article{xi2024decoding,
  title={A Decoding Acceleration Framework for Industrial Deployable LLM-based Recommender Systems},
  author={Xi, Yunjia and Wang, Hangyu and Chen, Bo and Lin, Jianghao and Zhu, Menghui and Liu, Weiwen and Tang, Ruiming and Zhang, Weinan and Yu, Yong},
  journal={arXiv preprint arXiv:2408.05676},
  year={2024}
}

@article{xi2024efficient,
  title={Efficient and Deployable Knowledge Infusion for Open-World Recommendations via Large Language Models},
  author={Xi, Yunjia and Liu, Weiwen and Lin, Jianghao and Weng, Muyan and Cai, Xiaoling and Zhu, Hong and Zhu, Jieming and Chen, Bo and Tang, Ruiming and Yu, Yong and others},
  journal={arXiv preprint arXiv:2408.10520},
  year={2024}
}

@article{xi2024memocrs,
  title={MemoCRS: Memory-enhanced Sequential Conversational Recommender Systems with Large Language Models},
  author={Xi, Yunjia and Liu, Weiwen and Lin, Jianghao and Chen, Bo and Tang, Ruiming and Zhang, Weinan and Yu, Yong},
  journal={arXiv preprint arXiv:2407.04960},
  year={2024}
}

@article{xi2024play,
  title={Play to Your Strengths: Collaborative Intelligence of Conventional Recommender Models and Large Language Models},
  author={Xi, Yunjia and Liu, Weiwen and Lin, Jianghao and Wu, Chuhan and Chen, Bo and Tang, Ruiming and Zhang, Weinan and Yu, Yong},
  journal={arXiv preprint arXiv:2403.16378},
  year={2024}
}

@article{yu2023self,
  title={Self-supervised learning for recommender systems: A survey},
  author={Yu, Junliang and Yin, Hongzhi and Xia, Xin and Chen, Tong and Li, Jundong and Huang, Zi},
  journal={IEEE Transactions on Knowledge and Data Engineering},
  year={2023},
  publisher={IEEE}
}

@inproceedings{zhang2021snpr,
  title={SNPR: A serendipity-oriented next POI recommendation model},
  author={Zhang, Mingwei and Yang, Yang and Abbas, Rizwan and Deng, Ke and Li, Jianxin and Zhang, Bin},
  booktitle={Proceedings of the 30th ACM International Conference on Information \& Knowledge Management},
  pages={2568--2577},
  year={2021}
}

@inproceedings{zhang2024notellm,
  title={NoteLLM: A Retrievable Large Language Model for Note Recommendation},
  author={Zhang, Chao and Wu, Shiwei and Zhang, Haoxin and Xu, Tong and Gao, Yan and Hu, Yao and Chen, Enhong},
  booktitle={Companion Proceedings of the ACM on Web Conference 2024},
  pages={170--179},
  year={2024}
}

@inproceedings{zheng2024adapting,
  title={Adapting large language models by integrating collaborative semantics for recommendation},
  author={Zheng, Bowen and Hou, Yupeng and Lu, Hongyu and Chen, Yu and Zhao, Wayne Xin and Chen, Ming and Wen, Ji-Rong},
  booktitle={2024 IEEE 40th International Conference on Data Engineering (ICDE)},
  pages={1435--1448},
  year={2024},
  organization={IEEE}
}

@inproceedings{zheng2024harnessing,
  title={Harnessing large language models for text-rich sequential recommendation},
  author={Zheng, Zhi and Chao, Wenshuo and Qiu, Zhaopeng and Zhu, Hengshu and Xiong, Hui},
  booktitle={Proceedings of the ACM on Web Conference 2024},
  pages={3207--3216},
  year={2024}
}

@article{zhu2023large,
  title={Large language models for information retrieval: A survey},
  author={Zhu, Yutao and Yuan, Huaying and Wang, Shuting and Liu, Jiongnan and Liu, Wenhan and Deng, Chenlong and Dou, Zhicheng and Wen, Ji-Rong},
  journal={arXiv preprint arXiv:2308.07107},
  year={2023}
}

@inproceedings{zhu2024collaborative,
  title={Collaborative large language model for recommender systems},
  author={Zhu, Yaochen and Wu, Liang and Guo, Qi and Hong, Liangjie and Li, Jundong},
  booktitle={Proceedings of the ACM on Web Conference 2024},
  pages={3162--3172},
  year={2024}
}

@article{ziarani2021serendipity,
  title={Serendipity in recommender systems: a systematic literature review},
  author={Ziarani, Reza Jafari and Ravanmehr, Reza},
  journal={Journal of Computer Science and Technology},
  volume={36},
  pages={375--396},
  year={2021},
  publisher={Springer}
}

