@article{Emilien-TMLR,
  author={Emilien Dupont and Hrushikesh Loya and Milad Alizadeh and Adam Golinski and Yee Whye Teh and Arnaud Doucet},
  title={{COIN++}: Neural Compression Across Modalities},
  journal={Transactions on Machine Learning Research},
  volume={2022},
  year={2022}
}

@inproceedings{Finn-ICML17,
  title={Model-agnostic meta-learning for fast adaptation of deep networks},
  author={Finn, Chelsea and Abbeel, Pieter and Levine, Sergey},
  booktitle={Proceedings of International Conference on Machine Learning},
  pages={1126-1135},
  year={2017},
  doi={10.5555/3305381.3305498}
}

@article{Gu-CG23,
 author = "P. Gu and D. Z. Chen and C. Wang",
 title = "{NeRVI}: Compressive Neural Representation of Visualization Images for Communicating Volume Visualization Results",
 journal = "Computers \& Graphics",
 volume = "116",
 pages = "216-227",
 year = "2023",
 doi = "10.1016/J.CAG.2023.08.024"
}

@article{Han-KD-INR,
  author={Han, Jun and Zheng, Hao and Bi, Chongke},
  journal={IEEE Transactions on Visualization and Computer Graphics}, 
  title={{KD-INR}: Time-Varying Volumetric Data Compression via Knowledge Distillation-based Implicit Neural Representation}, 
  year={2024},
  volume={30},
  number={10},
  pages={6826-6838},
  doi={10.1109/TVCG.2023.3345373}
}

@article{Han-TVCG23,
 author = "J. Han and C. Wang",
 title = "{CoordNet}: Data Generation and Visualization Generation for Time-Varying Volumes via a Coordinate-Based Neural Network",
 journal = "IEEE Transactions on Visualization and Computer Graphics",
 volume = "29",
 number = "12",
 pages = "4951-4963",
 year = "2023",
 doi = "10.1109/TVCG.2022.3197203"
}

@article{Li-TVCG24,
  author={Li, Haoyu and Shen, Han-Wei},
  journal={IEEE Transactions on Visualization and Computer Graphics}, 
  title={Improving Efficiency of Iso-Surface Extraction on Implicit Neural Representations Using Uncertainty Propagation}, 
  year={2024},
  volume={31},
  number={1},
  pages={1-13},
  doi={10.1109/TVCG.2024.3365089}
}

@article{Lu-neurcomp,
  title={Compressive neural representations of volumetric scalar fields},
  author={Lu, Yuzhe and Jiang, Kairong and Levine, Joshua A and Berger, Matthew},
  journal={Computer Graphics Forum},
  volume={40},
  number={3},
  pages={135-146},
  year={2021},
  doi={10.1111/cgf.14295}
}

@article{Nichol-arXiv18,
  title={On First-Order Meta-Learning Algorithms},
  author={Nichol, Alex and Joshua, Achiam and Schulman, John},
  journal={arXiv:1803.02999},
  year={2018},
  doi={10.48550/arXiv.1803.02999}
}

@inproceedings{Sitzmann-MetaSDF-NeurIPS20,
 title = {{MetaSDF}: Meta-Learning Signed Distance Functions},
 author = {Sitzmann, Vincent and Chan, Eric and Tucker, Richard and Snavely, Noah and Wetzstein, Gordon},
 booktitle = {Proceedings of Advances in Neural Information Processing Systems},
 pages = {10136-10147},
 year = {2020},
 doi  = {10.48550/arXiv.2006.09662}
}

@article{Song-ACM23,
  title={A comprehensive survey of few-shot learning: Evolution, applications, challenges, and opportunities},
  author={Song, Yisheng and Wang, Ting and Cai, Puyu and Mondal, Subrota K and Sahoo, Jyoti Prakash},
  journal={ACM Computing Surveys},
  volume={55},
  number={13s},
  pages={1-40},
  year={2023},
  doi={10.1145/3582688}
}

@inproceedings{Tancik-CVPR21,
  title={Learned initializations for optimizing coordinate-based neural representations},
  author={Tancik, Matthew and Mildenhall, Ben and Wang, Terrance and Schmidt, Divi and Srinivasan, Pratul P and Barron, Jonathan T and Ng, Ren},
  booktitle={Proceedings of IEEE Conference on Computer Vision and Pattern Recognition},
  pages={2846-2855},
  year={2021},
  doi={10.1109/CVPR46437.2021.00287}
}

@article{Tang-CG24,
 author = "K. Tang and C. Wang",
 title = "{STSR-INR}: Spatiotemporal Super-Resolution for Time-Varying Multivariate Volumetric Data via Implicit Neural Representation",
 journal = "Computers \& Graphics",
 volume = "119",
 pages = "103874",
 year = "2024",
 doi = "10.1016/j.cag.2024.01.001"
}

@inproceedings{Tang-PVIS24,
  title={{ECNR}: Efficient Compressive Neural Representation of Time-Varying Volumetric Datasets},
  author={Tang, Kaiyuan and Wang, Chaoli},
  booktitle={Proceedings of IEEE Pacific Visualization Conference},
  pages={72-81},
  year={2024},
  doi={10.1109/PacificVis60374.2024.00017}
}

@article{Tang-VIS24,
  author={Tang, Kaiyuan and Wang, Chaoli},
  journal={IEEE Transactions on Visualization and Computer Graphics}, 
  title={{StyleRF-VolVis}: Style Transfer of Neural Radiance Fields for Expressive Volume Visualization}, 
  year={2025},
  volume={31},
  number={1},
  pages={613-623},
  doi={10.1109/TVCG.2024.3456342}
}

@article{Wang-DL4SciVis,
  author={Wang, Chaoli and Han, Jun},
  journal={IEEE Transactions on Visualization and Computer Graphics}, 
  title={{DL4SciVis}: A State-of-the-Art Survey on Deep Learning for Scientific Visualization}, 
  year={2023},
  volume={29},
  number={8},
  pages={3714-3733},
  doi={10.1109/TVCG.2022.3167896}
}

@article{Weiss-CGF22,
  title={Fast neural representations for direct volume rendering},
  author={Weiss, Sebastian and Herm{\"u}ller, Philipp and Westermann, R{\"u}diger},
  journal={Computer Graphics Forum},
  volume={41},
  number={6},
  pages={196-211},
  year={2022},
  doi={10.1111/cgf.14578}
}

@article{Wurster-TVCG24,
  author={Wurster, Skylar W. and Xiong, Tianyu and Shen, Han-Wei and Guo, Hanqi and Peterka, Tom},
  journal={IEEE Transactions on Visualization and Computer Graphics}, 
  title={Adaptively Placed Multi-Grid Scene Representation Networks for Large-Scale Data Visualization}, 
  year={2024},
  volume={30},
  number={1},
  pages={965-974},
  doi={10.1109/TVCG.2023.3327194}
}

@article{Xiong-TVCG24,
  author={Xiong, Tianyu and Wurster, Skylar W. and Guo, Hanqi and Peterka, Tom and Shen, Han-Wei},
  journal={IEEE Transactions on Visualization and Computer Graphics}, 
  title={Regularized Multi-Decoder Ensemble for an Error-Aware Scene Representation Network}, 
  year={2025},
  volume={31},
  number={1},
  pages={645-655},
  doi={10.1109/TVCG.2024.3456357}
}

@inproceedings{YF-Lu-VISSP24,
 author = "Y. Lu and P. Gu and C. Wang",
 title = "{FCNR}: Fast Compressive Neural Representation of Visualization Images",
 booktitle = "Proceedings of IEEE VIS Conference (Short Papers)",
 year = "2024",
 pages = "31-35",
 doi = "10.1109/VIS55277.2024.00014"
}

@inproceedings{Yao-PVIS25,
 author = "S. Yao and Y. Lu and C. Wang",
 title = "{ViSNeRF}: Efficient Multidimensional Neural Radiance Field Representation for Visualization Synthesis of Dynamic Volumetric Scenes",
 booktitle = "Proceedings of IEEE Pacific Visualization Conference",
 year = "2025",
 note = "Accepted"
}

