%datasets
% vortex
@article{silver1997tracking,
 author = "D. Silver and X. Wang",
 title = "Tracking and Visualizing Turbulent {3D} Features",
 journal = "IEEE Transactions on Visualization and Computer Graphics",
 volume = "3",
 number = "2",
 pages="129-141",
 year = "1997",
 doi = "10.1109/2945.597796"
}

%ionization
@article{Whalen-TAJ08,
	author = {Daniel Whalen and Michael L. Norman},
	journal = {The Astrophysical Journal},
	pages = {664-675},
	title = {Ionization front instabilities in primordial {H II} regions},
	volume = {673},
	year = {2008},
	doi = {10.1086/524400}
}

%half-cylinder
@article{Rojo-TVCG19,
	author = {Rojo, Irene Baeza and G{\"u}nther, Tobias},
	journal = {IEEE Transactions on Visualization and Computer Graphics},
	number = {1},
	pages = {280-290},
	title = {Vector Field Topology of Time-Dependent Flows in a Steady Reference Frame},
	volume = {26},
	year = {2019},
	doi = {10.1109/TVCG.2019.2934375}
}

%Tangaroa VLM
@article{Popinet-JAOT04,
	author = {Popinet, St{\'e}phane and Smith, Murray and Stevens, Craig},
	journal = {Journal of Atmospheric and Oceanic Technology},
	number = {10},
	pages = {1575-1589},
	title = {Experimental and Numerical Study of the Turbulence Characteristics of Airflow around a Research Vessel},
	volume = {21},
	year = {2004},
	doi = "10.1175/1520-0426(2004)021<1575:EANSOT>2.0.CO;2"
}

%Nyx
@article{Almgren-AJ13,
  title={Nyx: A massively parallel {AMR} code for computational cosmology},
  author={Almgren, Ann S and Bell, John B and Lijewski, Mike J and Luki{\'c}, Zarija and Van Andel, Ethan},
  journal={The Astrophysical Journal},
  volume={765},
  number={1},
  pages={39},
  year={2013},
  doi={10.1088/0004-637X/765/1/39}
}

@article{Wang-VIS08,
 author = "C. Wang and H. Yu and K.-L. Ma",
 title = "Importance-Driven Time-Varying Data Visualization",
 journal = "IEEE Transactions on Visualization and Computer Graphics",
 volume = "14",
 number = "6",
 year = "2008",
 pages = "1547-1554",
 doi = "10.1109/TVCG.2008.140"
}



@article{Zhou-CGF18,
 author = "B. Zhou and Y.-J. Chiang",
 title = "Key time steps selection for large-scale time-varying volume datasets using an information-theoretic storyboard",
 journal = "Computer Graphics Forum",
 volume = "37",
 number = "3",
 year = "2018",
 pages = "37–49",
 doi = "10.1111/CGF.13399"
}

@inproceedings{Tong-LDAV12,
 author = "X. Tong and T. Lee and H. Shen",
 title = "Salient time steps selection from large scale time-varying data sets with dynamic time warping",
 booktitle = "Proceedings of IEEE Symposium on Large Data Analysis and Visualization",
 pages = "49–56",
 year = "2012",
 doi = "10.1109/LDAV.2012.6378975"
}

@inproceedings{Porter-VISSP19,
 author = "W. P. Porter and Y. Xing and B. R. von Ohlen and J. Han and C. Wang",
 title = "A Deep Learning Approach to Selecting Representative Time Steps for Time-Varying Multivariate Data",
 booktitle = "Proceedings of IEEE VIS Conference (Short Papers)",
 pages = "131-135",
 year = "2019",
 doi = "10.1109/VISUAL.2019.8933759"
}

@article{t-SNE,
  author={van der Maaten, L.J.P. and Hinton, G.E.},
  journal={Journal of Machine Learning Research}, 
  title={Visualizing Data Using {t-SNE}}, 
  year={2008},
  volume={9},
  number={86},
  pages={2579–2605}
}


%SIREN
@inproceedings{Sitzmann-SIREN-NeurIPS20,
  title={Implicit neural representations with periodic activation functions},
  author={Sitzmann, Vincent and Martel, Julien and Bergman, Alexander and Lindell, David and Wetzstein, Gordon},
  booktitle={Proceedings of Advances in Neural Information Processing Systems},
  pages={7462-7473},
  year={2020},
  doi={10.48550/arXiv.2006.09661}
}

@article{Hospedales-TPMAI22,
  author       = {Timothy M. Hospedales and
                  Antreas Antoniou and
                  Paul Micaelli and
                  Amos J. Storkey},
  title        = {Meta-Learning in Neural Networks: A Survey},
  journal      = {IEEE Transactions on Pattern Analysis and Machine Intelligence},
  volume       = {44},
  number       = {9},
  pages        = {5149-5169},
  year         = {2022},
  doi          = {10.1109/TPAMI.2021.3079209}
}


% DL4SciVis
@article{Wang-DL4SciVis,
  author={Wang, Chaoli and Han, Jun},
  journal={IEEE Transactions on Visualization and Computer Graphics}, 
  title={{DL4SciVis}: A State-of-the-Art Survey on Deep Learning for Scientific Visualization}, 
  year={2023},
  volume={29},
  number={8},
  pages={3714-3733},
  doi={10.1109/TVCG.2022.3167896}
}

%Few-shot survey
@article{Song-ACM23,
  title={A comprehensive survey of few-shot learning: Evolution, applications, challenges, and opportunities},
  author={Song, Yisheng and Wang, Ting and Cai, Puyu and Mondal, Subrota K and Sahoo, Jyoti Prakash},
  journal={ACM Computing Surveys},
  volume={55},
  number={13s},
  pages={1-40},
  year={2023},
  doi={10.1145/3582688}
}

%Meta-Learning applications
@inproceedings{Rajeswaran-NeurIPS19,
 title = {Meta-Learning with Implicit Gradients},
 author = {Rajeswaran, Aravind and Finn, Chelsea and Kakade, Sham M and Levine, Sergey},
 booktitle = {Proceedings of Advances in Neural Information Processing Systems},
 pages = {1-12},
 year = {2019},
 doi = {10.48550/arXiv.1909.04630}
}

%COIN++
@article{Emilien-TMLR,
  author={Emilien Dupont and Hrushikesh Loya and Milad Alizadeh and Adam Golinski and Yee Whye Teh and Arnaud Doucet},
  title={{COIN++}: Neural Compression Across Modalities},
  journal={Transactions on Machine Learning Research},
  volume={2022},
  year={2022}
}

@inproceedings{Sitzmann-MetaSDF-NeurIPS20,
 title = {{MetaSDF}: Meta-Learning Signed Distance Functions},
 author = {Sitzmann, Vincent and Chan, Eric and Tucker, Richard and Snavely, Noah and Wetzstein, Gordon},
 booktitle = {Proceedings of Advances in Neural Information Processing Systems},
 pages = {10136-10147},
 year = {2020},
 doi  = {10.48550/arXiv.2006.09662}
}

@inproceedings{Tancik-CVPR21,
  title={Learned initializations for optimizing coordinate-based neural representations},
  author={Tancik, Matthew and Mildenhall, Ben and Wang, Terrance and Schmidt, Divi and Srinivasan, Pratul P and Barron, Jonathan T and Ng, Ren},
  booktitle={Proceedings of IEEE Conference on Computer Vision and Pattern Recognition},
  pages={2846-2855},
  year={2021},
  doi={10.1109/CVPR46437.2021.00287}
}

%Meta-Learning
@inproceedings{Finn-ICML17,
  title={Model-agnostic meta-learning for fast adaptation of deep networks},
  author={Finn, Chelsea and Abbeel, Pieter and Levine, Sergey},
  booktitle={Proceedings of International Conference on Machine Learning},
  pages={1126-1135},
  year={2017},
  doi={10.5555/3305381.3305498}
}

@article{Nichol-arXiv18,
  title={On First-Order Meta-Learning Algorithms},
  author={Nichol, Alex and Joshua, Achiam and Schulman, John},
  journal={arXiv:1803.02999},
  year={2018},
  doi={10.48550/arXiv.1803.02999}
}

@article{Li-TVCG24,
  author={Li, Haoyu and Shen, Han-Wei},
  journal={IEEE Transactions on Visualization and Computer Graphics}, 
  title={Improving Efficiency of Iso-Surface Extraction on Implicit Neural Representations Using Uncertainty Propagation}, 
  year={2024},
  volume={31},
  number={1},
  pages={1-13},
  doi={10.1109/TVCG.2024.3365089}
}

@article{Xiong-TVCG24,
  author={Xiong, Tianyu and Wurster, Skylar W. and Guo, Hanqi and Peterka, Tom and Shen, Han-Wei},
  journal={IEEE Transactions on Visualization and Computer Graphics}, 
  title={Regularized Multi-Decoder Ensemble for an Error-Aware Scene Representation Network}, 
  year={2025},
  volume={31},
  number={1},
  pages={645-655},
  doi={10.1109/TVCG.2024.3456357}
}

% StyleRF-VolVis
@article{Tang-VIS24,
  author={Tang, Kaiyuan and Wang, Chaoli},
  journal={IEEE Transactions on Visualization and Computer Graphics}, 
  title={{StyleRF-VolVis}: Style Transfer of Neural Radiance Fields for Expressive Volume Visualization}, 
  year={2025},
  volume={31},
  number={1},
  pages={613-623},
  doi={10.1109/TVCG.2024.3456342}
}

@inproceedings{Yao-PVIS25,
 author = "S. Yao and Y. Lu and C. Wang",
 title = "{ViSNeRF}: Efficient Multidimensional Neural Radiance Field Representation for Visualization Synthesis of Dynamic Volumetric Scenes",
 booktitle = "Proceedings of IEEE Pacific Visualization Conference",
 year = "2025",
 note = "Accepted"
}

@inproceedings{YF-Lu-VISSP24,
 author = "Y. Lu and P. Gu and C. Wang",
 title = "{FCNR}: Fast Compressive Neural Representation of Visualization Images",
 booktitle = "Proceedings of IEEE VIS Conference (Short Papers)",
 year = "2024",
 pages = "31-35",
 doi = "10.1109/VIS55277.2024.00014"
}

@article{Gu-CG23,
 author = "P. Gu and D. Z. Chen and C. Wang",
 title = "{NeRVI}: Compressive Neural Representation of Visualization Images for Communicating Volume Visualization Results",
 journal = "Computers \& Graphics",
 volume = "116",
 pages = "216-227",
 year = "2023",
 doi = "10.1016/J.CAG.2023.08.024"
}

%INR
@article{Sahoo-CGF22,
  title={Neural flow map reconstruction},
  author={Sahoo, Saroj and Lu, Yuzhe and Berger, Matthew},
  journal={Computer Graphics Forum},
  volume={41},
  number={3},
  pages={391-402},
  year={2022},
  doi={10.1111/cgf.14549}
}

@inproceedings{Wurster-PVIS23,
  title={Neural Stream Functions},
  author={Skylar W. Wurster and Hanqi Guo and Tom Peterka and Han-Wei Shen},
  booktitle={Proceedings of IEEE Pacific Visualization Symposium},
  pages={132-141},
  year={2023},
  doi={10.1109/PACIFICVIS56936.2023.00022}
}

@article{Tang-CG24,
 author = "K. Tang and C. Wang",
 title = "{STSR-INR}: Spatiotemporal Super-Resolution for Time-Varying Multivariate Volumetric Data via Implicit Neural Representation",
 journal = "Computers \& Graphics",
 volume = "119",
 pages = "103874",
 year = "2024",
 doi = "10.1016/j.cag.2024.01.001"
}

@article{Han-TVCG23,
 author = "J. Han and C. Wang",
 title = "{CoordNet}: Data Generation and Visualization Generation for Time-Varying Volumes via a Coordinate-Based Neural Network",
 journal = "IEEE Transactions on Visualization and Computer Graphics",
 volume = "29",
 number = "12",
 pages = "4951-4963",
 year = "2023",
 doi = "10.1109/TVCG.2022.3197203"
}

@article{Weiss-CGF22,
  title={Fast neural representations for direct volume rendering},
  author={Weiss, Sebastian and Herm{\"u}ller, Philipp and Westermann, R{\"u}diger},
  journal={Computer Graphics Forum},
  volume={41},
  number={6},
  pages={196-211},
  year={2022},
  doi={10.1111/cgf.14578}
}

@article{Wurster-TVCG24,
  author={Wurster, Skylar W. and Xiong, Tianyu and Shen, Han-Wei and Guo, Hanqi and Peterka, Tom},
  journal={IEEE Transactions on Visualization and Computer Graphics}, 
  title={Adaptively Placed Multi-Grid Scene Representation Networks for Large-Scale Data Visualization}, 
  year={2024},
  volume={30},
  number={1},
  pages={965-974},
  doi={10.1109/TVCG.2023.3327194}
}

@article{Lu-neurcomp,
  title={Compressive neural representations of volumetric scalar fields},
  author={Lu, Yuzhe and Jiang, Kairong and Levine, Joshua A and Berger, Matthew},
  journal={Computer Graphics Forum},
  volume={40},
  number={3},
  pages={135-146},
  year={2021},
  doi={10.1111/cgf.14295}
}

@article{Wu-HyperINR,
  title={{HyperINR}: A fast and predictive hypernetwork for implicit neural representations via knowledge distillation},
  author={Wu, Qi and Bauer, David and Chen, Yuyang and Ma, Kwan-Liu},
  journal={arXiv:2304.04188},
  year={2023},
  doi={10.48550/arXiv.2304.04188}
}

@inproceedings{Tang-PVIS24,
  title={{ECNR}: Efficient Compressive Neural Representation of Time-Varying Volumetric Datasets},
  author={Tang, Kaiyuan and Wang, Chaoli},
  booktitle={Proceedings of IEEE Pacific Visualization Conference},
  pages={72-81},
  year={2024},
  doi={10.1109/PacificVis60374.2024.00017}
}

@article{Han-KD-INR,
  author={Han, Jun and Zheng, Hao and Bi, Chongke},
  journal={IEEE Transactions on Visualization and Computer Graphics}, 
  title={{KD-INR}: Time-Varying Volumetric Data Compression via Knowledge Distillation-based Implicit Neural Representation}, 
  year={2024},
  volume={30},
  number={10},
  pages={6826-6838},
  doi={10.1109/TVCG.2023.3345373}
}

%Remote and distributed visualization
@inproceedings{Luke-VIS02,
  author={Luke, E. J. and Hansen, C. D.},
  booktitle={Proceedings of IEEE Visualization Conference}, 
  title={{Semotus Visum}: A flexible remote visualization framework}, 
  year={2002},
  pages={61-68},
  doi={10.1109/VISUAL.2002.1183758}
}

@inproceedings{Prohaska-VIS04,
  author={Prohaska, S. and Hutanu, A. and Kahler, R. and Hege, H.-C.},
  booktitle={Proceedings of IEEE Visualization Conference}, 
  title={Interactive exploration of large remote micro-{CT} scans}, 
  year={2004},
  pages={345-352},
  doi={10.1109/VISUAL.2004.51}
}

@article{Chen-TVCG08,
  author={Chen, Jerry and Yoon, Ilmi and Bethel, Wes},
  journal={IEEE Transactions on Visualization and Computer Graphics}, 
  title={Interactive, Internet Delivery of Visualization via Structured Prerendered Multiresolution Imagery}, 
  year={2008},
  volume={14},
  number={2},
  pages={302-312},
  doi={10.1109/TVCG.2007.70428}
}


%TTHRESH
@article{Ballester-Ripoll-TVCG20,
  author={Ballester-Ripoll, Rafael and Lindstrom, Peter and Pajarola, Renato},
  journal={IEEE Transactions on Visualization and Computer Graphics}, 
  title={{TTHRESH}: Tensor Compression for Multidimensional Visual Data}, 
  year={2020},
  volume={26},
  number={9},
  pages={2891-2903},
  doi={10.1109/TVCG.2019.2904063}
}

%SZ3
@article{Liang-TBD23,
  author={Liang, Xin and Zhao, Kai and Di, Sheng and Li, Sihuan and Underwood, Robert and Gok, Ali M. and Tian, Jiannan and Deng, Junjing and Calhoun, Jon C. and Tao, Dingwen and Chen, Zizhong and Cappello, Franck},
  journal={IEEE Transactions on Big Data}, 
  title={{SZ3}: A Modular Framework for Composing Prediction-Based Error-Bounded Lossy Compressors}, 
  year={2023},
  volume={9},
  number={2},
  pages={485-498},
  doi={10.1109/TBDATA.2022.3201176}
}

