%Ref1
@article{Chen2020UnblindYA,
  title={Unblind Your Apps: Predicting Natural-Language Labels for Mobile GUI Components by Deep Learning},
  author={Jieshan Chen and Chunyang Chen and Zhenchang Xing and Xiwei Xu and Liming Zhu and Guoqiang Li and Jinshui Wang},
  journal={2020 IEEE/ACM 42nd International Conference on Software Engineering (ICSE)},
  year={2020},
  pages={322-334}
}

%Ref2
@inproceedings{Park2011EffectOT,
  title={Effect of Target Size and Duration of Visual Feedback on Touch Screen},
  author={Jeeyea Park and Kwang-hee Han},
  booktitle={HCI},
  year={2011}
}

%Ref3
@article{Rao2014MATLABBasedGD,
  title={MATLAB-Based GUI Development for Stochastic Noise Analysis of Tri-Axial Gyroscopes},
  author={A. D. Rao and Piyush Kumar and N. Nain and V. K. Agrawal},
  journal={2014 Fifth International Symposium on Electronic System Design},
  year={2014},
  pages={109-114}
}

%Ref4
@article{Sezgin2020ASR,
  title={A scoping review of patient-facing, behavioral health interventions with voice assistant technology targeting self-management and healthy lifestyle behaviors.},
  author={Emre Sezgin and L. Militello and Yungui Huang and Simon M. Lin},
  journal={Translational behavioral medicine},
  year={2020},
  volume={10 3},
  pages={606-628}
}

%Ref5
@article{Li2020AutoCO,
  title={Auto Completion of User Interface Layout Design Using Transformer-Based Tree Decoders},
  author={Yang Li and J. Amelot and X. Zhou and S. Bengio and Si Si},
  journal={ArXiv},
  year={2020},
  volume={abs/2001.05308}
}

%Ref6
@article{Vaswani2017AttentionIA,
  title={Attention is All you Need},
  author={Ashish Vaswani and Noam M. Shazeer and Niki Parmar and Jakob Uszkoreit and Llion Jones and Aidan N. Gomez and Lukasz Kaiser and Illia Polosukhin},
  journal={ArXiv},
  year={2017},
  volume={abs/1706.03762}
}

%Ref7
@article{MayordomoMartnez2019SustainableAA,
  title={Sustainable Accessibility: A Mobile App for Helping People with Disabilities to Search Accessible Shops},
  author={Diego Mayordomo-Mart{\'i}nez and J. M. Carrillo-de-Gea and G. Garc{\'i}a-Mateos and Jos{\'e} A. Garc{\'i}a-Bern{\'a} and J. Fern{\'a}ndez-Alem{\'a}n and Sa{\'u}l Rosero-L{\'o}pez and Salvador Parada-Sarabia and M. Garc{\'i}a-Hern{\'a}ndez},
  journal={International Journal of Environmental Research and Public Health},
  year={2019},
  volume={16}
}

%Ref8
@Misc{MobileAccessibilityChecker,
	howpublished = {[EB/OL]},
	note = {\url{https://www.ibm.com/blogs/age-and-ability/2016/10/12/ibm-strengthens-mobile-app-accessibility-and-usability/}},
	title = {IBM Strengthens Mobile App Accessibility and Usability},
	author = {Shunguo Yan},
	year = {2016}
}

%Ref9
@article{Hao2014PUMAPU,
  title={PUMA: programmable UI-automation for large-scale dynamic analysis of mobile apps},
  author={Shuai Hao and B. Liu and Suman Nath and William G. J. Halfond and R. Govindan},
  journal={Proceedings of the 12th annual international conference on Mobile systems, applications, and services},
  year={2014}
}

%Ref10
@article{Eler2018AutomatedAT,
  title={Automated Accessibility Testing of Mobile Apps},
  author={M. Eler and J. Rojas and Yan Ge and G. Fraser},
  journal={2018 IEEE 11th International Conference on Software Testing, Verification and Validation (ICST)},
  year={2018},
  pages={116-126}
}

%Ref11
@article{Long2020ADA,
  title={A data-driven approach for recommending UI element layout},
  author={Yonghao Long and Xiangping Chen and Yuting Xie},
  journal={Science China Information Sciences},
  year={2020},
  volume={63}
}

%Ref12
@article{Xiao2019IconIntentAI,
  title={IconIntent: Automatic Identification of Sensitive UI Widgets Based on Icon Classification for Android Apps},
  author={Xusheng Xiao and Xiaoyin Wang and Zhihao Cao and Hanlin Wang and Peng Gao},
  journal={2019 IEEE/ACM 41st International Conference on Software Engineering (ICSE)},
  year={2019},
  pages={257-268}
}

%Ref13
@article{Tomlinson2016TalkinAT,
  title={Talkin' about the weather: incorporating TalkBack functionality and sonifications for accessible app design},
  author={Brianna J. Tomlinson and Jonathan H. Schuett and Woodbury Shortridge and Jehoshaph Chandran and B. Walker},
  journal={Proceedings of the 18th International Conference on Human-Computer Interaction with Mobile Devices and Services},
  year={2016}
}

%Ref14
@Misc{GooglePlay,
	note = {\url{https://play.google.com}},
	title = {Google Play Store},
	year = {2020}
}

%Ref15
@Misc{AppleStore,
	note = {\url{https://www.apple.com/au/ios/app-store/}},
	title = {Apple Store},
	year = {2020}
}

%Ref16
@Misc{AppZoo,
	note={\url{https://www.crunchbase.com/organization/appzoo}},
	title={AppZoo},
	year={2020}
}

%Ref17
@Misc{WorldHealthO,
	note={\url{https://www.who.int/news-room/fact-sheets/detail/blindness-and-visual-impairment}},
	title={Blindness and vision impairment},
	year={2021}
}

%Ref18
@Misc{AccessibilityScanner,
	note={https://play.google.com/store/apps},
	title={Accessibility Scanner},
	year={2016}
}

%Ref19
@Misc{LowVision,
	note = {\url{https://www.w3.org/TR/low-vision-needs/}},
	title = {Accessibility Requirements for People with Low Vision},
	year = {2016}
}

%Ref20
@Misc{GUI,
	note = {\url{https://wikipedia.org/wiki/GUI}},
	title = {Graph User Interface},
	year = {2016}
}

%Ref21
@article{Lee2020NeuralDN,
  title={Neural Design Network: Graphic Layout Generation with Constraints},
  author={Hsin-Ying Lee and Weilong Yang and Lu Jiang and Madison Le and Irfan Essa and Haifeng Gong and Ming-Hsuan Yang},
  booktitle={ECCV},
  year={2020}
}

%Ref22
@Misc{UIautomator,
	note = {\url{https://developer.android.com/training/testing/other-components/ui-automator}},
	title = {UIAutomator},
	year = {2020}
}

%Ref23
@article{Moran2020MachineLP,
  title={Machine Learning-Based Prototyping of Graphical User Interfaces for Mobile Apps},
  author={Kevin Moran and Carlos Bernal-C{\'a}rdenas and Michael Curcio and R. Bonett and D. Poshyvanyk},
  journal={IEEE Transactions on Software Engineering},
  year={2020},
  volume={46},
  pages={196-221}
}

%Ref24
@misc{UseApp,
	note = {\url{https://wj.capa.ac/fillin?id=1gd7ql0}},
	title = {How to use App for low-vision users},
	year = {2021}
}

%Ref25
@misc{AirTestIDE,
	note = {\url{https://airtest.netease.com/}},
	title = {Airtest IDE},
	year = {2019}
}

%Ref26
@article{Schlichtkrull2018ModelingRD,
  title={Modeling Relational Data with Graph Convolutional Networks},
  author={M. Schlichtkrull and Thomas Kipf and Peter Bloem and Rianne van den Berg and Ivan Titov and M. Welling},
  journal={ArXiv},
  year={2018},
  volume={abs/1703.06103}
}

%Ref27
@article{Gangemi2017ModelingRD,
  title={Modeling Relational Data with Graph Convolutional Networks},
  author={Aldo Gangemi and R. Navigli and M. Vidal and P. Hitzler and Raphael Troncy and L. Hollink and A. Tordai},
  year={2017}
}

%Ref28
@article{AbuElHaija2019NGCNMG,
  title={N-GCN: Multi-scale Graph Convolution for Semi-supervised Node Classification},
  author={Sami Abu-El-Haija and Amol Kapoor and Bryan Perozzi and Joonseok Lee},
  journal={IEEE Conference on Uncertainty in Artificial Intelligence},
  year={2018}
}

%Ref29
@article{Lei2019GCNGANAN,
  title={GCN-GAN: A Non-linear Temporal Link Prediction Model for Weighted Dynamic Networks},
  author={Kai Lei and Meng Qin and B. Bai and Gong Zhang and Min Yang},
  journal={IEEE INFOCOM 2019 - IEEE Conference on Computer Communications},
  year={2019},
  pages={388-396}
}

%Ref30
@misc{AppCrawler,
	note = {\url{https://developer.android.com/training/testing/crawler}},
	title = {AppCrawler},
	year = {2016}
}

%Ref31
@article{Vaibhav2018NonlinearFT,
  title={Nonlinear Fourier transform of time-limited and one-sided signals},
  author={V. Vaibhav},
  journal={Journal of Physics A},
  year={2018},
  volume={51},
  pages={425201}
}

%Ref32
@article{Kipf2017SemiSupervisedCW,
  title={Semi-Supervised Classification with Graph Convolutional Networks},
  author={Thomas Kipf and M. Welling},
  journal={2016 IEEE/ACM International Conference on Learning Representations (ICLR)},
  year={2016},
}

%Ref33
@article{Wang2020ResGCNAMT,
  title={ResGCN:A method to train deep graph convolutional network},
  author={Mingkai Wang and Yiwei Ma and Ming Li},
	journal = {IEEE AAAI 2020 IEEE Conference on Artificial Intelligence},
  year={2020}
}

%Ref34
@article{Alshayban2020AccessibilityII,
  title={Accessibility Issues in Android Apps: State of Affairs, Sentiments, and Ways Forward},
  author={Abdulaziz Alshayban and Iftekhar Ahmed and S. Malek},
  journal={2020 IEEE/ACM 42nd International Conference on Software Engineering (ICSE)},
  year={2020},
  pages={1323-1334}
}
%Ref36
@misc{GUIDesign,
	note = {\url{https://xd.adobe.com/ideas/process/ui-design/4-golden-rules-ui-design/}},
	title = {The 4 Golden Rules of UI Design},
	year = {2020}
}

%Ref37
@misc{DataCode,
	note = {\url{https://doi.org/10.5281/zenodo.11933637}},
	title = {The supporting data and code},
	year = {2022}

}

%Ref38 
@misc{AccessibilitySurvey,
	note = {\url{https://wj.capa.ac/fillin?id=1gd7ql0}},
	title = {Mobile Accessibility Survey},
	year = {2021}
}

%Ref39
@misc{AccessibilityInterview,
	note = {\url{https://doi.org/10.5281/zenodo.7762556}},
	title = {Mobile Accessibility Interview},
	year = {2022}
}
%Ref40
@article{Chen2021AccessibleON,
  title={Accessible or Not An Empirical Investigation of Android App Accessibility},
  author={Sen Chen and Chunyang Chen and Lingling Fan and Mingming Fan and Xian Zhan and Yang Liu},
  journal={IEEE Transactions on Software Engineering},
  year={2021}
}
%Ref41
@misc{Accessibilityguide,
	note = {\url{https://www.google.com/accessibility/}},
	title = {Accessibility Guidelines},
	year = {2021}
}
%Ref42
@inproceedings{Wood2016ThreeDimensionalGD,
  title={Three-Dimensional Graph Drawing},
  author={David R. Wood},
  booktitle={Encyclopedia of Algorithms},
  year={2016}
}
%Ref43
@article{Velickovic2018GraphAN,
  title={Graph Attention Networks},
  author={Petar Velickovic and Guillem Cucurull and Arantxa Casanova and Adriana Romero and Pietro Lio’ and Yoshua Bengio},
  journal={ArXiv},
  year={2018},
  volume={abs/1710.10903}
}
%Ref44
@misc{Talkback,
	note = {\url{https://support.google.com/accessibility/android/answer/6283677?hl=en}},
	title = {Google TalkBack},
	year = {2017}
}
%Ref45
@misc{VoiceOver,
	note = {\url{https://www.apple.com/voiceover/info/guide/_1121.html}},
	title = {Apple Voice Over},
	year = {2015}
}
%Ref46
@misc{AccessibilityTF,
	note = {\url{https://github.com/google/Accessibility-Test-Framework-for-Android}},
	title = {Accessibility Test Framework},
	year = {2019}
}
%Ref47
@misc{Opensource,
	note = {\url{https://github.com/qiang/AndroidOpenSourceProject}},
	title = {Open-source Apps in GitHub},
	year = {2019}
}
%Ref48
@article{Mehralian2021DatadrivenAR,
  title={Data-driven accessibility repair revisited: on the effectiveness of generating labels for icons in Android apps},
  author={Forough Mehralian and Navid Salehnamadi and Sam Malek},
  journal={Proceedings of the 29th ACM Joint Meeting on European Software Engineering Conference and Symposium on the Foundations of Software Engineering},
  year={2021}
}
%Ref49
@article{Xu2020PrevalenceAC,
  title={Prevalence and causes of vision loss in China from 1990 to 2019: findings from the Global Burden of Disease Study 2019.},
  author={Tingling Xu and Bing-song Wang and Hua Liu and Haidong Wang and Peng Yin and Wen-lan Dong and Jianhong Li and Ya Xing Wang and Mayinuer Yusufu and Paul Svitil Briant and Nickolas Reinig and Charlie Ashbaugh and Jaimie D. Adelson and Theo Vos and Rupert R A Bourne and Ningli Wang and Maigeng Zhou},
  journal={The Lancet. Public health},
  year={2020},
  volume={5 12},
  pages={
          e682-e691
        }
}
%Ref50
@article{Salehnamadi2021LatteUA,
  title={Latte: Use-Case and Assistive-Service Driven Automated Accessibility Testing Framework for Android},
  author={Navid Salehnamadi and Abdulaziz Alshayban and Jun-Wei Lin and Iftekhar Ahmed and Stacy M. Branham and Sam Malek},
  journal={Proceedings of the 2021 CHI Conference on Human Factors in Computing Systems},
  year={2021}
}
%Ref51
@misc{AAAT,
	note = {\url{https://github.com/paypal/AATT}},
	title = {Automated Accessibility Test Tool},
	year = {2020}
}
%Ref52
@article{Zhang2017SketchguidedGT,
  title={Sketch-guided GUI test generation for mobile applications},
  author={Chucheng Zhang and Haoliang Cheng and Enyi Tang and Xin Chen and Lei Bu and Xuandong Li},
  journal={2017 32nd IEEE/ACM International Conference on Automated Software Engineering (ASE)},
  year={2017},
  pages={38-43}
}
%Ref53
@article{Borges2020SpeedingUG,
  title={Speeding up GUI Testing by On-Device Test Generation},
  author={Nataniel Pereira Borges and Jenny Rau and Andreas Zeller},
  journal={2020 35th IEEE/ACM International Conference on Automated Software Engineering (ASE)},
  year={2020},
  pages={1340-1343}
}
%Ref54
@article{Rau2018PosterEG,
  title={Poster: Efficient GUI Test Generation by Learning from Tests of Other Apps},
  author={Andreas Rau and Jenny Hotzkow and Andreas Zeller},
  journal={2018 IEEE/ACM 40th International Conference on Software Engineering: Companion (ICSE-Companion)},
  year={2018},
  pages={370-371}
}
%Ref55
@article{Pan2022GUIGuidedTS,
  title={GUI-Guided Test Script Repair for Mobile Apps},
  author={Minxue Pan and Tongtong Xu and Yu Pei and Zhong Li and Tian Zhang and Xuandong Li},
  journal={IEEE Transactions on Software Engineering},
  year={2022},
  volume={48},
  pages={910-929}
}
%Ref56
@article{Xu2021GUIDERGS,
  title={GUIDER: GUI structure and vision co-guided test script repair for Android apps},
  author={Tongtong Xu and Minxue Pan and Yu Pei and Guiyin Li and Xia Zeng and Tian Zhang and Yuetang Deng and Xuandong Li},
  journal={Proceedings of the 30th ACM SIGSOFT International Symposium on Software Testing and Analysis},
  year={2021}
}
%Ref57
@article{Yazdani2021DeepGB,
  title={Deep GUI: Black-box GUI Input Generation with Deep Learning},
  author={Faraz Yazdani and Sam Malek},
  journal={2021 36th IEEE/ACM International Conference on Automated Software Engineering (ASE)},
  year={2021},
  pages={905-916}
}
%Ref58
@misc{FDroid,
	note = {\url{https://f-droid.org/en/packages/}},
	title = {F-Droid: Free and Open Source Android App Repository},
	year = {2022}
}
%Ref59
@misc{LowVison,
	note = {\url{https://www.w3.org/WAI/GL/low-vision-a11y-tf/wiki/Overview\_of\_Low\_Vision}},
	title = {Overview of Low Vision},
	year = {2022}
}
%Ref60
@misc{BlindUser,
	note = {\url{https://www.healthline.com/health/eye-health/what-do-blind-people-see}},
	title = {What Do Blind People See?},
	year = {2022}
}
%Ref61
@article{Rodrigues2020OpenCO,
  title={Open Challenges of Blind People Using Smartphones},
  author={Andr{\'e} Rodrigues and Hugo Nicolau and Kyle Montague and Jo{\~a}o Pedro Vieira Guerreiro and Tiago Guerreiro},
  journal={International Journal of Human–Computer Interaction},
  year={2020},
  volume={36},
  pages={1605 - 1622}
}
%Ref62
@misc{GUIContainer,
	note = {\url{https://semantic-ui.com/elements/container.html}},
	title = {UI Container},
	year = {2022}
}
%Ref63
@misc{Levelorder,
	note = {\url{https://www.interviewbit.com/blog/level-order-traversal}},
	title = {Level Order Traversal Method},
	year = {2022}
}
%Ref64
@misc{GitHub,
	note = {\url{https://github.com/}},
	title = {GitHub Index Page},
	year = {2008}
}
%Ref65
@misc{GitLab,
	note = {\url{https://gitlib.com/}},
	title = {GitLib Index Page},
	year = {2012}
}
%Ref66
@article{Nayak2020SessionBasedRS,
  title={Session-Based Recommender Systems for Action Selection in GUI Test Generation},
  author={Varun Nayak and Daniel Kraus},
  journal={2020 IEEE International Conference on Software Testing, Verification and Validation Workshops (ICSTW)},
  year={2020},
  pages={372-375}
}
%Ref67
@article{Zhao2016GUITC,
  title={GUI test case generation based on Activity-Flow Graph},
  author={Lei Zhao and Dongdong Gao},
  journal={2016 7th IEEE International Conference on Software Engineering and Service Science (ICSESS)},
  year={2016},
  pages={738-741}
}
%Ref68
@misc{AccessibilityService,
	note = {\url{https://developer.android.com/reference/android/accessibilityservice/AccessibilityService}},
	title = {Accessibility Service},
	year = {2022}
}
%Ref70
@misc{AndroidLayout,
	note = {\url{https://developer.android.com/guide/topics/ui/declaring-layout}},
	title = {Android Developers Layouts Guidelines},
	year = {2022}
}
%Ref71
@article{McHugh2012InterraterRT,
  title={Interrater reliability: the kappa statistic},
  author={M. L. McHugh},
  journal={Biochemia Medica},
  year={2012},
  volume={22},
  pages={276 - 282}
}

%%%Appendix Reference
%Ref1
@article{Trewin2010AccessibilityCA,
  title={Accessibility challenges and tool features: an IBM Web developer perspective},
  author={Shari Trewin and Brian P. Cragun and Calvin Swart and Jonathan P. Brezin and John T. Richards},
  journal={International Cross-disciplinary Conference on Web Accessibility},
  year={2010}
}
%Ref2
@article{Bigham2010AccessibilityBD,
  title={Accessibility by demonstration: enabling end users to guide developers to web accessibility solutions},
  author={Jeffrey P. Bigham and Jeremy T. Brudvik and Bernie Zhang},
  journal={ASSETS '10 International ACM SIGACCESS Conference on Computers and Accessibility},
  year={2010}
}
%Ref3
@article{Ross2020AnEL,
  title={An Epidemiology-inspired Large-scale Analysis of Android App Accessibility},
  author={Anne Spencer Ross and Xiaoyi Zhang and James Fogarty and Jacob O. Wobbrock},
  journal={ACM Transactions on Accessible Computing (TACCESS)},
  year={2020},
  volume={13},
  pages={1 - 36}
}
%Ref4
@article{Serra2015AccessibilityEO,
  title={Accessibility Evaluation of E-Government Mobile Applications in Brazil},
  author={Leandro Coelho Serra and Lucas Pedroso Carvalho and Lucas Pereira Ferreira and Jorge Belimar Silva Vaz and Andr{\'e} Pimenta Freire},
  booktitle={DSAI},
  year={2015}
}
%Ref5
@article{Ross2018ExaminingIB,
  title={Examining Image-Based Button Labeling for Accessibility in Android Apps through Large-Scale Analysis},
  author={Anne Spencer Ross and Xiaoyi Zhang and James Fogarty and Jacob O. Wobbrock},
  journal={Proceedings of the 20th International ACM SIGACCESS Conference on Computers and Accessibility},
  year={2018}
}
%Ref6
@article{Yan2019TheCS,
  title={The Current Status of Accessibility in Mobile Apps},
  author={Shunguo Yan and P. G. Ramachandran},
  journal={ACM Transactions on Accessible Computing (TACCESS)},
  year={2019},
  volume={12},
  pages={1 - 31}
}
%Ref7
@article{Vendome2019CanEU,
  title={Can Everyone use my app? An Empirical Study on Accessibility in Android Apps},
  author={Christopher Vendome and Diana Solano and Santiago Linan and Mario Linares-V{\'a}squez},
  journal={2019 IEEE International Conference on Software Maintenance and Evolution (ICSME)},
  year={2019},
  pages={41-52}
}
%Ref8
@article{Park2014TowardAM,
  title={Toward accessible mobile application design: developing mobile application accessibility guidelines for people with visual impairment},
  author={Kyudong Park and Taedong Goh and Hyo-Jeong So},
  journal={HCI Korea 2015 Hanbit Media, Inc.},
  year={2014}
}
%Ref9
@article{JaramilloAlczar2018AnAT,
  title={An Approach to Mobile Serious Games Accessibility Assessment for People with Hearing Impairments},
  author={{\'A}ngel Jaramillo-Alc{\'a}zar and Sergio Luj{\'a}n-Mora},
  journal={International Conference on Information Technology \& Systems},
  year={2018}
}
%Ref10
@article{Grellmann2018InvestigatingMA,
  title={Investigating Mobile Accessibility Guidance for People with Aphasia},
  author={Brian Grellmann and Timothy Neate and Abi Roper and Stephanie M. Wilson and Jane Marshall},
  journal={Proceedings of the 20th International ACM SIGACCESS Conference on Computers and Accessibility},
  year={2018}
}
%Ref11
@article{Silva2018ASO,
  title={A survey on the tool support for the automatic evaluation of mobile accessibility},
  author={Camila Mariane C. Silva and Marcelo Medeiros Eler and Gordon Fraser},
  journal={Proceedings of the 8th International Conference on Software Development and Technologies for Enhancing Accessibility and Fighting Info-exclusion},
  year={2018}
}
%Ref12
@article{Oliveira2016AccessibilityOT,
  title={Accessibility of the smart home for users with visual disabilities: an evaluation of open source mobile applications for home automation},
  author={Gabriela Amaral Ara{\'u}jo de Oliveira and Raphael Winckler de Bettio and Andr{\'e} Pimenta Freire},
  journal={Proceedings of the 15th Brazilian Symposium on Human Factors in Computing Systems},
  year={2016}
}
%Ref13
@article{Kane2009FreedomTR,
  title={Freedom to roam: a study of mobile device adoption and accessibility for people with visual and motor disabilities},
  author={Shaun K. Kane and Chandrika Jayant and Jacob O. Wobbrock and Richard E. Ladner},
  journal={International ACM SIGACCESS Conference on Computers and Accessibility},
  year={2009}
}
%Ref14
@article{Wei2016TamingAF,
  title={Taming Android fragmentation: Characterizing and detecting compatibility issues for Android apps},
  author={Lili Wei and Yepang Liu and S. C. Cheung},
  journal={2016 31st IEEE/ACM International Conference on Automated Software Engineering (ASE)},
  year={2016},
  pages={226-237}
}
%Ref15
@article{Vsquez2017ContinuousEA,
  title={Continuous, Evolutionary and Large-Scale: A New Perspective for Automated Mobile App Testing},
  author={Mario Linares V{\'a}squez and Kevin Moran and Denys Poshyvanyk},
  journal={2017 IEEE International Conference on Software Maintenance and Evolution (ICSME)},
  year={2017},
  pages={399-410}
}
%Ref16
@article{Zhang2018RobustAO,
  title={Robust Annotation of Mobile Application Interfaces in Methods for Accessibility Repair and Enhancement},
  author={Xiaoyi Zhang and Anne Spencer Ross and James Fogarty},
  journal={Proceedings of the 31st Annual ACM Symposium on User Interface Software and Technology},
  year={2018}
}
%Ref17
@misc{GooglePlayNumber,
	note = {\url{https://www.statista.com/statistics/266210/number-of-available-applications-in-the-google-play-store/}},
	title = {Number of available applications in the Google Play Store},
	year = {2022}
}
%Ref18
@misc{AppleStoreNumber,
	note = {\url{https://www.statista.com/statistics/268251/number-of-apps-in-the-itunes-app-store-since-2008/}},
	title = {Number of available applications in the Apple Store},
	year = {2022}
}
%Ref19
@inproceedings{Kline1995ImprovingGA,
  title={Improving GUI accessibility for people with low vision},
  author={Richard L. Kline and Ephraim P. Glinert},
  booktitle={International Conference on Human Factors in Computing Systems, CHI '95},
  year={1995}
}
%Ref20
@article{Mack2021WhatDW,
  title={What Do We Mean by “Accessibility Research”?: A Literature Survey of Accessibility Papers in CHI and ASSETS from 1994 to 2019},
  author={Kelly M. Mack and Emma J. McDonnell and Dhruv Jain and Lucy Lu Wang and Jon E. Froehlich and Leah Findlater},
  journal={Proceedings of the 2021 CHI Conference on Human Factors in Computing Systems},
  year={2021}
}
%Ref21
@article{Zhang2021ScreenRC,
  title={Screen Recognition: Creating Accessibility Metadata for Mobile Applications from Pixels},
  author={Xiaoyi Zhang and Lilian de Greef and Amanda Swearngin and Samuel White and Kyle I. Murray and Lisa Yu and Qi Shan and Jeffrey Nichols and Jason Wu and Chris Fleizach and Aaron Everitt and Jeffrey P. Bigham},
  journal={Proceedings of the 2021 CHI Conference on Human Factors in Computing Systems},
  year={2021}
}
%Ref22
@article{Milne2018Blocks4AllOA,
  title={Blocks4All: Overcoming Accessibility Barriers to Blocks Programming for Children with Visual Impairments},
  author={Lauren R. Milne and Richard E. Ladner},
  journal={Proceedings of the 2018 CHI Conference on Human Factors in Computing Systems},
  year={2018}
}
%Ref23
@article{Zhang2017InteractionPF,
  title={Interaction Proxies for Runtime Repair and Enhancement of Mobile Application Accessibility},
  author={Xiaoyi Zhang and Anne Spencer Ross and Anat Caspi and James Fogarty and Jacob O. Wobbrock},
  journal={Proceedings of the 2017 CHI Conference on Human Factors in Computing Systems},
  year={2017}
}
%Ref24
@article{Hara2013CombiningCA,
  title={Combining crowdsourcing and google street view to identify street-level accessibility problems},
  author={Kotaro Hara and Vicki Le and Jon E. Froehlich},
  journal={Proceedings of the SIGCHI Conference on Human Factors in Computing Systems},
  year={2013}
}
%Ref25
@article{Werner2022SmartSS,
  title={Smart Speech Systems: A Focus Group Study on Older Adult User and Non-User Perceptions of Speech Interfaces},
  author={Lauren Werner and Gaojian Huang and Brandon J. Pitts},
  journal={International Journal of Human–Computer Interaction},
  year={2022},
  volume={39},
  pages={1149 - 1161}
}
%Ref26
@article{Velickovic2017GraphAN,
  title={Graph Attention Networks},
  author={Petar Velickovic and Guillem Cucurull and Arantxa Casanova and Adriana Romero and Pietro Lio’ and Yoshua Bengio},
  journal={International Conference on Learning Representations},
  year={2017}
}
%Ref27
@inproceedings{Steinwart2008SupportVM,
  title={Support Vector Machines},
  author={Ingo Steinwart and Andreas Christmann},
  booktitle={Information Science and Statistics},
  year={2008}
}
%Ref28
@article{LeCun2010ConvolutionalNA,
  title={Convolutional networks and applications in vision},
  author={Yann LeCun and Koray Kavukcuoglu and Cl{\'e}ment Farabet},
  journal={Proceedings of 2010 IEEE International Symposium on Circuits and Systems},
  year={2010},
  pages={253-256}
}
%Ref29
@article{Breiman2001RandomF,
  title={Random Forests},
  author={L. Breiman},
  journal={Machine Learning},
  year={2001},
  volume={45},
  pages={5-32}
}
%Ref30
@article{aylak2020WassersteinMF,
  title={Wasserstein metric for improved quantum machine learning with adjacency matrix representations},
  author={Onur Çaylak and O Anatole von Lilienfeld and Bj{\"o}rn Baumeier},
  journal={Machine Learning: Science and Technology},
  year={2020},
  volume={1}
}
%Ref31
@article{Guo2020DynamicGC,
  title={Dynamic Graph Convolution Network for Traffic Forecasting Based on Latent Network of Laplace Matrix Estimation},
  author={Kan Guo and Yongli Hu and Zhen Sean Qian and Yanfeng Sun and Junbin Gao and Baocai Yin},
  journal={IEEE Transactions on Intelligent Transportation Systems},
  year={2020},
  volume={23},
  pages={1009-1018}
}
%Ref32
@article{He2015DeepRL,
  title={Deep Residual Learning for Image Recognition},
  author={Kaiming He and X. Zhang and Shaoqing Ren and Jian Sun},
  journal={2016 IEEE Conference on Computer Vision and Pattern Recognition (CVPR)},
  year={2016},
  pages={770-778}
}
%Ref33
@article{Li2022PushButtonSO,
  title={Push-Button Synthesis of Watch Companions for Android Apps},
  author={Cong Li and Yanyan Jiang and Chang Xu},
  journal={2022 IEEE/ACM 44th International Conference on Software Engineering (ICSE)},
  year={2022},
  pages={1793-1804}
}
%Ref34
@article{Ryu2011AutomaticGO,
  title={Automatic Generation of GUI Source Code In Mobile Applications for Multi-Platform},
  author={Sung-Tae Ryu and Cheolhyun Park and Eunseok Lee},
  journal={Journal of KIISE:Software and Applications},
  year={2011},
  volume={38},
  pages={198-206}
}
%Ref35
@article{Li2019AnEL,
  title={An Exponential Learning Rate Schedule for Deep Learning},
  author={Zhiyuan Li and Sanjeev Arora},
  journal={International Conference on Learning Representations (ICLR)},
  year={2019},
}
%Ref36
@article{He2014ConvolutionalNN,
  title={Convolutional neural networks at constrained time cost},
  author={Kaiming He and Jian Sun},
  journal={2015 IEEE Conference on Computer Vision and Pattern Recognition (CVPR)},
  year={2015},
  pages={5353-5360}
}
%Ref37
@article{Kittaneh2003BoundsFT,
  title={Bounds for the zeros of polynomials from matrix inequalities},
  author={Fuad Kittaneh},
  journal={Archiv der Mathematik},
  year={2003},
  volume={81},
  pages={601-608}
}
%Ref38
@article{Yu2020MMGCNML,
  title={MM-GCN: Multi-Mutual Learning Networks of Graph Convolution for Node Classification},
  author={Gao Yu and Kuang Ping and MingYun He and Duan Qipeng and Liu Chenyang},
  journal={2020 17th International Computer Conference on Wavelet Active Media Technology and Information Processing (ICCWAMTIP)},
  year={2020},
  pages={97-100}
}
%Ref40
@article{Bajammal2021SemanticWA,
  title={Semantic Web Accessibility Testing via Hierarchical Visual Analysis},
  author={Mohammad Bajammal and Ali Mesbah},
  journal={IEEE/ACM 43rd International Conference on Software Engineering (ICSE)},
  year={2021},
  pages={1610-1621}
}
%Ref41
@article{Levin2013FixeddimensionalAE,
  title={Fixed-dimensional acoustic embeddings of variable-length segments in low-resource settings},
  author={Keith Levin and Katharine Henry and Aren Jansen and Karen Livescu},
  journal={2013 IEEE Workshop on Automatic Speech Recognition and Understanding},
  year={2013},
  pages={410-415}
}
%Ref42
@inproceedings{Wu2022RepresentingLC,
  title={Representing Long-Range Context for Graph Neural Networks with Global Attention},
  author={Zhanghao Wu and Paras Jain and Matthew A. Wright and Azalia Mirhoseini and Joseph Gonzalez and Ioan Cristian Stoica},
  booktitle={Neural Information Processing Systems},
  year={2022}
}
%Ref44
@article{Vieira2010CohensKC,
  title={Cohen's kappa coefficient as a performance measure for feature selection},
  author={Susana M. Vieira and Uzay Kaymak and Jo{\~a}o M. C. Sousa},
  journal={International Conference on Fuzzy Systems (ICFS)},
  year={2010},
  pages={1-8}
}
%Ref45
@article{Hu2019HierarchicalGC,
  title={Hierarchical Graph Convolutional Networks for Semi-supervised Node Classification},
  author={Fenyu Hu and Yanqiao Zhu and Shu Wu and Liang Wang and Tieniu Tan},
  journal={International Joint Conference on Artificial Intelligence (IJCAI)},
  year={2019},
  pages={630-637}
}
%Ref46
@article{Himmelsbach2019DoWC,
  title={Do We Care About Diversity in Human Computer Interaction: A Comprehensive Content Analysis on Diversity Dimensions in Research},
  author={Julia Himmelsbach and Stephanie Schwarz and Cornelia Gerdenitsch and Beatrix Wais-Zechmann and Jan Bobeth and Manfred Tscheligi},
  journal={Proceedings of the 2019 CHI Conference on Human Factors in Computing Systems (CHI)},
  year={2019},
  pages={1-16}
}
%Ref47
@article{10338828,
  author={Zhang, Mengxi and Liu, Huaxiao and Chen, Chunyang and Gao, Guangyong and Li, Han and Zhao, Jian},
  journal={IEEE Transactions on Software Engineering}, 
  title={AccessFixer: Enhancing GUI Accessibility for Low Vision Users With R-GCN Model}, 
  year={2024},
  volume={50},
  number={2},
  pages={173-189},
  doi={10.1109/TSE.2023.3337421}
}
%%%%%%%%%%%%%%%%%%%%%%%%%%%%%%%%%%%%%%%%
%GUI understanding and GUI grouping
@inproceedings{Chen2023EGFEEG,
  title={EGFE: End-to-end Grouping of Fragmented Elements in UI Designs with Multimodal Learning},
  author={Liuqing Chen and Yunnong Chen and Shuhong Xiao and Yaxuan Song and Lingyun Sun and Yankun Zhen and Tingting Zhou and Yan-fang Chang},
  booktitle={IEEE/ACM 46th International Conference on Software Engineering (ICSE)},
  year={2024},
  pages={1-12}
}
@article{Xie2022PsychologicallyinspiredUI,
  title={Psychologically-inspired, unsupervised inference of perceptual groups of GUI widgets from GUI images},
  author={Mulong Xie and Zhenchang Xing and Sidong Feng and Chunyang Chen and Liming Zhu and Xiwei Xu},
  journal={Proceedings of the 30th ACM Joint European Software Engineering Conference and Symposium on the Foundations of Software Engineering (ESEC/FSE)},
  year={2022},
  pages={332-343}
}
@article{Liu2022NighthawkFA,
  title={Nighthawk: Fully Automated Localizing UI Display Issues via Visual Understanding},
  author={Zhe Liu and Chunyang Chen and Junjie Wang and Yuekai Huang and Jun Hu and Qing Wang},
  journal={IEEE Transactions on Software Engineering},
  year={2022},
  volume={49},
  pages={403-418}
}
@article{Zhang2022UniRLTestUP,
  title={UniRLTest: universal platform-independent testing with reinforcement learning via image understanding},
  author={Ziqian Zhang and Yulei Liu and Shengcheng Yu and Xin Li and Yexiao Yun and Chunrong Fang and Zhenyu Chen},
  journal={Proceedings of the 31st ACM SIGSOFT International Symposium on Software Testing and Analysis},
  year={2022},
  pages={805-808}
}
@article{Liu2020OwlES,
  title={Owl Eyes: Spotting UI Display Issues via Visual Understanding},
  author={Zhe Liu and Chunyang Chen and Junjie Wang and Yuekai Huang and Jun Hu and Qing Wang},
  journal={2020 35th IEEE/ACM International Conference on Automated Software Engineering (ASE)},
  year={2020},
  pages={398-409}
}
@inproceedings{Ma2023MultiViewRG,
  title={Multi-View Robust Graph Representation Learning for Graph Classification},
  author={Guanghui Ma and Chunming Hu and Ling Ge and Hong Zhang},
  booktitle={International Joint Conference on Artificial Intelligence},
  year={2023},
  pages={4037-4045}
}
@article{Zhang2023MuLGRNMG,
  title={MuL-GRN: Multi-Level Graph Relation Network for Few-Shot Node Classification},
  author={Lingling Zhang and Shaowei Wang and J. Liu and Qika Lin and Xiao Chang and Y. Wu and Qinghua Zheng},
  journal={IEEE Transactions on Knowledge and Data Engineering},
  year={2023},
  volume={35},
  pages={6085-6098}
}
@article{kocsis2022unreasonable,
  title={The unreasonable effectiveness of fully-connected layers for low-data regimes},
  author={Kocsis, Peter and S{\'u}ken{\'\i}k, Peter and Bras{\'o}, Guillem and Nie{\ss}ner, Matthias and Leal-Taix{\'e}, Laura and Elezi, Ismail},
  journal={Advances in Neural Information Processing Systems},
  volume={35},
  pages={1896--1908},
  year={2022}
}