@article{10338828,
  author={Zhang, Mengxi and Liu, Huaxiao and Chen, Chunyang and Gao, Guangyong and Li, Han and Zhao, Jian},
  journal={IEEE Transactions on Software Engineering}, 
  title={AccessFixer: Enhancing GUI Accessibility for Low Vision Users With R-GCN Model}, 
  year={2024},
  volume={50},
  number={2},
  pages={173-189},
  doi={10.1109/TSE.2023.3337421}
}

@misc{AAAT,
	note = {\url{https://github.com/paypal/AATT}},
	title = {Automated Accessibility Test Tool},
	year = {2020}
}

@Misc{AccessibilityScanner,
	note={https://play.google.com/store/apps},
	title={Accessibility Scanner},
	year={2016}
}

@misc{AccessibilityService,
	note = {\url{https://developer.android.com/reference/android/accessibilityservice/AccessibilityService}},
	title = {Accessibility Service},
	year = {2022}
}

@article{Alshayban2020AccessibilityII,
  title={Accessibility Issues in Android Apps: State of Affairs, Sentiments, and Ways Forward},
  author={Abdulaziz Alshayban and Iftekhar Ahmed and S. Malek},
  journal={2020 IEEE/ACM 42nd International Conference on Software Engineering (ICSE)},
  year={2020},
  pages={1323-1334}
}

@article{Chen2020UnblindYA,
  title={Unblind Your Apps: Predicting Natural-Language Labels for Mobile GUI Components by Deep Learning},
  author={Jieshan Chen and Chunyang Chen and Zhenchang Xing and Xiwei Xu and Liming Zhu and Guoqiang Li and Jinshui Wang},
  journal={2020 IEEE/ACM 42nd International Conference on Software Engineering (ICSE)},
  year={2020},
  pages={322-334}
}

@article{Chen2021AccessibleON,
  title={Accessible or Not An Empirical Investigation of Android App Accessibility},
  author={Sen Chen and Chunyang Chen and Lingling Fan and Mingming Fan and Xian Zhan and Yang Liu},
  journal={IEEE Transactions on Software Engineering},
  year={2021}
}

@inproceedings{Chen2023EGFEEG,
  title={EGFE: End-to-end Grouping of Fragmented Elements in UI Designs with Multimodal Learning},
  author={Liuqing Chen and Yunnong Chen and Shuhong Xiao and Yaxuan Song and Lingyun Sun and Yankun Zhen and Tingting Zhou and Yan-fang Chang},
  booktitle={IEEE/ACM 46th International Conference on Software Engineering (ICSE)},
  year={2024},
  pages={1-12}
}

@article{Eler2018AutomatedAT,
  title={Automated Accessibility Testing of Mobile Apps},
  author={M. Eler and J. Rojas and Yan Ge and G. Fraser},
  journal={2018 IEEE 11th International Conference on Software Testing, Verification and Validation (ICST)},
  year={2018},
  pages={116-126}
}

@article{Hao2014PUMAPU,
  title={PUMA: programmable UI-automation for large-scale dynamic analysis of mobile apps},
  author={Shuai Hao and B. Liu and Suman Nath and William G. J. Halfond and R. Govindan},
  journal={Proceedings of the 12th annual international conference on Mobile systems, applications, and services},
  year={2014}
}

@article{Hara2013CombiningCA,
  title={Combining crowdsourcing and google street view to identify street-level accessibility problems},
  author={Kotaro Hara and Vicki Le and Jon E. Froehlich},
  journal={Proceedings of the SIGCHI Conference on Human Factors in Computing Systems},
  year={2013}
}

@inproceedings{Kline1995ImprovingGA,
  title={Improving GUI accessibility for people with low vision},
  author={Richard L. Kline and Ephraim P. Glinert},
  booktitle={International Conference on Human Factors in Computing Systems, CHI '95},
  year={1995}
}

@article{Liu2020OwlES,
  title={Owl Eyes: Spotting UI Display Issues via Visual Understanding},
  author={Zhe Liu and Chunyang Chen and Junjie Wang and Yuekai Huang and Jun Hu and Qing Wang},
  journal={2020 35th IEEE/ACM International Conference on Automated Software Engineering (ASE)},
  year={2020},
  pages={398-409}
}

@article{Liu2022NighthawkFA,
  title={Nighthawk: Fully Automated Localizing UI Display Issues via Visual Understanding},
  author={Zhe Liu and Chunyang Chen and Junjie Wang and Yuekai Huang and Jun Hu and Qing Wang},
  journal={IEEE Transactions on Software Engineering},
  year={2022},
  volume={49},
  pages={403-418}
}

@article{Long2020ADA,
  title={A data-driven approach for recommending UI element layout},
  author={Yonghao Long and Xiangping Chen and Yuting Xie},
  journal={Science China Information Sciences},
  year={2020},
  volume={63}
}

@article{Mehralian2021DatadrivenAR,
  title={Data-driven accessibility repair revisited: on the effectiveness of generating labels for icons in Android apps},
  author={Forough Mehralian and Navid Salehnamadi and Sam Malek},
  journal={Proceedings of the 29th ACM Joint Meeting on European Software Engineering Conference and Symposium on the Foundations of Software Engineering},
  year={2021}
}

@Misc{MobileAccessibilityChecker,
	howpublished = {[EB/OL]},
	note = {\url{https://www.ibm.com/blogs/age-and-ability/2016/10/12/ibm-strengthens-mobile-app-accessibility-and-usability/}},
	title = {IBM Strengthens Mobile App Accessibility and Usability},
	author = {Shunguo Yan},
	year = {2016}
}

@article{Oliveira2016AccessibilityOT,
  title={Accessibility of the smart home for users with visual disabilities: an evaluation of open source mobile applications for home automation},
  author={Gabriela Amaral Ara{\'u}jo de Oliveira and Raphael Winckler de Bettio and Andr{\'e} Pimenta Freire},
  journal={Proceedings of the 15th Brazilian Symposium on Human Factors in Computing Systems},
  year={2016}
}

@article{Rodrigues2020OpenCO,
  title={Open Challenges of Blind People Using Smartphones},
  author={Andr{\'e} Rodrigues and Hugo Nicolau and Kyle Montague and Jo{\~a}o Pedro Vieira Guerreiro and Tiago Guerreiro},
  journal={International Journal of Humanâ€“Computer Interaction},
  year={2020},
  volume={36},
  pages={1605 - 1622}
}

@article{Ross2020AnEL,
  title={An Epidemiology-inspired Large-scale Analysis of Android App Accessibility},
  author={Anne Spencer Ross and Xiaoyi Zhang and James Fogarty and Jacob O. Wobbrock},
  journal={ACM Transactions on Accessible Computing (TACCESS)},
  year={2020},
  volume={13},
  pages={1 - 36}
}

@article{Salehnamadi2021LatteUA,
  title={Latte: Use-Case and Assistive-Service Driven Automated Accessibility Testing Framework for Android},
  author={Navid Salehnamadi and Abdulaziz Alshayban and Jun-Wei Lin and Iftekhar Ahmed and Stacy M. Branham and Sam Malek},
  journal={Proceedings of the 2021 CHI Conference on Human Factors in Computing Systems},
  year={2021}
}

@article{Tomlinson2016TalkinAT,
  title={Talkin' about the weather: incorporating TalkBack functionality and sonifications for accessible app design},
  author={Brianna J. Tomlinson and Jonathan H. Schuett and Woodbury Shortridge and Jehoshaph Chandran and B. Walker},
  journal={Proceedings of the 18th International Conference on Human-Computer Interaction with Mobile Devices and Services},
  year={2016}
}

@article{Xiao2019IconIntentAI,
  title={IconIntent: Automatic Identification of Sensitive UI Widgets Based on Icon Classification for Android Apps},
  author={Xusheng Xiao and Xiaoyin Wang and Zhihao Cao and Hanlin Wang and Peng Gao},
  journal={2019 IEEE/ACM 41st International Conference on Software Engineering (ICSE)},
  year={2019},
  pages={257-268}
}

@article{Xie2022PsychologicallyinspiredUI,
  title={Psychologically-inspired, unsupervised inference of perceptual groups of GUI widgets from GUI images},
  author={Mulong Xie and Zhenchang Xing and Sidong Feng and Chunyang Chen and Liming Zhu and Xiwei Xu},
  journal={Proceedings of the 30th ACM Joint European Software Engineering Conference and Symposium on the Foundations of Software Engineering (ESEC/FSE)},
  year={2022},
  pages={332-343}
}

@article{Zhang2017InteractionPF,
  title={Interaction Proxies for Runtime Repair and Enhancement of Mobile Application Accessibility},
  author={Xiaoyi Zhang and Anne Spencer Ross and Anat Caspi and James Fogarty and Jacob O. Wobbrock},
  journal={Proceedings of the 2017 CHI Conference on Human Factors in Computing Systems},
  year={2017}
}

@article{Zhang2018RobustAO,
  title={Robust Annotation of Mobile Application Interfaces in Methods for Accessibility Repair and Enhancement},
  author={Xiaoyi Zhang and Anne Spencer Ross and James Fogarty},
  journal={Proceedings of the 31st Annual ACM Symposium on User Interface Software and Technology},
  year={2018}
}

@article{Zhang2021ScreenRC,
  title={Screen Recognition: Creating Accessibility Metadata for Mobile Applications from Pixels},
  author={Xiaoyi Zhang and Lilian de Greef and Amanda Swearngin and Samuel White and Kyle I. Murray and Lisa Yu and Qi Shan and Jeffrey Nichols and Jason Wu and Chris Fleizach and Aaron Everitt and Jeffrey P. Bigham},
  journal={Proceedings of the 2021 CHI Conference on Human Factors in Computing Systems},
  year={2021}
}

@article{Zhang2022UniRLTestUP,
  title={UniRLTest: universal platform-independent testing with reinforcement learning via image understanding},
  author={Ziqian Zhang and Yulei Liu and Shengcheng Yu and Xin Li and Yexiao Yun and Chunrong Fang and Zhenyu Chen},
  journal={Proceedings of the 31st ACM SIGSOFT International Symposium on Software Testing and Analysis},
  year={2022},
  pages={805-808}
}

