@inproceedings{MVDiffusion,
  title={{MVDiffusion}: Enabling Holistic Multi-view Image Generation with Correspondence-Aware Diffusion}, 
  author={Shitao Tang and Fuyang Zhang and Jiacheng Chen and Peng Wang and Yasutaka Furukawa},
  booktitle={NeurIPS},
  year={2023}
}

@inproceedings{gao2024cat3d,
  title={{CAT3D}: Create anything in {3D} with multi-view diffusion models},
  author={Gao, Ruiqi and Holynski, Aleksander and Henzler, Philipp and Brussee, Arthur and Martin-Brualla, Ricardo and Srinivasan, Pratul and Barron, Jonathan T and Poole, Ben},
  booktitle={NeurIPS},
  year={2024}
}

@inproceedings{goli2024bayes,
  title={Bayes' Rays: Uncertainty Quantification for Neural Radiance Fields},
  author={Goli, Lily and Reading, Cody and Sell{\'a}n, Silvia and Jacobson, Alec and Tagliasacchi, Andrea},
  booktitle={CVPR},
  pages={20061--20070},
  year={2024}
}

@article{he2024cameractrl,
  title={{CameraCtrl}: Enabling camera control for text-to-video generation},
  author={He, Hao and Xu, Yinghao and Guo, Yuwei and Wetzstein, Gordon and Dai, Bo and Li, Hongsheng and Yang, Ceyuan},
  journal={arXiv preprint arXiv:2404.02101},
  year={2024}
}

@article{jin2024lvsm,
  title={{LVSM}: A Large View Synthesis Model with Minimal {3D} Inductive Bias},
  author={Jin, Haian and Jiang, Hanwen and Tan, Hao and Zhang, Kai and Bi, Sai and Zhang, Tianyuan and Luan, Fujun and Snavely, Noah and Xu, Zexiang},
  journal={arXiv preprint arXiv:2410.17242},
  year={2024}
}

@inproceedings{leroy2024grounding,
  title={Grounding Image Matching in {3D} with {MASt3R}},
  author={Leroy, Vincent and Cabon, Yohann and Revaud, J{\'e}r{\^o}me},
  booktitle={ECCV},
  year={2024}
}

@inproceedings{liu2023zero,
  title={Zero-1-to-3: Zero-shot one image to {3D} object},
  author={Liu, Ruoshi and Wu, Rundi and Van Hoorick, Basile and Tokmakov, Pavel and Zakharov, Sergey and Vondrick, Carl},
  booktitle={ICCV},
  pages={9298--9309},
  year={2023}
}

@article{liu2024reconx,
  title={{ReconX}: Reconstruct Any Scene from Sparse Views with Video Diffusion Model},
  author={Liu, Fangfu and Sun, Wenqiang and Wang, Hanyang and Wang, Yikai and Sun, Haowen and Ye, Junliang and Zhang, Jun and Duan, Yueqi},
  journal={arXiv preprint arXiv:2408.16767},
  year={2024}
}

@inproceedings{mirzaei2023spin,
  title={{SPIn-NeRF}: Multiview segmentation and perceptual inpainting with neural radiance fields},
  author={Mirzaei, Ashkan and Aumentado-Armstrong, Tristan and Derpanis, Konstantinos G and Kelly, Jonathan and Brubaker, Marcus A and Gilitschenski, Igor and Levinshtein, Alex},
  booktitle={CVPR},
  pages={20669--20679},
  year={2023}
}

@inproceedings{muller2024multidiff,
  title={{MultiDiff}: Consistent Novel View Synthesis from a Single Image},
  author={M{\"u}ller, Norman and Schwarz, Katja and R{\"o}ssle, Barbara and Porzi, Lorenzo and Bul{\`o}, Samuel Rota and Nie{\ss}ner, Matthias and Kontschieder, Peter},
  booktitle={CVPR},
  pages={10258--10268},
  year={2024}
}

@inproceedings{niemeyer2022regnerf,
  title={{RegNeRF}: Regularizing neural radiance fields for view synthesis from sparse inputs},
  author={Niemeyer, Michael and Barron, Jonathan T and Mildenhall, Ben and Sajjadi, Mehdi SM and Geiger, Andreas and Radwan, Noha},
  booktitle={CVPR},
  pages={5480--5490},
  year={2022}
}

@article{sabour2024spotlesssplats,
  title={{SpotlessSplats}: Ignoring Distractors in {3D Gaussian} Splatting},
  author={Sabour, Sara and Goli, Lily and Kopanas, George and Matthews, Mark and Lagun, Dmitry and Guibas, Leonidas and Jacobson, Alec and Fleet, David J and Tagliasacchi, Andrea},
  journal={arXiv preprint arXiv:2406.20055},
  year={2024}
}

@article{sargent2023zeronvs,
  title={{ZeroNVS}: Zero-shot 360-degree view synthesis from a single real image},
  author={Sargent, Kyle and Li, Zizhang and Shah, Tanmay and Herrmann, Charles and Yu, Hong-Xing and Zhang, Yunzhi and Chan, Eric Ryan and Lagun, Dmitry and Fei-Fei, Li and Sun, Deqing and others},
  journal={arXiv preprint arXiv:2310.17994},
  year={2023}
}

@inproceedings{schonberger2016structure,
  title={Structure-from-motion revisited},
  author={Sch√∂nberger, Johannes L and Frahm, Jan-Michael},
  booktitle={CVPR},
  pages={4104--4113},
  year={2016}
}

@inproceedings{seo2024genwarp,
  title={{GenWarp}: Single Image to Novel Views with Semantic-Preserving Generative Warping},
  author={Seo, Junyoung and Fukuda, Kazumi and Shibuya, Takashi and Narihira, Takuya and Murata, Naoki and Hu, Shoukang and Lai, Chieh-Hsin and Kim, Seungryong and Mitsufuji, Yuki},
  booktitle={NeurIPS},
  year={2024}
}

@inproceedings{tewari2023diffusion,
  title={Diffusion with forward models: Solving stochastic inverse problems without direct supervision},
  author={Tewari, Ayush and Yin, Tianwei and Cazenavette, George and Rezchikov, Semon and Tenenbaum, Josh and Durand, Fr{\'e}do and Freeman, Bill and Sitzmann, Vincent},
  booktitle={NeurIPS},
  volume={36},
  pages={12349--12362},
  year={2023}
}

@inproceedings{wang2024dust3r,
  title={{DUSt3R}: Geometric {3D} vision made easy},
  author={Wang, Shuzhe and Leroy, Vincent and Cabon, Yohann and Chidlovskii, Boris and Revaud, Jerome},
  booktitle={CVPR},
  pages={20697--20709},
  year={2024}
}

@inproceedings{wang2024motionctrl,
  title={{MotionCtrl}: A unified and flexible motion controller for video generation},
  author={Wang, Zhouxia and Yuan, Ziyang and Wang, Xintao and Li, Yaowei and Chen, Tianshui and Xia, Menghan and Luo, Ping and Shan, Ying},
  booktitle={SIGGRAPH},
  year={2024}
}

@inproceedings{warburg2023nerfbusters,
  title={Nerfbusters: Removing ghostly artifacts from casually captured {NeRFs}},
  author={Warburg, Frederik and Weber, Ethan and Tancik, Matthew and Holynski, Aleksander and Kanazawa, Angjoo},
  booktitle={ICCV},
  pages={18120--18130},
  year={2023}
}

@inproceedings{weber2024nerfiller,
  title={Nerfiller: Completing scenes via generative {3D} inpainting},
  author={Weber, Ethan and Holynski, Aleksander and Jampani, Varun and Saxena, Saurabh and Snavely, Noah and Kar, Abhishek and Kanazawa, Angjoo},
  booktitle={CVPR},
  pages={20731--20741},
  year={2024}
}

@inproceedings{wu2024reconfusion,
  title={{ReconFusion}: {3D} reconstruction with diffusion priors},
  author={Rundi Wu and Ben Mildenhall and Philipp Henzler and Keunhong Park and Ruiqi Gao and Daniel Watson and Pratul P. Srinivasan and Dor Verbin and Jonathan T. Barron and Ben Poole and Aleksander Holynski},
  booktitle={CVPR},
  pages={21551--21561},
  year={2024}
}

@inproceedings{xu2024grm,
  title={{GRM}: Large {Gaussian} reconstruction model for efficient {3D} reconstruction and generation},
  author={Xu, Yinghao and Shi, Zifan and Yifan, Wang and Chen, Hansheng and Yang, Ceyuan and Peng, Sida and Shen, Yujun and Wetzstein, Gordon},
  booktitle={ECCV},
  year={2024}
}

@article{yu2024viewcrafter,
  title={{ViewCrafter}: Taming video diffusion models for high-fidelity novel view synthesis},
  author={Yu, Wangbo and Xing, Jinbo and Yuan, Li and Hu, Wenbo and Li, Xiaoyu and Huang, Zhipeng and Gao, Xiangjun and Wong, Tien-Tsin and Shan, Ying and Tian, Yonghong},
  journal={arXiv preprint arXiv:2409.02048},
  year={2024}
}

@inproceedings{zhang2024cameras,
  title={Cameras as rays: Pose estimation via ray diffusion},
  author={Zhang, Jason Y and Lin, Amy and Kumar, Moneish and Yang, Tzu-Hsuan and Ramanan, Deva and Tulsiani, Shubham},
  booktitle={ICLR},
  year={2024}
}

