@String(PAMI = {IEEE Trans. Pattern Anal. Mach. Intell.})
@String(IJCV = {Int. J. Comput. Vis.})
@String(CVPR= {IEEE Conf. Comput. Vis. Pattern Recog.})
@String(ICCV= {Int. Conf. Comput. Vis.})
@String(ECCV= {Eur. Conf. Comput. Vis.})
@String(NIPS= {Adv. Neural Inform. Process. Syst.})
@String(ICPR = {Int. Conf. Pattern Recog.})
@String(BMVC= {Brit. Mach. Vis. Conf.})
@String(TOG= {ACM Trans. Graph.})
@String(TIP  = {IEEE Trans. Image Process.})
@String(TVCG  = {IEEE Trans. Vis. Comput. Graph.})
@String(TMM  = {IEEE Trans. Multimedia})
@String(ACMMM= {ACM Int. Conf. Multimedia})
@String(ICME = {Int. Conf. Multimedia and Expo})
@String(ICASSP=	{ICASSP})
@String(ICIP = {IEEE Int. Conf. Image Process.})
@String(ACCV  = {ACCV})
@String(ICLR = {Int. Conf. Learn. Represent.})
@String(IJCAI = {IJCAI})
@String(PR   = {Pattern Recognition})
@String(AAAI = {AAAI})
@String(CVPRW= {IEEE Conf. Comput. Vis. Pattern Recog. Worksh.})
@String(CSVT = {IEEE Trans. Circuit Syst. Video Technol.})

@String(SPL	= {IEEE Sign. Process. Letters})
@String(VR   = {Vis. Res.})
@String(JOV	 = {J. Vis.})
@String(TVC  = {The Vis. Comput.})
@String(JCST  = {J. Comput. Sci. Tech.})
@String(CGF  = {Comput. Graph. Forum})
@String(CVM = {Computational Visual Media})


@String(PAMI  = {IEEE TPAMI})
@String(IJCV  = {IJCV})
@String(CVPR  = {CVPR})
@String(ICCV  = {ICCV})
@String(ECCV  = {ECCV})
@String(NIPS  = {NeurIPS})
@String(ICPR  = {ICPR})
@String(BMVC  =	{BMVC})
@String(TOG   = {ACM TOG})
@String(TIP   = {IEEE TIP})
@String(TVCG  = {IEEE TVCG})
@String(TCSVT = {IEEE TCSVT})
@String(TMM   =	{IEEE TMM})
@String(ACMMM = {ACM MM})
@String(ICME  =	{ICME})
@String(ICASSP=	{ICASSP})
@String(ICIP  = {ICIP})
@String(ACCV  = {ACCV})
@String(ICLR  = {ICLR})
@String(IJCAI = {IJCAI})
@String(PR = {PR})
@String(AAAI = {AAAI})
@String(CVPRW= {CVPRW})
@String(CSVT = {IEEE TCSVT})



@article{he2024cameractrl,
  title={{CameraCtrl}: Enabling camera control for text-to-video generation},
  author={He, Hao and Xu, Yinghao and Guo, Yuwei and Wetzstein, Gordon and Dai, Bo and Li, Hongsheng and Yang, Ceyuan},
  journal={arXiv preprint arXiv:2404.02101},
  year={2024}
}

@inproceedings{gao2024cat3d,
  title={{CAT3D}: Create anything in {3D} with multi-view diffusion models},
  author={Gao, Ruiqi and Holynski, Aleksander and Henzler, Philipp and Brussee, Arthur and Martin-Brualla, Ricardo and Srinivasan, Pratul and Barron, Jonathan T and Poole, Ben},
  booktitle={NeurIPS},
  year={2024}
}

@inproceedings{weber2024nerfiller,
  title={Nerfiller: Completing scenes via generative {3D} inpainting},
  author={Weber, Ethan and Holynski, Aleksander and Jampani, Varun and Saxena, Saurabh and Snavely, Noah and Kar, Abhishek and Kanazawa, Angjoo},
  booktitle={CVPR},
  pages={20731--20741},
  year={2024}
}

@inproceedings{wang2024dust3r,
  title={{DUSt3R}: Geometric {3D} vision made easy},
  author={Wang, Shuzhe and Leroy, Vincent and Cabon, Yohann and Chidlovskii, Boris and Revaud, Jerome},
  booktitle={CVPR},
  pages={20697--20709},
  year={2024}
}

@inproceedings{zhang2024cameras,
  title={Cameras as rays: Pose estimation via ray diffusion},
  author={Zhang, Jason Y and Lin, Amy and Kumar, Moneish and Yang, Tzu-Hsuan and Ramanan, Deva and Tulsiani, Shubham},
  booktitle={ICLR},
  year={2024}
}

@inproceedings{warburg2023nerfbusters,
  title={Nerfbusters: Removing ghostly artifacts from casually captured {NeRFs}},
  author={Warburg, Frederik and Weber, Ethan and Tancik, Matthew and Holynski, Aleksander and Kanazawa, Angjoo},
  booktitle={ICCV},
  pages={18120--18130},
  year={2023}
}

@inproceedings{tancik2023nerfstudio,
  title={Nerfstudio: A modular framework for neural radiance field development},
  author={Matthew Tancik and Ethan Weber and Evonne Ng and Ruilong Li and Brent Yi and Terrance Wang and Alexander Kristoffersen and Jake Austin and Kamyar Salahi and Abhik Ahuja and David Mcallister and Justin Kerr and Angjoo Kanazawa},
  booktitle={SIGGRAPH},
  year={2023}
}

@inproceedings{kirillov2023segment,
  title={Segment anything},
  author={Kirillov, Alexander and Mintun, Eric and Ravi, Nikhila and Mao, Hanzi and Rolland, Chloe and Gustafson, Laura and Xiao, Tete and Whitehead, Spencer and Berg, Alexander C and Lo, Wan-Yen and others},
  booktitle={Proceedings of the IEEE/CVF International Conference on Computer Vision},
  pages={4015--4026},
  year={2023}
}

@inproceedings{haque2023instruct,
  title={{Instruct-NeRF2NeRF}: Editing {3D} scenes with instructions},
  author={Haque, Ayaan and Tancik, Matthew and Efros, Alexei A and Holynski, Aleksander and Kanazawa, Angjoo},
  booktitle={ICCV},
  pages={19740--19750},
  year={2023}
}

@inproceedings{esser2024scaling,
  title={Scaling rectified flow transformers for high-resolution image synthesis},
  author={Esser, Patrick and Kulal, Sumith and Blattmann, Andreas and Entezari, Rahim and M{\"u}ller, Jonas and Saini, Harry and Levi, Yam and Lorenz, Dominik and Sauer, Axel and Boesel, Frederic and Dustin Podell and Tim Dockhorn and Zion English and Robin Rombach},
  booktitle={ICML},
  year={2024}
}

@article{sabour2024spotlesssplats,
  title={{SpotlessSplats}: Ignoring Distractors in {3D Gaussian} Splatting},
  author={Sabour, Sara and Goli, Lily and Kopanas, George and Matthews, Mark and Lagun, Dmitry and Guibas, Leonidas and Jacobson, Alec and Fleet, David J and Tagliasacchi, Andrea},
  journal={arXiv preprint arXiv:2406.20055},
  year={2024}
}

@inproceedings{goli2024bayes,
  title={Bayes' Rays: Uncertainty Quantification for Neural Radiance Fields},
  author={Goli, Lily and Reading, Cody and Sell{\'a}n, Silvia and Jacobson, Alec and Tagliasacchi, Andrea},
  booktitle={CVPR},
  pages={20061--20070},
  year={2024}
}

@inproceedings{niemeyer2022regnerf,
  title={{RegNeRF}: Regularizing neural radiance fields for view synthesis from sparse inputs},
  author={Niemeyer, Michael and Barron, Jonathan T and Mildenhall, Ben and Sajjadi, Mehdi SM and Geiger, Andreas and Radwan, Noha},
  booktitle={CVPR},
  pages={5480--5490},
  year={2022}
}

@article{turkulainen2024dn,
  title={{DN-Splatter}: Depth and Normal Priors for {Gaussian} Splatting and Meshing},
  author={Turkulainen, Matias and Ren, Xuqian and Melekhov, Iaroslav and Seiskari, Otto and Rahtu, Esa and Kannala, Juho},
  journal={arXiv preprint arXiv:2403.17822},
  year={2024}
}

@inproceedings{wu2024reconfusion,
  title={{ReconFusion}: {3D} reconstruction with diffusion priors},
  author={Rundi Wu and Ben Mildenhall and Philipp Henzler and Keunhong Park and Ruiqi Gao and Daniel Watson and Pratul P. Srinivasan and Dor Verbin and Jonathan T. Barron and Ben Poole and Aleksander Holynski},
  booktitle={CVPR},
  pages={21551--21561},
  year={2024}
}

@inproceedings{ling2024dl3dv,
  title={{DL3DV-10K}: A large-scale scene dataset for deep learning-based {3D} vision},
  author={Ling, Lu and Sheng, Yichen and Tu, Zhi and Zhao, Wentian and Xin, Cheng and Wan, Kun and Yu, Lantao and Guo, Qianyu and Yu, Zixun and Lu, Yawen and others},
  booktitle={CVPR},
  pages={22160--22169},
  year={2024}
}

@inproceedings{yeshwanth2023scannet++,
  title={{ScanNet}++: A high-fidelity dataset of {3D} indoor scenes},
  author={Yeshwanth, Chandan and Liu, Yueh-Cheng and Nie{\ss}ner, Matthias and Dai, Angela},
  booktitle={ICCV},
  pages={12--22},
  year={2023}
}

@article{jin2024lvsm,
  title={{LVSM}: A Large View Synthesis Model with Minimal {3D} Inductive Bias},
  author={Jin, Haian and Jiang, Hanwen and Tan, Hao and Zhang, Kai and Bi, Sai and Zhang, Tianyuan and Luan, Fujun and Snavely, Noah and Xu, Zexiang},
  journal={arXiv preprint arXiv:2410.17242},
  year={2024}
}

@inproceedings{rombach2022high,
  title={High-resolution image synthesis with latent diffusion models},
  author={Rombach, Robin and Blattmann, Andreas and Lorenz, Dominik and Esser, Patrick and Ommer, Bj{\"o}rn},
  booktitle={CVPR},
  pages={10684--10695},
  year={2022}
}

@article{ye2024gsplat,
  title={gsplat: An open-source library for {Gaussian} splatting},
  author={Vickie Ye and Ruilong Li and Justin Kerr and Matias Turkulainen and Brent Yi and Zhuoyang Pan and Otto Seiskari and Jianbo Ye and Jeffrey Hu and Matthew Tancik and Angjoo Kanazawa},
  journal={arXiv preprint arXiv:2409.06765},
  year={2024}
}

@article{kerbl20233d,
  title={{3D Gaussian} Splatting for Real-Time Radiance Field Rendering.},
  author={Kerbl, Bernhard and Kopanas, Georgios and Leimk{\"u}hler, Thomas and Drettakis, George},
  journal={ACM Trans. Graph.},
  volume={42},
  number={4},
  pages={139--1},
  year={2023}
}

@article{mildenhall2021nerf,
  title={{NeRF}: Representing scenes as neural radiance fields for view synthesis},
  author={Mildenhall, Ben and Srinivasan, Pratul P and Tancik, Matthew and Barron, Jonathan T and Ramamoorthi, Ravi and Ng, Ren},
  journal={Communications of the ACM},
  volume={65},
  number={1},
  pages={99--106},
  year={2021},
  publisher={ACM New York, NY, USA}
}

@inproceedings{liu2023zero,
  title={Zero-1-to-3: Zero-shot one image to {3D} object},
  author={Liu, Ruoshi and Wu, Rundi and Van Hoorick, Basile and Tokmakov, Pavel and Zakharov, Sergey and Vondrick, Carl},
  booktitle={ICCV},
  pages={9298--9309},
  year={2023}
}

@inproceedings{wang2024motionctrl,
  title={{MotionCtrl}: A unified and flexible motion controller for video generation},
  author={Wang, Zhouxia and Yuan, Ziyang and Wang, Xintao and Li, Yaowei and Chen, Tianshui and Xia, Menghan and Luo, Ping and Shan, Ying},
  booktitle={SIGGRAPH},
  year={2024}
}

@article{sargent2023zeronvs,
  title={{ZeroNVS}: Zero-shot 360-degree view synthesis from a single real image},
  author={Sargent, Kyle and Li, Zizhang and Shah, Tanmay and Herrmann, Charles and Yu, Hong-Xing and Zhang, Yunzhi and Chan, Eric Ryan and Lagun, Dmitry and Fei-Fei, Li and Sun, Deqing and others},
  journal={arXiv preprint arXiv:2310.17994},
  year={2023}
}

@inproceedings{seo2024genwarp,
  title={{GenWarp}: Single Image to Novel Views with Semantic-Preserving Generative Warping},
  author={Seo, Junyoung and Fukuda, Kazumi and Shibuya, Takashi and Narihira, Takuya and Murata, Naoki and Hu, Shoukang and Lai, Chieh-Hsin and Kim, Seungryong and Mitsufuji, Yuki},
  booktitle={NeurIPS},
  year={2024}
}

@inproceedings{mirzaei2023spin,
  title={{SPIn-NeRF}: Multiview segmentation and perceptual inpainting with neural radiance fields},
  author={Mirzaei, Ashkan and Aumentado-Armstrong, Tristan and Derpanis, Konstantinos G and Kelly, Jonathan and Brubaker, Marcus A and Gilitschenski, Igor and Levinshtein, Alex},
  booktitle={CVPR},
  pages={20669--20679},
  year={2023}
}

@article{cao2024mvinpainter,
  title={MVInpainter: Learning Multi-View Consistent Inpainting to Bridge 2D and 3D Editing},
  author={Cao, Chenjie and Yu, Chaohui and Fu, Yanwei and Wang, Fan and Xue, Xiangyang},
  journal={arXiv preprint arXiv:2408.08000},
  year={2024}
}

@article{van2024generative,
  title={Generative Camera Dolly: Extreme Monocular Dynamic Novel View Synthesis},
  author={Van Hoorick, Basile and Wu, Rundi and Ozguroglu, Ege and Sargent, Kyle and Liu, Ruoshi and Tokmakov, Pavel and Dave, Achal and Zheng, Changxi and Vondrick, Carl},
  journal={arXiv preprint arXiv:2405.14868},
  year={2024}
}

@article{yu2024viewcrafter,
  title={{ViewCrafter}: Taming video diffusion models for high-fidelity novel view synthesis},
  author={Yu, Wangbo and Xing, Jinbo and Yuan, Li and Hu, Wenbo and Li, Xiaoyu and Huang, Zhipeng and Gao, Xiangjun and Wong, Tien-Tsin and Shan, Ying and Tian, Yonghong},
  journal={arXiv preprint arXiv:2409.02048},
  year={2024}
}

@article{liu2024reconx,
  title={{ReconX}: Reconstruct Any Scene from Sparse Views with Video Diffusion Model},
  author={Liu, Fangfu and Sun, Wenqiang and Wang, Hanyang and Wang, Yikai and Sun, Haowen and Ye, Junliang and Zhang, Jun and Duan, Yueqi},
  journal={arXiv preprint arXiv:2408.16767},
  year={2024}
}

@inproceedings{xu2024grm,
  title={{GRM}: Large {Gaussian} reconstruction model for efficient {3D} reconstruction and generation},
  author={Xu, Yinghao and Shi, Zifan and Yifan, Wang and Chen, Hansheng and Yang, Ceyuan and Peng, Sida and Shen, Yujun and Wetzstein, Gordon},
  booktitle={ECCV},
  year={2024}
}

@inproceedings{leroy2024grounding,
  title={Grounding Image Matching in {3D} with {MASt3R}},
  author={Leroy, Vincent and Cabon, Yohann and Revaud, J{\'e}r{\^o}me},
  booktitle={ECCV},
  year={2024}
}

@inproceedings{schonberger2016structure,
  title={Structure-from-motion revisited},
  author={Schönberger, Johannes L and Frahm, Jan-Michael},
  booktitle={CVPR},
  pages={4104--4113},
  year={2016}
}

@inproceedings{peebles2023scalable,
  title={Scalable diffusion models with transformers},
  author={Peebles, William and Xie, Saining},
  booktitle={ICCV},
  pages={4195--4205},
  year={2023}
}

@inproceedings{lipman2022flow,
  title={Flow matching for generative modeling},
  author={Lipman, Yaron and Chen, Ricky TQ and Ben-Hamu, Heli and Nickel, Maximilian and Le, Matt},
  booktitle={ICLR},
  year={2022}
}

@inproceedings{vaswani2017attention,
  title={Attention is all you need},
  author={Ashish Vaswani and Noam Shazeer and Niki Parmar and Jakob Uszkoreit and Llion Jones and Aidan N. Gomez and Lukasz Kaiser and Illia Polosukhin},
  booktitle={NeurIPS},
  year={2017}
}

@article{ho2022classifier,
  title={Classifier-free diffusion guidance},
  author={Ho, Jonathan and Salimans, Tim},
  journal={arXiv preprint arXiv:2207.12598},
  year={2022}
}

@inproceedings{verbin2024nerf,
  title={{NeRF-Casting}: Improved View-Dependent Appearance with Consistent Reflections},
  author={Verbin, Dor and Srinivasan, Pratul P and Hedman, Peter and Mildenhall, Ben and Attal, Benjamin and Szeliski, Richard and Barron, Jonathan T},
  booktitle={SIGGRAPH Asia},
  year={2024}
}

@misc{polycam,
  author={Polycam},
  title={{LiDAR \& 3D} Scanner for {iPhone \& Android}},
  year={2024},
  url={https://poly.cam},
}

@misc{Flythroughs,
  author={Luma AI, Inc.},
  title={Luma Flythroughs},
  year={2024},
  url={https://lumalabs.ai/flythroughs},
}

@article{kingma2013auto,
  title={Auto-encoding variational {Bayes}},
  author={Kingma, Diederik P},
  journal={arXiv preprint arXiv:1312.6114},
  year={2013}
}

@inproceedings{bar2023multidiffusion,
  title={{MultiDiffusion}: Fusing diffusion paths for controlled image generation},
  author={Bar-Tal, Omer and Yariv, Lior and Lipman, Yaron and Dekel, Tali},
  year={2023},
  booktitle={ICML}
}

@article{hartley1997defense,
  title={In defense of the eight-point algorithm},
  author={Hartley, Richard I},
  journal={IEEE Transactions on pattern analysis and machine intelligence},
  volume={19},
  number={6},
  pages={580--593},
  year={1997},
  publisher={IEEE}
}

@inproceedings{sun2021loftr,
  title={{LoFTR}: Detector-free local feature matching with transformers},
  author={Sun, Jiaming and Shen, Zehong and Wang, Yuang and Bao, Hujun and Zhou, Xiaowei},
  booktitle={CVPR},
  pages={8922--8931},
  year={2021}
}

@inproceedings{goodfellow2014generative,
  title={Generative adversarial nets},
  author={Goodfellow, Ian and Pouget-Abadie, Jean and Mirza, Mehdi and Xu, Bing and Warde-Farley, David and Ozair, Sherjil and Courville, Aaron and Bengio, Yoshua},
  booktitle={NeurIPS},
  volume={27},
  year={2014}
}

@article{blattmann2023stable,
  title={Stable video diffusion: Scaling latent video diffusion models to large datasets},
  author={Andreas Blattmann and Tim Dockhorn and Sumith Kulal and Daniel Mendelevitch and Maciej Kilian and Dominik Lorenz and Yam Levi and Zion English and Vikram Voleti and Adam Letts and Varun Jampani and Robin Rombach},
  journal={arXiv preprint arXiv:2311.15127},
  year={2023}
}

@inproceedings{fridovich2022plenoxels,
  title={Plenoxels: Radiance fields without neural networks},
  author={Fridovich-Keil, Sara and Yu, Alex and Tancik, Matthew and Chen, Qinhong and Recht, Benjamin and Kanazawa, Angjoo},
  booktitle={CVPR},
  pages={5501--5510},
  year={2022}
}

@article{ziwen2024long,
  title={{Long-LRM}: Long-sequence large reconstruction model for wide-coverage {Gaussian} splats},
  author={Ziwen, Chen and Tan, Hao and Zhang, Kai and Bi, Sai and Luan, Fujun and Hong, Yicong and Fuxin, Li and Xu, Zexiang},
  journal={arXiv preprint arXiv:2410.12781},
  year={2024}
}

@inproceedings{poole2022dreamfusion,
  title={Dreamfusion: Text-to-{3D} using {2D} diffusion},
  author={Poole, Ben and Jain, Ajay and Barron, Jonathan T and Mildenhall, Ben},
  booktitle={ICLR},
  year={2023}
}

@inproceedings{fridman2024scenescape,
  title={Scenescape: Text-driven consistent scene generation},
  author={Fridman, Rafail and Abecasis, Amit and Kasten, Yoni and Dekel, Tali},
  booktitle={NeurIPS},
  year={2024}
}

@inproceedings{yu2023long,
  title={Long-term photometric consistent novel view synthesis with diffusion models},
  author={Yu, Jason J and Forghani, Fereshteh and Derpanis, Konstantinos G and Brubaker, Marcus A},
  booktitle={ICCV},
  pages={7094--7104},
  year={2023}
}

@inproceedings{muller2024multidiff,
  title={{MultiDiff}: Consistent Novel View Synthesis from a Single Image},
  author={M{\"u}ller, Norman and Schwarz, Katja and R{\"o}ssle, Barbara and Porzi, Lorenzo and Bul{\`o}, Samuel Rota and Nie{\ss}ner, Matthias and Kontschieder, Peter},
  booktitle={CVPR},
  pages={10258--10268},
  year={2024}
}

@inproceedings{tewari2023diffusion,
  title={Diffusion with forward models: Solving stochastic inverse problems without direct supervision},
  author={Tewari, Ayush and Yin, Tianwei and Cazenavette, George and Rezchikov, Semon and Tenenbaum, Josh and Durand, Fr{\'e}do and Freeman, Bill and Sitzmann, Vincent},
  booktitle={NeurIPS},
  volume={36},
  pages={12349--12362},
  year={2023}
}

@inproceedings{MVDiffusion,
  title={{MVDiffusion}: Enabling Holistic Multi-view Image Generation with Correspondence-Aware Diffusion}, 
  author={Shitao Tang and Fuyang Zhang and Jiacheng Chen and Peng Wang and Yasutaka Furukawa},
  booktitle={NeurIPS},
  year={2023}
}

@inproceedings{deitke2022objaverse,
  title={Objaverse: A universe of annotated {3D} objects},
  author={Deitke, Matt and Schwenk, Dustin and Salvador, Jordi and Weihs, Luca and Michel, Oscar and VanderBilt, Eli and Schmidt, Ludwig and Ehsani, Kiana and Kembhavi, Aniruddha and Farhadi, Ali},
  booktitle={CVPR},
  pages={13142--13153},
  year={2022}
}

@inproceedings{deitke2023n,
  title={{Objaverse-XL}: A universe of {10M+ 3D} objects},
  author={Deitke, Matt and others},
  booktitle={NeurIPS},
  year={2024}
}

@inproceedings{radford2021learning,
  title={Learning transferable visual models from natural language supervision},
  author={Radford, Alec and Kim, Jong Wook and Hallacy, Chris and Ramesh, Aditya and Goh, Gabriel and Agarwal, Sandhini and Sastry, Girish and Askell, Amanda and Mishkin, Pamela and Clark, Jack and others},
  booktitle={ICML},
  pages={8748--8763},
  year={2021}
}

@inproceedings{yu2023mvimgnet,
    title     = {{MVImgNet}: A Large-scale Dataset of Multi-view Images},
    author    = {Yu, Xianggang and Xu, Mutian and Zhang, Yidan and Liu, Haolin and Ye, Chongjie and Wu, Yushuang and Yan, Zizheng and Liang, Tianyou and Chen, Guanying and Cui, Shuguang and Han, Xiaoguang},
    booktitle = {CVPR},
    year      = {2023}
}

@inproceedings{kerr2023lerf,
  title={{LERF}: Language embedded radiance fields},
  author={Kerr, Justin and Kim, Chung Min and Goldberg, Ken and Kanazawa, Angjoo and Tancik, Matthew},
  booktitle={CVPR},
  pages={19729--19739},
  year={2023}
}

@inproceedings{riba2020kornia,
  title={Kornia: an open source differentiable computer vision library for {PyTorch}},
  author={Riba, Edgar and Mishkin, Dmytro and Ponsa, Daniel and Rublee, Ethan and Bradski, Gary},
  booktitle={WACV},
  pages={3674--3683},
  year={2020}
}