@article{mnih2015human,
  title={Human-level control through deep reinforcement learning},
  author={Mnih, Volodymyr and Kavukcuoglu, Koray and Silver, David and Rusu, Andrei A and Veness, Joel and Bellemare, Marc G and Graves, Alex and Riedmiller, Martin and Fidjeland, Andreas K and Ostrovski, Georg and others},
  journal={nature},
  volume={518},
  pages={529--533},
  year={2015},
  publisher={Nature Publishing Group UK London}
}
@article{andrychowicz2020learning,
  title={Learning dexterous in-hand manipulation},
  author={Andrychowicz, OpenAI: Marcin and Baker, Bowen and Chociej, Maciek and Jozefowicz, Rafal and McGrew, Bob and Pachocki, Jakub and Petron, Arthur and Plappert, Matthias and Powell, Glenn and Ray, Alex and others},
  journal={The International Journal of Robotics Research},
  volume={39},
  pages={3--20},
  year={2020},
  publisher={SAGE Publications Sage UK: London, England}
}

@article{duan2016rl,
  title={RL$^2$: Fast reinforcement learning via slow reinforcement learning},
  author={Duan, Yan and Schulman, John and Chen, Xi and Bartlett, Peter L and Sutskever, Ilya and Abbeel, Pieter},
  journal={arXiv preprint arXiv:1611.02779},
  year={2016}
}
@inproceedings{finn2017model,
  title={Model-agnostic meta-learning for fast adaptation of deep networks},
  author={Finn, Chelsea and Abbeel, Pieter and Levine, Sergey},
  booktitle={International conference on machine learning},
  pages={1126--1135},
  year={2017},
  organization={PMLR}
}

@inproceedings{rakelly2019efficient,
  title={Efficient off-policy meta-reinforcement learning via probabilistic context variables},
  author={Rakelly, Kate and Zhou, Aurick and Finn, Chelsea and Levine, Sergey and Quillen, Deirdre},
  booktitle={International conference on machine learning},
  pages={5331--5340},
  year={2019},
  organization={PMLR}
}

@inproceedings{haarnoja2018soft,
  title={Soft actor-critic: Off-policy maximum entropy deep reinforcement learning with a stochastic actor},
  author={Haarnoja, Tuomas and Zhou, Aurick and Abbeel, Pieter and Levine, Sergey},
  booktitle={International conference on machine learning},
  pages={1861--1870},
  year={2018},
  organization={PMLR}
}

@inproceedings{
  zintgraf2019varibad,
  title={VariBAD: A Very Good Method for Bayes-Adaptive Deep RL via Meta-Learning},
  author={Zintgraf, Luisa and Shiarlis, Kyriacos and Igl, Maximilian and Schulze, Sebastian and Gal, Yarin and Hofmann, Katja and Whiteson, Shimon},
  booktitle={International Conference on Learning Representations},
  year={2019}
}

@inproceedings{pertsch2021accelerating,
  title={Accelerating reinforcement learning with learned skill priors},
  author={Pertsch, Karl and Lee, Youngwoon and Lim, Joseph},
  booktitle={Conference on robot learning},
  pages={188--204},
  year={2021},
  organization={PMLR}
}
@inproceedings{pertsch2022guided,
  title={Guided Reinforcement Learning with Learned Skills},
  author={Pertsch, Karl and Lee, Youngwoon and Wu, Yue and Lim, Joseph J},
  booktitle={Conference on Robot Learning},
  pages={729--739},
  year={2022},
  organization={PMLR}
}
@inproceedings{shi2023skill,
  title={Skill-based Model-based Reinforcement Learning},
  author={Shi, Lucy Xiaoyang and Lim, Joseph J and Lee, Youngwoon},
  booktitle={Conference on Robot Learning},
  pages={2262--2272},
  year={2023},
  organization={PMLR}
}

@inproceedings{nam2022simpl,
  title={Skill-based Meta-Reinforcement Learning},
  author={Taewook Nam and Shao-Hua Sun and Karl Pertsch and Sung Ju Hwang and Joseph J. Lim},
  booktitle={International Conference on Learning Representations (ICLR)},
  year={2022},
}

@inproceedings{brys2015reinforcement,
  title={Reinforcement learning from demonstration through shaping},
  author={Brys, Tim and Harutyunyan, Anna and Suay, Halit Bener and Chernova, Sonia and Taylor, Matthew E and Now{\'e}, Ann},
  booktitle={Twenty-fourth international joint conference on artificial intelligence},
  year={2015}
}
@inproceedings{chae2022robust,
  title={Robust imitation learning against variations in environment dynamics},
  author={Chae, Jongseong and Han, Seungyul and Jung, Whiyoung and Cho, Myungsik and Choi, Sungho and Sung, Youngchul},
  booktitle={International Conference on Machine Learning},
  pages={2828--2852},
  year={2022},
  organization={PMLR}
}
@article{yu2024usn,
  title={USN: A Robust Imitation Learning Method against Diverse Action Noise},
  author={Yu, Xingrui and Han, Bo and Tsang, Ivor W},
  journal={Journal of Artificial Intelligence Research},
  volume={79},
  pages={1237--1280},
  year={2024}
}

@inproceedings{
  sasaki2020behavioral,
  title={Behavioral cloning from noisy demonstrations},
  author={Sasaki, Fumihiro and Yamashina, Ryota},
  booktitle={International Conference on Learning Representations},
  year={2020},
}
@inproceedings{mandlekar2022matters,
  title={What Matters in Learning from Offline Human Demonstrations for Robot Manipulation},
  author={Mandlekar, Ajay and Xu, Danfei and Wong, Josiah and Nasiriany, Soroush and Wang, Chen and Kulkarni, Rohun and Fei-Fei, Li and Savarese, Silvio and Zhu, Yuke and Mart{\'\i}n-Mart{\'\i}n, Roberto},
  booktitle={Conference on Robot Learning},
  pages={1678--1690},
  year={2022},
  organization={PMLR}
}

@inproceedings{
  xin2020self,
  title={Self-supervised reinforcement learning for recommender systems},
  author={Xin, Xin and Karatzoglou, Alexandros and Arapakis, Ioannis and Jose, Joemon M},
  booktitle={Proceedings of the 43rd International ACM SIGIR conference on research and development in Information Retrieval},
  pages={931--940},
  year={2020}
}
@inproceedings{
  kim2024symmetric,
  title={Symmetric Replay Training: Enhancing Sample Efficiency in Deep Reinforcement Learning for Combinatorial Optimization},
  author={Kim, Hyeonah and Kim, Minsu and Ahn, Sungsoo and Park, Jinkyoo},
  booktitle={Forty-first International Conference on Machine Learning},
  year={2024},
}

@inproceedings{
  burda2018exploration,
  title={Exploration by random network distillation},
  author={Burda, Yuri and Edwards, Harrison and Storkey, Amos and Klimov, Oleg},
  booktitle={International Conference on Learning Representations},
  year={2018},
}
@article{
  ermolov2020latent,
  title={Latent world models for intrinsically motivated exploration},
  author={Ermolov, Aleksandr and Sebe, Nicu},
  journal={Advances in Neural Information Processing Systems},
  volume={33},
  pages={5565--5575},
  year={2020}
}

1. related works: Skill-based RL
@article{gregor2016variational,
  title={Variational intrinsic control},
  author={Gregor, Karol and Rezende, Danilo Jimenez and Wierstra, Daan},
  journal={arXiv preprint arXiv:1611.07507},
  year={2016}
}
@inproceedings{eysenbachdiversity,
  title={Diversity is All You Need: Learning Skills without a Reward Function},
  author={Eysenbach, Benjamin and Gupta, Abhishek and Ibarz, Julian and Levine, Sergey},
  booktitle={International Conference on Learning Representations},
  year={2018}
}
@article{achiam2018variational,
  title={Variational option discovery algorithms},
  author={Achiam, Joshua and Edwards, Harrison and Amodei, Dario and Abbeel, Pieter},
  journal={arXiv preprint arXiv:1807.10299},
  year={2018}
}
@inproceedings{sharmadynamics,
  title={Dynamics-Aware Unsupervised Discovery of Skills},
  author={Sharma, Archit and Gu, Shixiang and Levine, Sergey and Kumar, Vikash and Hausman, Karol},
  booktitle={International Conference on Learning Representations},
  year={2019}
}
@inproceedings{park2022lipschitz,
  title={Lipschitz-constrained unsupervised skill discovery},
  author={Park, Seohong and Choi, Jongwook and Kim, Jaekyeom and Lee, Honglak and Kim, Gunhee},
  booktitle={International Conference on Learning Representations},
  year={2022}
}
@inproceedings{park2023controllability,
  title={Controllability-Aware Unsupervised Skill Discovery},
  author={Park, Seohong and Lee, Kimin and Lee, Youngwoon and Abbeel, Pieter},
  booktitle={International Conference on Machine Learning},
  pages={27225--27245},
  year={2023},
  organization={PMLR}
}
@inproceedings{strouselearning,
  title={Learning more skills through optimistic exploration},
  author={Strouse, DJ and Baumli, Kate and Warde-Farley, David and Mnih, Volodymyr and Hansen, Steven Stenberg},
  booktitle={International Conference on Learning Representations},
  year={2022}
}
@inproceedings{hudisentangled,
  title={Disentangled Unsupervised Skill Discovery for Efficient Hierarchical Reinforcement Learning},
  author={Hu, Jiaheng and Wang, Zizhao and Stone, Peter and Mart{\'\i}n-Mart{\'\i}n, Roberto},
  booktitle={The Thirty-eighth Annual Conference on Neural Information Processing Systems},
  year={2024}
}
@article{xu2022aspire,
  title={ASPire: Adaptive skill priors for reinforcement learning},
  author={Xu, Mengda and Veloso, Manuela and Song, Shuran},
  journal={Advances in Neural Information Processing Systems},
  volume={35},
  pages={38600--38613},
  year={2022}
}
@inproceedings{chien2023variational,
  title={Variational skill embeddings for meta reinforcement learning},
  author={Chien, Jen-Tzung and Lai, Weiwei},
  booktitle={2023 International Joint Conference on Neural Networks (IJCNN)},
  pages={1--8},
  year={2023},
  organization={IEEE}
}
@article{cho2024hierarchical,
  title={Hierarchical Meta-Reinforcement Learning via Automated Macro-Action Discovery},
  author={Cho, Minjae and Sun, Chuangchuang},
  journal={arXiv preprint arXiv:2412.11930},
  year={2024}
}
@inproceedings{he2024decoupling,
  title={Decoupling Meta-Reinforcement Learning with Gaussian Task Contexts and Skills},
  author={He, Hongcai and Zhu, Anjie and Liang, Shuang and Chen, Feiyu and Shao, Jie},
  booktitle={Proceedings of the AAAI Conference on Artificial Intelligence},
  volume={38},
  pages={12358--12366},
  year={2024}
}
@article{yoo2022skills,
  title={Skills regularized task decomposition for multi-task offline reinforcement learning},
  author={Yoo, Minjong and Cho, Sangwoo and Woo, Honguk},
  journal={Advances in Neural Information Processing Systems},
  volume={35},
  pages={37432--37444},
  year={2022}
}
@article{jabri2019unsupervised,
  title={Unsupervised curricula for visual meta-reinforcement learning},
  author={Jabri, Allan and Hsu, Kyle and Gupta, Abhishek and Eysenbach, Ben and Levine, Sergey and Finn, Chelsea},
  journal={Advances in Neural Information Processing Systems},
  volume={32},
  year={2019}
}
@article{gupta2018unsupervised,
  title={Unsupervised meta-learning for reinforcement learning},
  author={Gupta, Abhishek and Eysenbach, Benjamin and Finn, Chelsea and Levine, Sergey},
  journal={arXiv preprint arXiv:1806.04640},
  year={2018}
}
@inproceedings{shin2024semtra,
  title={SemTra: A Semantic Skill Translator for Cross-Domain Zero-Shot Policy Adaptation},
  author={Shin, Sangwoo and Yoo, Minjong and Lee, Jeongwoo and Woo, Honguk},
  booktitle={Proceedings of the AAAI Conference on Artificial Intelligence},
  volume={38},
  pages={15000--15008},
  year={2024}
}


2. related works: hierarchical
@inproceedings{levy2019learning,
  title={Learning multi-level hierarchies with hindsight},
  author={Levy, Andrew and Konidaris, George and Platt, Robert and Saenko, Kate},
  booktitle={Proceedings of International Conference on Learning Representations},
  year={2019}
}
@article{park2024hiql,
  title={Hiql: Offline goal-conditioned rl with latent states as actions},
  author={Park, Seohong and Ghosh, Dibya and Eysenbach, Benjamin and Levine, Sergey},
  journal={Advances in Neural Information Processing Systems},
  volume={36},
  year={2024}
}
@article{robert2024sample,
  title={Sample complexity of goal-conditioned hierarchical reinforcement learning},
  author={Robert, Arnaud and Pike-Burke, Ciara and Faisal, Aldo A},
  journal={Advances in Neural Information Processing Systems},
  volume={36},
  year={2024}
}
@article{gehring2021hierarchical,
  title={Hierarchical skills for efficient exploration},
  author={Gehring, Jonas and Synnaeve, Gabriel and Krause, Andreas and Usunier, Nicolas},
  journal={Advances in Neural Information Processing Systems},
  volume={34},
  pages={11553--11564},
  year={2021}
}
@article{li2019hierarchical,
  title={Hierarchical reinforcement learning with advantage-based auxiliary rewards},
  author={Li, Siyuan and Wang, Rui and Tang, Minxue and Zhang, Chongjie},
  journal={Advances in Neural Information Processing Systems},
  volume={32},
  year={2019}
}
@inproceedings{yin2024representation,
  title={Representation-Based Robustness in Goal-Conditioned Reinforcement Learning},
  author={Yin, Xiangyu and Wu, Sihao and Liu, Jiaxu and Fang, Meng and Zhao, Xingyu and Huang, Xiaowei and Ruan, Wenjie},
  booktitle={Proceedings of the AAAI Conference on Artificial Intelligence},
  volume={38},
  pages={21761--21769},
  year={2024}
}
@article{barreto2019option,
  title={The option keyboard: Combining skills in reinforcement learning},
  author={Barreto, Andr{\'e} and Borsa, Diana and Hou, Shaobo and Comanici, Gheorghe and Ayg{\"u}n, Eser and Hamel, Philippe and Toyama, Daniel and Mourad, Shibl and Silver, David and Precup, Doina and others},
  journal={Advances in Neural Information Processing Systems},
  volume={32},
  year={2019}
}
@inproceedings{frans2018meta,
  title={META LEARNING SHARED HIERARCHIES},
  author={Frans, Kevin and Ho, Jonathan and Chen, Xi and Abbeel, Pieter and Schulman, John},
  booktitle={International Conference on Learning Representations},
  year={2018}
}
@inproceedings{fu2020mghrl,
  title={MGHRL: Meta goal-generation for hierarchical reinforcement learning},
  author={Fu, Haotian and Tang, Hongyao and Hao, Jianye and Liu, Wulong and Chen, Chen},
  booktitle={Distributed Artificial Intelligence: Second International Conference, DAI 2020, Nanjing, China, October 24--27, 2020, Proceedings 2},
  pages={29--39},
  year={2020},
  organization={Springer}
}
@inproceedings{chua2023provable,
  title={Provable hierarchy-based meta-reinforcement learning},
  author={Chua, Kurtland and Lei, Qi and Lee, Jason},
  booktitle={International Conference on Artificial Intelligence and Statistics},
  pages={10918--10967},
  year={2023},
  organization={PMLR}
}
@article{shala2024hierarchical,
  title={Hierarchical Transformers are Efficient Meta-Reinforcement Learners},
  author={Shala, Gresa and Biedenkapp, Andr{\'e} and Grabocka, Josif},
  journal={arXiv preprint arXiv:2402.06402},
  year={2024}
}
@inproceedings{bacon2017option,
  title={The option-critic architecture},
  author={Bacon, Pierre-Luc and Harb, Jean and Precup, Doina},
  booktitle={Proceedings of the AAAI conference on artificial intelligence},
  volume={31},
  year={2017}
}
@article{riemer2018learning,
  title={Learning abstract options},
  author={Riemer, Matthew and Liu, Miao and Tesauro, Gerald},
  journal={Advances in neural information processing systems},
  volume={31},
  year={2018}
}
@inproceedings{araki2021logical,
  title={The logical options framework},
  author={Araki, Brandon and Li, Xiao and Vodrahalli, Kiran and DeCastro, Jonathan and Fry, Micah and Rus, Daniela},
  booktitle={International Conference on Machine Learning},
  pages={307--317},
  year={2021},
  organization={PMLR}
}
@inproceedings{fu2023meta,
  title={Meta-learning parameterized skills},
  author={Fu, Haotian and Yu, Shangqun and Tiwari, Saket and Littman, Michael and Konidaris, George},
  booktitle={Proceedings of the 40th International Conference on Machine Learning},
  pages={10461--10481},
  year={2023}
}


3. related works
@inproceedings{pong2022offline,
  title={Offline meta-reinforcement learning with online self-supervision},
  author={Pong, Vitchyr H and Nair, Ashvin V and Smith, Laura M and Huang, Catherine and Levine, Sergey},
  booktitle={International Conference on Machine Learning},
  pages={17811--17829},
  year={2022},
  organization={PMLR}
}
@inproceedings{yuan2022robust,
  title={Robust task representations for offline meta-reinforcement learning via contrastive learning},
  author={Yuan, Haoqi and Lu, Zongqing},
  booktitle={International Conference on Machine Learning},
  pages={25747--25759},
  year={2022},
  organization={PMLR}
}
@article{li2020multi,
  title={Multi-task batch reinforcement learning with metric learning},
  author={Li, Jiachen and Vuong, Quan and Liu, Shuang and Liu, Minghua and Ciosek, Kamil and Christensen, Henrik and Su, Hao},
  journal={Advances in neural information processing systems},
  volume={33},
  pages={6197--6210},
  year={2020}
}
@article{mendonca2020meta,
  title={Meta-reinforcement learning robust to distributional shift via model identification and experience relabeling},
  author={Mendonca, Russell and Geng, Xinyang and Finn, Chelsea and Levine, Sergey},
  journal={arXiv preprint arXiv:2006.07178},
  year={2020}
}
@inproceedings{zhou2024generalizable,
  title={Generalizable Task Representation Learning for Offline Meta-Reinforcement Learning with Data Limitations},
  author={Zhou, Renzhe and Gao, Chen-Xiao and Zhang, Zongzhang and Yu, Yang},
  booktitle={Proceedings of the AAAI Conference on Artificial Intelligence},
  volume={38},
  pages={17132--17140},
  year={2024}
}
@article{packer2021hindsight,
  title={Hindsight task relabelling: Experience replay for sparse reward meta-rl},
  author={Packer, Charles and Abbeel, Pieter and Gonzalez, Joseph E},
  journal={Advances in neural information processing systems},
  volume={34},
  pages={2466--2477},
  year={2021}
}
@inproceedings{wanhindsight,
  title={Hindsight Foresight Relabeling for Meta-Reinforcement Learning},
  author={Wan, Michael and Peng, Jian and Gangwani, Tanmay},
  booktitle={International Conference on Learning Representations},
  year={2021}
}
@article{jiang2023doubly,
  title={Doubly robust augmented transfer for meta-reinforcement learning},
  author={Jiang, Yuankun and Kan, Nuowen and Li, Chenglin and Dai, Wenrui and Zou, Junni and Xiong, Hongkai},
  journal={Advances in Neural Information Processing Systems},
  volume={36},
  pages={77002--77012},
  year={2023}
}


environments
@article{fu2020d4rl,
  title={D4rl: Datasets for deep data-driven reinforcement learning},
  author={Fu, Justin and Kumar, Aviral and Nachum, Ofir and Tucker, George and Levine, Sergey},
  journal={arXiv preprint arXiv:2004.07219},
  year={2020}
}
@inproceedings{gupta2020relay,
  title={Relay Policy Learning: Solving Long-Horizon Tasks via Imitation and Reinforcement Learning},
  author={Gupta, Abhishek and Kumar, Vikash and Lynch, Corey and Levine, Sergey and Hausman, Karol},
  booktitle={Conference on Robot Learning},
  pages={1025--1037},
  year={2020},
  organization={PMLR}
}

@article{graves2012long,
  title={Long short-term memory},
  author={Graves, Alex and Graves, Alex},
  journal={Supervised sequence labelling with recurrent neural networks},
  pages={37--45},
  year={2012},
  publisher={Springer}
}
@inproceedings{lee2019set,
  title={Set transformer: A framework for attention-based permutation-invariant neural networks},
  author={Lee, Juho and Lee, Yoonho and Kim, Jungtaek and Kosiorek, Adam and Choi, Seungjin and Teh, Yee Whye},
  booktitle={International conference on machine learning},
  pages={3744--3753},
  year={2019},
  organization={PMLR}
}

@inproceedings{han2021diversity,
  title={Diversity actor-critic: Sample-aware entropy regularization for sample-efficient exploration},
  author={Han, Seungyul and Sung, Youngchul},
  booktitle={International Conference on Machine Learning},
  pages={4018--4029},
  year={2021},
  organization={PMLR}
}
@inproceedings{chu2024meta,
  title={Meta-reinforcement learning via exploratory task clustering},
  author={Chu, Zhendong and Cai, Renqin and Wang, Hongning},
  booktitle={Proceedings of the AAAI Conference on Artificial Intelligence},
  volume={38},
  pages={11633--11641},
  year={2024}
}
@inproceedings{jo2024fox,
  title={FoX: Formation-aware exploration in multi-agent reinforcement learning},
  author={Jo, Yonghyeon and Lee, Sunwoo and Yeom, Junghyuk and Han, Seungyul},
  booktitle={Proceedings of the AAAI Conference on Artificial Intelligence},
  volume={38},
  pages={12985--12994},
  year={2024}
}