@article{achiam2018variational,
  title={Variational option discovery algorithms},
  author={Achiam, Joshua and Edwards, Harrison and Amodei, Dario and Abbeel, Pieter},
  journal={arXiv preprint arXiv:1807.10299},
  year={2018}
}

@inproceedings{araki2021logical,
  title={The logical options framework},
  author={Araki, Brandon and Li, Xiao and Vodrahalli, Kiran and DeCastro, Jonathan and Fry, Micah and Rus, Daniela},
  booktitle={International Conference on Machine Learning},
  pages={307--317},
  year={2021},
  organization={PMLR}
}

@inproceedings{bacon2017option,
  title={The option-critic architecture},
  author={Bacon, Pierre-Luc and Harb, Jean and Precup, Doina},
  booktitle={Proceedings of the AAAI conference on artificial intelligence},
  volume={31},
  year={2017}
}

@article{barreto2019option,
  title={The option keyboard: Combining skills in reinforcement learning},
  author={Barreto, Andr{\'e} and Borsa, Diana and Hou, Shaobo and Comanici, Gheorghe and Ayg{\"u}n, Eser and Hamel, Philippe and Toyama, Daniel and Mourad, Shibl and Silver, David and Precup, Doina and others},
  journal={Advances in Neural Information Processing Systems},
  volume={32},
  year={2019}
}

@inproceedings{chien2023variational,
  title={Variational skill embeddings for meta reinforcement learning},
  author={Chien, Jen-Tzung and Lai, Weiwei},
  booktitle={2023 International Joint Conference on Neural Networks (IJCNN)},
  pages={1--8},
  year={2023},
  organization={IEEE}
}

@article{cho2024hierarchical,
  title={Hierarchical Meta-Reinforcement Learning via Automated Macro-Action Discovery},
  author={Cho, Minjae and Sun, Chuangchuang},
  journal={arXiv preprint arXiv:2412.11930},
  year={2024}
}

@inproceedings{chua2023provable,
  title={Provable hierarchy-based meta-reinforcement learning},
  author={Chua, Kurtland and Lei, Qi and Lee, Jason},
  booktitle={International Conference on Artificial Intelligence and Statistics},
  pages={10918--10967},
  year={2023},
  organization={PMLR}
}

@inproceedings{eysenbachdiversity,
  title={Diversity is All You Need: Learning Skills without a Reward Function},
  author={Eysenbach, Benjamin and Gupta, Abhishek and Ibarz, Julian and Levine, Sergey},
  booktitle={International Conference on Learning Representations},
  year={2018}
}

@inproceedings{frans2018meta,
  title={META LEARNING SHARED HIERARCHIES},
  author={Frans, Kevin and Ho, Jonathan and Chen, Xi and Abbeel, Pieter and Schulman, John},
  booktitle={International Conference on Learning Representations},
  year={2018}
}

@inproceedings{fu2020mghrl,
  title={MGHRL: Meta goal-generation for hierarchical reinforcement learning},
  author={Fu, Haotian and Tang, Hongyao and Hao, Jianye and Liu, Wulong and Chen, Chen},
  booktitle={Distributed Artificial Intelligence: Second International Conference, DAI 2020, Nanjing, China, October 24--27, 2020, Proceedings 2},
  pages={29--39},
  year={2020},
  organization={Springer}
}

@inproceedings{fu2023meta,
  title={Meta-learning parameterized skills},
  author={Fu, Haotian and Yu, Shangqun and Tiwari, Saket and Littman, Michael and Konidaris, George},
  booktitle={Proceedings of the 40th International Conference on Machine Learning},
  pages={10461--10481},
  year={2023}
}

@article{gehring2021hierarchical,
  title={Hierarchical skills for efficient exploration},
  author={Gehring, Jonas and Synnaeve, Gabriel and Krause, Andreas and Usunier, Nicolas},
  journal={Advances in Neural Information Processing Systems},
  volume={34},
  pages={11553--11564},
  year={2021}
}

@article{gregor2016variational,
  title={Variational intrinsic control},
  author={Gregor, Karol and Rezende, Danilo Jimenez and Wierstra, Daan},
  journal={arXiv preprint arXiv:1611.07507},
  year={2016}
}

@article{gupta2018unsupervised,
  title={Unsupervised meta-learning for reinforcement learning},
  author={Gupta, Abhishek and Eysenbach, Benjamin and Finn, Chelsea and Levine, Sergey},
  journal={arXiv preprint arXiv:1806.04640},
  year={2018}
}

@inproceedings{he2024decoupling,
  title={Decoupling Meta-Reinforcement Learning with Gaussian Task Contexts and Skills},
  author={He, Hongcai and Zhu, Anjie and Liang, Shuang and Chen, Feiyu and Shao, Jie},
  booktitle={Proceedings of the AAAI Conference on Artificial Intelligence},
  volume={38},
  pages={12358--12366},
  year={2024}
}

@inproceedings{hudisentangled,
  title={Disentangled Unsupervised Skill Discovery for Efficient Hierarchical Reinforcement Learning},
  author={Hu, Jiaheng and Wang, Zizhao and Stone, Peter and Mart{\'\i}n-Mart{\'\i}n, Roberto},
  booktitle={The Thirty-eighth Annual Conference on Neural Information Processing Systems},
  year={2024}
}

@article{jabri2019unsupervised,
  title={Unsupervised curricula for visual meta-reinforcement learning},
  author={Jabri, Allan and Hsu, Kyle and Gupta, Abhishek and Eysenbach, Ben and Levine, Sergey and Finn, Chelsea},
  journal={Advances in Neural Information Processing Systems},
  volume={32},
  year={2019}
}

@article{jiang2023doubly,
  title={Doubly robust augmented transfer for meta-reinforcement learning},
  author={Jiang, Yuankun and Kan, Nuowen and Li, Chenglin and Dai, Wenrui and Zou, Junni and Xiong, Hongkai},
  journal={Advances in Neural Information Processing Systems},
  volume={36},
  pages={77002--77012},
  year={2023}
}

@inproceedings{levy2019learning,
  title={Learning multi-level hierarchies with hindsight},
  author={Levy, Andrew and Konidaris, George and Platt, Robert and Saenko, Kate},
  booktitle={Proceedings of International Conference on Learning Representations},
  year={2019}
}

@article{li2019hierarchical,
  title={Hierarchical reinforcement learning with advantage-based auxiliary rewards},
  author={Li, Siyuan and Wang, Rui and Tang, Minxue and Zhang, Chongjie},
  journal={Advances in Neural Information Processing Systems},
  volume={32},
  year={2019}
}

@article{li2020multi,
  title={Multi-task batch reinforcement learning with metric learning},
  author={Li, Jiachen and Vuong, Quan and Liu, Shuang and Liu, Minghua and Ciosek, Kamil and Christensen, Henrik and Su, Hao},
  journal={Advances in neural information processing systems},
  volume={33},
  pages={6197--6210},
  year={2020}
}

@article{mendonca2020meta,
  title={Meta-reinforcement learning robust to distributional shift via model identification and experience relabeling},
  author={Mendonca, Russell and Geng, Xinyang and Finn, Chelsea and Levine, Sergey},
  journal={arXiv preprint arXiv:2006.07178},
  year={2020}
}

@inproceedings{nam2022simpl,
  title={Skill-based Meta-Reinforcement Learning},
  author={Taewook Nam and Shao-Hua Sun and Karl Pertsch and Sung Ju Hwang and Joseph J. Lim},
  booktitle={International Conference on Learning Representations (ICLR)},
  year={2022},
}

@article{packer2021hindsight,
  title={Hindsight task relabelling: Experience replay for sparse reward meta-rl},
  author={Packer, Charles and Abbeel, Pieter and Gonzalez, Joseph E},
  journal={Advances in neural information processing systems},
  volume={34},
  pages={2466--2477},
  year={2021}
}

@inproceedings{park2022lipschitz,
  title={Lipschitz-constrained unsupervised skill discovery},
  author={Park, Seohong and Choi, Jongwook and Kim, Jaekyeom and Lee, Honglak and Kim, Gunhee},
  booktitle={International Conference on Learning Representations},
  year={2022}
}

@inproceedings{park2023controllability,
  title={Controllability-Aware Unsupervised Skill Discovery},
  author={Park, Seohong and Lee, Kimin and Lee, Youngwoon and Abbeel, Pieter},
  booktitle={International Conference on Machine Learning},
  pages={27225--27245},
  year={2023},
  organization={PMLR}
}

@article{park2024hiql,
  title={Hiql: Offline goal-conditioned rl with latent states as actions},
  author={Park, Seohong and Ghosh, Dibya and Eysenbach, Benjamin and Levine, Sergey},
  journal={Advances in Neural Information Processing Systems},
  volume={36},
  year={2024}
}

@inproceedings{pertsch2021accelerating,
  title={Accelerating reinforcement learning with learned skill priors},
  author={Pertsch, Karl and Lee, Youngwoon and Lim, Joseph},
  booktitle={Conference on robot learning},
  pages={188--204},
  year={2021},
  organization={PMLR}
}

@inproceedings{pertsch2022guided,
  title={Guided Reinforcement Learning with Learned Skills},
  author={Pertsch, Karl and Lee, Youngwoon and Wu, Yue and Lim, Joseph J},
  booktitle={Conference on Robot Learning},
  pages={729--739},
  year={2022},
  organization={PMLR}
}

@inproceedings{pong2022offline,
  title={Offline meta-reinforcement learning with online self-supervision},
  author={Pong, Vitchyr H and Nair, Ashvin V and Smith, Laura M and Huang, Catherine and Levine, Sergey},
  booktitle={International Conference on Machine Learning},
  pages={17811--17829},
  year={2022},
  organization={PMLR}
}

@article{riemer2018learning,
  title={Learning abstract options},
  author={Riemer, Matthew and Liu, Miao and Tesauro, Gerald},
  journal={Advances in neural information processing systems},
  volume={31},
  year={2018}
}

@article{robert2024sample,
  title={Sample complexity of goal-conditioned hierarchical reinforcement learning},
  author={Robert, Arnaud and Pike-Burke, Ciara and Faisal, Aldo A},
  journal={Advances in Neural Information Processing Systems},
  volume={36},
  year={2024}
}

@article{shala2024hierarchical,
  title={Hierarchical Transformers are Efficient Meta-Reinforcement Learners},
  author={Shala, Gresa and Biedenkapp, Andr{\'e} and Grabocka, Josif},
  journal={arXiv preprint arXiv:2402.06402},
  year={2024}
}

@inproceedings{sharmadynamics,
  title={Dynamics-Aware Unsupervised Discovery of Skills},
  author={Sharma, Archit and Gu, Shixiang and Levine, Sergey and Kumar, Vikash and Hausman, Karol},
  booktitle={International Conference on Learning Representations},
  year={2019}
}

@inproceedings{shi2023skill,
  title={Skill-based Model-based Reinforcement Learning},
  author={Shi, Lucy Xiaoyang and Lim, Joseph J and Lee, Youngwoon},
  booktitle={Conference on Robot Learning},
  pages={2262--2272},
  year={2023},
  organization={PMLR}
}

@inproceedings{shin2024semtra,
  title={SemTra: A Semantic Skill Translator for Cross-Domain Zero-Shot Policy Adaptation},
  author={Shin, Sangwoo and Yoo, Minjong and Lee, Jeongwoo and Woo, Honguk},
  booktitle={Proceedings of the AAAI Conference on Artificial Intelligence},
  volume={38},
  pages={15000--15008},
  year={2024}
}

@inproceedings{strouselearning,
  title={Learning more skills through optimistic exploration},
  author={Strouse, DJ and Baumli, Kate and Warde-Farley, David and Mnih, Volodymyr and Hansen, Steven Stenberg},
  booktitle={International Conference on Learning Representations},
  year={2022}
}

@inproceedings{wanhindsight,
  title={Hindsight Foresight Relabeling for Meta-Reinforcement Learning},
  author={Wan, Michael and Peng, Jian and Gangwani, Tanmay},
  booktitle={International Conference on Learning Representations},
  year={2021}
}

@article{xu2022aspire,
  title={ASPire: Adaptive skill priors for reinforcement learning},
  author={Xu, Mengda and Veloso, Manuela and Song, Shuran},
  journal={Advances in Neural Information Processing Systems},
  volume={35},
  pages={38600--38613},
  year={2022}
}

@inproceedings{yin2024representation,
  title={Representation-Based Robustness in Goal-Conditioned Reinforcement Learning},
  author={Yin, Xiangyu and Wu, Sihao and Liu, Jiaxu and Fang, Meng and Zhao, Xingyu and Huang, Xiaowei and Ruan, Wenjie},
  booktitle={Proceedings of the AAAI Conference on Artificial Intelligence},
  volume={38},
  pages={21761--21769},
  year={2024}
}

@article{yoo2022skills,
  title={Skills regularized task decomposition for multi-task offline reinforcement learning},
  author={Yoo, Minjong and Cho, Sangwoo and Woo, Honguk},
  journal={Advances in Neural Information Processing Systems},
  volume={35},
  pages={37432--37444},
  year={2022}
}

@inproceedings{yuan2022robust,
  title={Robust task representations for offline meta-reinforcement learning via contrastive learning},
  author={Yuan, Haoqi and Lu, Zongqing},
  booktitle={International Conference on Machine Learning},
  pages={25747--25759},
  year={2022},
  organization={PMLR}
}

@inproceedings{zhou2024generalizable,
  title={Generalizable Task Representation Learning for Offline Meta-Reinforcement Learning with Data Limitations},
  author={Zhou, Renzhe and Gao, Chen-Xiao and Zhang, Zongzhang and Yu, Yang},
  booktitle={Proceedings of the AAAI Conference on Artificial Intelligence},
  volume={38},
  pages={17132--17140},
  year={2024}
}

