
% Journals

% First the Full Name is given, then the abbreviation used in the AMS Math
% Reviews, with an indication if it could not be found there.
% Note the 2nd overwrites the 1st, so swap them if you want the full name.

 %{AMS}
 @String{AMSTrans = "American Mathematical Society Translations" }
 @String{AMSTrans = "Amer. Math. Soc. Transl." }
 @String{BullAMS = "Bulletin of the American Mathematical Society" }
 @String{BullAMS = "Bull. Amer. Math. Soc." }
 @String{ProcAMS = "Proceedings of the American Mathematical Society" }
 @String{ProcAMS = "Proc. Amer. Math. Soc." }
 @String{TransAMS = "Transactions of the American Mathematical Society" }
 @String{TransAMS = "Trans. Amer. Math. Soc." }

 %ACM
 @String{CACM = "Communications of the {ACM}" }
 @String{CACM = "Commun. {ACM}" }
 @String{CompServ = "Comput. Surveys" }
 @String{JACM = "J. ACM" }
 @String{ACMMathSoft = "{ACM} Transactions on Mathematical Software" }
 @String{ACMMathSoft = "{ACM} Trans. Math. Software" }
 @String{SIGNUM = "{ACM} {SIGNUM} Newsletter" }
 @String{SIGNUM = "{ACM} {SIGNUM} Newslett." }

 @String{AmerSocio = "American Journal of Sociology" }
 @String{AmerStatAssoc = "Journal of the American Statistical Association" }
 @String{AmerStatAssoc = "J. Amer. Statist. Assoc." }
 @String{ApplMathComp = "Applied Mathematics and Computation" }
 @String{ApplMathComp = "Appl. Math. Comput." }
 @String{AmerMathMonthly = "American Mathematical Monthly" }
 @String{AmerMathMonthly = "Amer. Math. Monthly" }
 @String{BIT = "{BIT}" }
 @String{BritStatPsych = "British Journal of Mathematical and Statistical
          Psychology" }
 @String{BritStatPsych = "Brit. J. Math. Statist. Psych." }
 @String{CanMathBull = "Canadian Mathematical Bulletin" }
 @String{CanMathBull = "Canad. Math. Bull." }
 @String{CompApplMath = "Journal of Computational and Applied Mathematics" }
 @String{CompApplMath = "J. Comput. Appl. Math." }
 @String{CompPhys = "Journal of Computational Physics" }
 @String{CompPhys = "J. Comput. Phys." }
 @String{CompStruct = "Computers and Structures" }
 @String{CompStruct = "Comput. \& Structures" }
 @String{CompJour = "The Computer Journal" }
 @String{CompJour = "Comput. J." }
 @String{CompSysSci = "Journal of Computer and System Sciences" }
 @String{CompSysSci = "J. Comput. System Sci." }
 @String{Computing = "Computing" }
 @String{ContempMath = "Contemporary Mathematics" }
 @String{ContempMath = "Contemp. Math." }
 @String{Crelle = "Crelle's Journal" }
 @String{GiornaleMath = "Giornale di Mathematiche" }
 @String{GiornaleMath = "Giorn. Mat." } % didn't find in AMS MR., ibid.

 %IEEE
 @String{Computer = "{IEEE} Computer" }
 @String{IEEETransComp = "{IEEE} Transactions on Computers" }
 @String{IEEETransComp = "{IEEE} Trans. Comput." }
 @String{IEEETransAC = "{IEEE} Transactions on Automatic Control" }
 @String{IEEETransAC = "{IEEE} Trans. Automat. Control" }
 @String{IEEESpec = "{IEEE} Spectrum" } % didn't find in AMS MR
 @String{ProcIEEE = "Proceedings of the {IEEE}" }
 @String{ProcIEEE = "Proc. {IEEE}" } % didn't find in AMS MR
 @String{IEEETransAeroElec = "{IEEE} Transactions on Aerospace and Electronic
     Systems" }
 @String{IEEETransAeroElec = "{IEEE} Trans. Aerospace Electron. Systems" }

 @String{IMANumerAna = "{IMA} Journal of Numerical Analysis" }
 @String{IMANumerAna = "{IMA} J. Numer. Anal." }
 @String{InfProcLet = "Information Processing Letters" }
 @String{InfProcLet = "Inform. Process. Lett." }
 @String{InstMathApp = "Journal of the Institute of Mathematics and
     its Applications" }
 @String{InstMathApp = "J. Inst. Math. Appl." }
 @String{IntControl = "International Journal of Control" }
 @String{IntControl = "Internat. J. Control" }
 @String{IntNumerEng = "International Journal for Numerical Methods in
     Engineering" }
 @String{IntNumerEng = "Internat. J. Numer. Methods Engrg." }
 @String{IntSuper = "International Journal of Supercomputing Applications" }
 @String{IntSuper = "Internat. J. Supercomputing Applic." } % didn't find
%% in AMS MR
 @String{Kibernetika = "Kibernetika" }
 @String{JResNatBurStand = "Journal of Research of the National Bureau
     of Standards" }
 @String{JResNatBurStand = "J. Res. Nat. Bur. Standards" }
 @String{LinAlgApp = "Linear Algebra and its Applications" }
 @String{LinAlgApp = "Linear Algebra Appl." }
 @String{MathAnaAppl = "Journal of Mathematical Analysis and Applications" }
 @String{MathAnaAppl = "J. Math. Anal. Appl." }
 @String{MathAnnalen = "Mathematische Annalen" }
 @String{MathAnnalen = "Math. Ann." }
 @String{MathPhys = "Journal of Mathematical Physics" }
 @String{MathPhys = "J. Math. Phys." }
 @String{MathComp = "Mathematics of Computation" }
 @String{MathComp = "Math. Comp." }
 @String{MathScand = "Mathematica Scandinavica" }
 @String{MathScand = "Math. Scand." }
 @String{TablesAidsComp = "Mathematical Tables and Other Aids to Computation" }
 @String{TablesAidsComp = "Math. Tables Aids Comput." }
 @String{NumerMath = "Numerische Mathematik" }
 @String{NumerMath = "Numer. Math." }
 @String{PacificMath = "Pacific Journal of Mathematics" }
 @String{PacificMath = "Pacific J. Math." }
 @String{ParDistComp = "Journal of Parallel and Distributed Computing" }
 @String{ParDistComp = "J. Parallel and Distrib. Comput." } % didn't find
%% in AMS MR
 @String{ParComputing = "Parallel Computing" }
 @String{ParComputing = "Parallel Comput." }
 @String{PhilMag = "Philosophical Magazine" }
 @String{PhilMag = "Philos. Mag." }
 @String{ProcNAS = "Proceedings of the National Academy of Sciences
                    of the USA" }
 @String{ProcNAS = "Proc. Nat. Acad. Sci. U. S. A." }
 @String{Psychometrika = "Psychometrika" }
 @String{QuartMath = "Quarterly Journal of Mathematics, Oxford, Series (2)" }
 @String{QuartMath = "Quart. J. Math. Oxford Ser. (2)" }
 @String{QuartApplMath = "Quarterly of Applied Mathematics" }
 @String{QuartApplMath = "Quart. Appl. Math." }
 @String{RevueInstStat = "Review of the International Statisical Institute" }
 @String{RevueInstStat = "Rev. Inst. Internat. Statist." }

 %SIAM
 @String{JSIAM = "Journal of the Society for Industrial and Applied
     Mathematics" }
 @String{JSIAM = "J. Soc. Indust. Appl. Math." }
 @String{JSIAMB = "Journal of the Society for Industrial and Applied
     Mathematics, Series B, Numerical Analysis" }
 @String{JSIAMB = "J. Soc. Indust. Appl. Math. Ser. B Numer. Anal." }
 @String{SIAMAlgMeth = "{SIAM} Journal on Algebraic and Discrete Methods" }
 @String{SIAMAlgMeth = "{SIAM} J. Algebraic Discrete Methods" }
 @String{SIAMAppMath = "{SIAM} Journal on Applied Mathematics" }
 @String{SIAMAppMath = "{SIAM} J. Appl. Math." }
 @String{SIAMComp = "{SIAM} Journal on Computing" }
 @String{SIAMComp = "{SIAM} J. Comput." }
 @String{SIAMMatrix = "{SIAM} Journal on Matrix Analysis and Applications" }
 @String{SIAMMatrix = "{SIAM} J. Matrix Anal. Appl." }
 @String{SIAMNumAnal = "{SIAM} Journal on Numerical Analysis" }
 @String{SIAMNumAnal = "{SIAM} J. Numer. Anal." }
 @String{SIAMReview = "{SIAM} Review" }
 @String{SIAMReview = "{SIAM} Rev." }
 @String{SIAMSciStat = "{SIAM} Journal on Scientific and Statistical
     Computing" }
 @String{SIAMSciStat = "{SIAM} J. Sci. Statist. Comput." }

 @String{SoftPracExp = "Software Practice and Experience" }
 @String{SoftPracExp = "Software Prac. Experience" } % didn't find in AMS MR
 @String{StatScience = "Statistical Science" }
 @String{StatScience = "Statist. Sci." }
 @String{Techno = "Technometrics" }
 @String{USSRCompMathPhys = "{USSR} Computational Mathematics and Mathematical
     Physics" }
 @String{USSRCompMathPhys = "{U. S. S. R.} Comput. Math. and Math. Phys." }
 @String{VLSICompSys = "Journal of {VLSI} and Computer Systems" }
 @String{VLSICompSys = "J. {VLSI} Comput. Syst." }
 @String{ZAngewMathMech = "Zeitschrift fur Angewandte Mathematik und
     Mechanik" }
 @String{ZAngewMathMech = "Z. Angew. Math. Mech." }
 @String{ZAngewMathPhys = "Zeitschrift fur Angewandte Mathematik und Physik" }
 @String{ZAngewMathPhys = "Z. Angew. Math. Phys." }

% Publishers % ================================================= |

 @String{Academic = "Academic Press" }
 @String{ACMPress = "{ACM} Press" }
 @String{AdamHilger = "Adam Hilger" }
 @String{AddisonWesley = "Addison-Wesley" }
 @String{AllynBacon = "Allyn and Bacon" }
 @String{AMS = "American Mathematical Society" }
 @String{Birkhauser = "Birkh{\"a}user" }
 @String{CambridgePress = "Cambridge University Press" }
 @String{Chelsea = "Chelsea" }
 @String{ClaredonPress = "Claredon Press" }
 @String{DoverPub = "Dover Publications" }
 @String{Eyolles = "Eyolles" }
 @String{HoltRinehartWinston = "Holt, Rinehart and Winston" }
 @String{Interscience = "Interscience" }
 @String{JohnsHopkinsPress = "The Johns Hopkins University Press" }
 @String{JohnWileySons = "John Wiley and Sons" }
 @String{Macmillan = "Macmillan" }
 @String{MathWorks = "The Math Works Inc." }
 @String{McGrawHill = "McGraw-Hill" }
 @String{NatBurStd = "National Bureau of Standards" }
 @String{NorthHolland = "North-Holland" }
 @String{OxfordPress = "Oxford University Press" }  %address Oxford or London?
 @String{PergamonPress = "Pergamon Press" }
 @String{PlenumPress = "Plenum Press" }
 @String{PrenticeHall = "Prentice-Hall" }
 @String{SIAMPub = "{SIAM} Publications" }
 @String{Springer = "Springer-Verlag" }
 @String{TexasPress = "University of Texas Press" }
 @String{VanNostrand = "Van Nostrand" }
 @String{WHFreeman = "W. H. Freeman and Co." }

%Entries

@article{lemke1992interpersonal,
  title={Interpersonal meaning in discourse: Value orientations},
  author={Lemke, Jay L},
  journal={Advances in systemic linguistics: Recent theory and practice},
  volume={82},
  pages={104--126},
  year={1992},
  publisher={London: Pinter}
}

@book{jensen2016making,
  title={The making of international human rights: the 1960s, decolonization, and the reconstruction of global values},
  author={Jensen, Steven LB},
  year={2016},
  publisher={Cambridge University Press}
}

@incollection{quinn2020self,
  title={Self-determination movements and their outcomes},
  author={Quinn, David},
  booktitle={Peace and Conflict 2008},
  pages={33--38},
  year={2020},
  publisher={Routledge}
}

@inproceedings{zhang2018mitigating,
  title={Mitigating unwanted biases with adversarial learning},
  author={Zhang, Brian Hu and Lemoine, Blake and Mitchell, Margaret},
  booktitle={Proceedings of the 2018 AAAI/ACM Conference on AI, Ethics, and Society},
  pages={335--340},
  year={2018}
}

@article{kasirzadeh2023conversation,
  title={In conversation with artificial intelligence: aligning language models with human values},
  author={Kasirzadeh, Atoosa and Gabriel, Iason},
  journal={Philosophy \& Technology},
  volume={36},
  number={2},
  pages={27},
  year={2023},
  publisher={Springer}
}

@inproceedings{santurkar2023whose,
  title={Whose opinions do language models reflect?},
  author={Santurkar, Shibani and Durmus, Esin and Ladhak, Faisal and Lee, Cinoo and Liang, Percy and Hashimoto, Tatsunori},
  booktitle={International Conference on Machine Learning},
  pages={29971--30004},
  year={2023},
  organization={PMLR}
}

@article{jiang2022communitylm,
  title={CommunityLM: Probing partisan worldviews from language models},
  author={Jiang, Hang and Beeferman, Doug and Roy, Brandon and Roy, Deb},
  journal={arXiv preprint arXiv:2209.07065},
  year={2022}
}

@inproceedings{dhamala2021bold,
  title={Bold: Dataset and metrics for measuring biases in open-ended language generation},
  author={Dhamala, Jwala and Sun, Tony and Kumar, Varun and Krishna, Satyapriya and Pruksachatkun, Yada and Chang, Kai-Wei and Gupta, Rahul},
  booktitle={Proceedings of the 2021 ACM conference on fairness, accountability, and transparency},
  pages={862--872},
  year={2021}
}

@inproceedings{kambhatla2022surfacing,
  title={Surfacing racial stereotypes through identity portrayal},
  author={Kambhatla, Gauri and Stewart, Ian and Mihalcea, Rada},
  booktitle={Proceedings of the 2022 ACM Conference on Fairness, Accountability, and Transparency},
  pages={1604--1615},
  year={2022}
}

@article{prabhakaran2022human,
  title={A human rights-based approach to responsible AI},
  author={Prabhakaran, Vinodkumar and Mitchell, Margaret and Gebru, Timnit and Gabriel, Iason},
  journal={arXiv preprint arXiv:2210.02667},
  year={2022}
}

@misc{ai_hr_gov,

    author = {Bureau of Cyberspace and Digital Policy}, 

    title = {Risk Management Profile for Artificial Intelligence and Human Rights}, 

    url = {https://www.state.gov/risk-management-profile-for-ai-and-human-rights/#fn4}, 

    note = {Accessed: 01/10/2025} 

}

@article{assembly2024seizing,
  title={Seizing the opportunities of safe, secure and trustworthy artificial intelligence systems for sustainable development: resolution/adopted by the General Assembly},
  author={Assembly, UN General},
  year={2024},
  publisher={< bound method Organization. get\_name\_with\_acronym of< Organization: The~…}
}

@online{claude_const,
  author = {Anthropic},
  title = {Claude's Constitution},
  year = {2023},
  url = {https://www.anthropic.com/news/claudes-constitution},
  urldate = {2023-05-09}
}

@online{open_ai_usage_policies,
    author = {OpenAI},
    title = {Usage Policies},
    year = {2024},
    url = {https://openai.com/policies/usage-policies/},
    urldate = {2024-01-10}
}

@online{google_ai_principles,
    author = {Google AI},
    title = {Our Principles},
    year = {2025},
    url = {https://ai.google/responsibility/principles/},
    urldate = {2025-01-10}
}

@online{claude_const2,
    author = {Anthropic},
    title = {Collective Constitutional AI: Aligning a Language Model with Public Input},
    year = {2023},
    url = {https://www.anthropic.com/news/collective-constitutional-ai-aligning-a-language-model-with-public-input},
    urldate = {2023-10-17}
}

@inproceedings{cath2020leap,
  title={Leap of FATE: human rights as a complementary framework for AI policy and practice},
  author={Cath, Corinne and Latonero, Mark and Marda, Vidushi and Pakzad, Roya},
  booktitle={Proceedings of the 2020 conference on fairness, accountability, and transparency},
  pages={702--702},
  year={2020}
}

@article{mcgregor2019international,
  title={International human rights law as a framework for algorithmic accountability},
  author={McGregor, Lorna and Murray, Daragh and Ng, Vivian},
  journal={International \& Comparative Law Quarterly},
  volume={68},
  number={2},
  pages={309--343},
  year={2019},
  publisher={Cambridge University Press}
}

@article{agiza2024analyzing,
  title={Analyzing the Impact of Data Selection and Fine-Tuning on Economic and Political Biases in LLMs},
  author={Agiza, Ahmed and Mostagir, Mohamed and Reda, Sherief},
  journal={arXiv preprint arXiv:2404.08699},
  year={2024}
}

@article{buyl2024large,
  title={Large language models reflect the ideology of their creators},
  author={Buyl, Maarten and Rogiers, Alexander and Noels, Sander and Dominguez-Catena, Iris and Heiter, Edith and Romero, Raphael and Johary, Iman and Mara, Alexandru-Cristian and Lijffijt, Jefrey and De Bie, Tijl},
  journal={arXiv preprint arXiv:2410.18417},
  year={2024}
}

@article{hendrycks2020measuring,
  title={Measuring massive multitask language understanding},
  author={Hendrycks, Dan and Burns, Collin and Basart, Steven and Zou, Andy and Mazeika, Mantas and Song, Dawn and Steinhardt, Jacob},
  journal={arXiv preprint arXiv:2009.03300},
  year={2020}
}

@article{scherrer2024evaluating,
  title={Evaluating the moral beliefs encoded in llms},
  author={Scherrer, Nino and Shi, Claudia and Feder, Amir and Blei, David},
  journal={Advances in Neural Information Processing Systems},
  volume={36},
  year={2024}
}

@article{schramowski2022large,
  title={Large pre-trained language models contain human-like biases of what is right and wrong to do},
  author={Schramowski, Patrick and Turan, Cigdem and Andersen, Nico and Rothkopf, Constantin A and Kersting, Kristian},
  journal={Nature Machine Intelligence},
  volume={4},
  number={3},
  pages={258--268},
  year={2022},
  publisher={Nature Publishing Group UK London}
}

@article{moore2024large,
  title={Are Large Language Models Consistent over Value-laden Questions?},
  author={Moore, Jared and Deshpande, Tanvi and Yang, Diyi},
  journal={arXiv preprint arXiv:2407.02996},
  year={2024}
}

@article{gabriel2020artificial,
  title={Artificial intelligence, values, and alignment},
  author={Gabriel, Iason},
  journal={Minds and machines},
  volume={30},
  number={3},
  pages={411--437},
  year={2020},
  publisher={Springer}
}

@article{kenton2021alignment,
  title={Alignment of language agents},
  author={Kenton, Zachary and Everitt, Tom and Weidinger, Laura and Gabriel, Iason and Mikulik, Vladimir and Irving, Geoffrey},
  journal={arXiv preprint arXiv:2103.14659},
  year={2021}
}

@inproceedings{sorensen2024value,
  title={Value kaleidoscope: Engaging ai with pluralistic human values, rights, and duties},
  author={Sorensen, Taylor and Jiang, Liwei and Hwang, Jena D and Levine, Sydney and Pyatkin, Valentina and West, Peter and Dziri, Nouha and Lu, Ximing and Rao, Kavel and Bhagavatula, Chandra and others},
  booktitle={Proceedings of the AAAI Conference on Artificial Intelligence},
  volume={38},
  number={18},
  pages={19937--19947},
  year={2024}
}

@article{kirk2024prism,
  title={The PRISM Alignment Project: What Participatory, Representative and Individualised Human Feedback Reveals About the Subjective and Multicultural Alignment of Large Language Models},
  author={Kirk, Hannah Rose and Whitefield, Alexander and R{\"o}ttger, Paul and Bean, Andrew and Margatina, Katerina and Ciro, Juan and Mosquera, Rafael and Bartolo, Max and Williams, Adina and He, He and others},
  journal={arXiv preprint arXiv:2404.16019},
  year={2024}
}

@inreference{mw_hedge,
  author    = {Merriam-Webster},
  title     = {Hedge},
  booktitle = {Merriam-Webster.com dictionary},
  url       = {https://www.merriam-webster.com/dictionary/hedge},
  urldate   = {2025-01-10},
}

@article{lakoff1973hedges,
  title={Hedges: A study in meaning criteria and the logic of fuzzy concepts},
  author={Lakoff, George},
  journal={Journal of philosophical logic},
  volume={2},
  number={4},
  pages={458--508},
  year={1973},
  publisher={Springer}
}

@article{meyer1997hedging,
  title={Hedging strategies in written academic discourse: Strengthening the argument by weakening the claim},
  author={Meyer, PG},
  journal={Hedging and discourse: Approaches to the analysis of a pragmatic phenomenon in academic texts/Walter de Gruyter \& Co},
  year={1997}
}

@article{yona2024can,
  title={Can Large Language Models Faithfully Express Their Intrinsic Uncertainty in Words?},
  author={Yona, Gal and Aharoni, Roee and Geva, Mor},
  journal={arXiv preprint arXiv:2405.16908},
  year={2024}
}

@inproceedings{hertweck2021moral,
  title={On the moral justification of statistical parity},
  author={Hertweck, Corinna and Heitz, Christoph and Loi, Michele},
  booktitle={Proceedings of the 2021 ACM Conference on Fairness, Accountability, and Transparency},
  pages={747--757},
  year={2021}
}

@inproceedings{raz2021group,
  title={Group fairness: Independence revisited},
  author={R{\"a}z, Tim},
  booktitle={Proceedings of the 2021 ACM conference on fairness, accountability, and transparency},
  pages={129--137},
  year={2021}
}

@article{li2023survey,
  title={A survey on fairness in large language models},
  author={Li, Yingji and Du, Mengnan and Song, Rui and Wang, Xin and Wang, Ying},
  journal={arXiv preprint arXiv:2308.10149},
  year={2023}
}

@inproceedings{grabowicz2022marrying,
  title={Marrying fairness and explainability in supervised learning},
  author={Grabowicz, Przemyslaw A and Perello, Nicholas and Mishra, Aarshee},
  booktitle={Proceedings of the 2022 ACM Conference on Fairness, Accountability, and Transparency},
  pages={1905--1916},
  year={2022}
}

@online{pro_publica,
    author = {Julia Angwin, Jeff Larson, Surya Mattu and Lauren Kirchner, ProPublica},
    title = {Machine Bias},
    year = {2016},
    url = {https://www.propublica.org/article/machine-bias-risk-assessments-in-criminal-sentencing},
    urldate = {2016-05-23}
}

@inproceedings{dev2020measuring,
  title={On measuring and mitigating biased inferences of word embeddings},
  author={Dev, Sunipa and Li, Tao and Phillips, Jeff M and Srikumar, Vivek},
  booktitle={Proceedings of the AAAI Conference on Artificial Intelligence},
  volume={34},
  number={05},
  pages={7659--7666},
  year={2020}
}

@article{lum2024bias,
  title={Bias in Language Models: Beyond Trick Tests and Toward RUTEd Evaluation},
  author={Lum, Kristian and Anthis, Jacy Reese and Nagpal, Chirag and D'Amour, Alexander},
  journal={arXiv preprint arXiv:2402.12649},
  year={2024}
}

@article{kazenwadel2023user,
  title={How User Language Affects Conflict Fatality Estimates in ChatGPT},
  author={Kazenwadel, Daniel and Steinert, Christoph V},
  journal={arXiv preprint arXiv:2308.00072},
  year={2023}
}

@inproceedings{reynolds2021prompt,
  title={Prompt programming for large language models: Beyond the few-shot paradigm},
  author={Reynolds, Laria and McDonell, Kyle},
  booktitle={Extended abstracts of the 2021 CHI conference on human factors in computing systems},
  pages={1--7},
  year={2021}
}

@article{wei2022chain,
  title={Chain-of-thought prompting elicits reasoning in large language models},
  author={Wei, Jason and Wang, Xuezhi and Schuurmans, Dale and Bosma, Maarten and Xia, Fei and Chi, Ed and Le, Quoc V and Zhou, Denny and others},
  journal={Advances in neural information processing systems},
  volume={35},
  pages={24824--24837},
  year={2022}
}

@article{lu2021fantastically,
  title={Fantastically ordered prompts and where to find them: Overcoming few-shot prompt order sensitivity},
  author={Lu, Yao and Bartolo, Max and Moore, Alastair and Riedel, Sebastian and Stenetorp, Pontus},
  journal={arXiv preprint arXiv:2104.08786},
  year={2021}
}

@article{giray2023prompt,
  title={Prompt engineering with ChatGPT: a guide for academic writers},
  author={Giray, Louie},
  journal={Annals of biomedical engineering},
  volume={51},
  number={12},
  pages={2629--2633},
  year={2023},
  publisher={Springer}
}

@article{mesko2023prompt,
  title={Prompt engineering as an important emerging skill for medical professionals: tutorial},
  author={Mesk{\'o}, Bertalan},
  journal={Journal of medical Internet research},
  volume={25},
  pages={e50638},
  year={2023},
  publisher={JMIR Publications Toronto, Canada}
}

@article{liu2023jailbreaking,
  title={Jailbreaking chatgpt via prompt engineering: An empirical study},
  author={Liu, Yi and Deng, Gelei and Xu, Zhengzi and Li, Yuekang and Zheng, Yaowen and Zhang, Ying and Zhao, Lida and Zhang, Tianwei and Wang, Kailong and Liu, Yang},
  journal={arXiv preprint arXiv:2305.13860},
  year={2023}
}

@incollection{kahneman2013prospect,
  title={Prospect theory: An analysis of decision under risk},
  author={Kahneman, Daniel and Tversky, Amos},
  booktitle={Handbook of the fundamentals of financial decision making: Part I},
  pages={99--127},
  year={2013},
  publisher={World Scientific}
}

@incollection{strack1987thinking,
  title={Thinking, judging, and communicating: A process account of context effects in attitude surveys},
  author={Strack, Fritz and Martin, Leonard L},
  booktitle={Social information processing and survey methodology},
  pages={123--148},
  year={1987},
  publisher={Springer}
}

@book{hewitt2017peace,
  title={Peace and conflict 2010},
  author={Hewitt, J Joseph and Wilkenfeld, Jonathan and Gurr, Ted Robert},
  year={2017},
  publisher={Routledge}
}

@misc{IMF2024, 

    author = {International Monetary Fund}, 

    title = {World Economic Outlook Database}, 

    year = {2024}, 

    url = {https://www.imf.org/en/Publications/WEO/weo-database/2024/April/weo-report} 

} 

@article{vasak197730,
  title={A 30-year struggle; the sustained efforts to give force of law to the Universal Declaration of Human Rights},
  author={Vasak, Karel},
  year={1977},
  publisher={UNESCO: United Nations Educational, Scientific and Cultural Organisation}
}

@book{holder2013human,
  title={Human rights: The hard questions},
  author={Holder, Cindy and Reidy, David},
  year={2013},
  publisher={Cambridge University Press}
}


@article{steiert2024declaring,
  title={Declaring crisis? Temporal constructions of climate change on Wikipedia},
  author={Steiert, Olivia},
  journal={Public Understanding of Science},
  pages={09636625241268890},
  year={2024},
  publisher={SAGE Publications Sage UK: London, England}
}

@article{matei2011wikipedia,
  title={Wikipedia's “neutral point of view”: Settling conflict through ambiguity},
  author={Matei, Sorin Adam and Dobrescu, Caius},
  journal={The Information Society},
  volume={27},
  number={1},
  pages={40--51},
  year={2011},
  publisher={Taylor \& Francis}
}
