
% Journals

% First the Full Name is given, then the abbreviation used in the AMS Math
% Reviews, with an indication if it could not be found there.
% Note the 2nd overwrites the 1st, so swap them if you want the full name.

 %{AMS}
 @String{AMSTrans = "American Mathematical Society Translations" }
 @String{AMSTrans = "Amer. Math. Soc. Transl." }
 @String{BullAMS = "Bulletin of the American Mathematical Society" }
 @String{BullAMS = "Bull. Amer. Math. Soc." }
 @String{ProcAMS = "Proceedings of the American Mathematical Society" }
 @String{ProcAMS = "Proc. Amer. Math. Soc." }
 @String{TransAMS = "Transactions of the American Mathematical Society" }
 @String{TransAMS = "Trans. Amer. Math. Soc." }

 %ACM
 @String{CACM = "Communications of the {ACM}" }
 @String{CACM = "Commun. {ACM}" }
 @String{CompServ = "Comput. Surveys" }
 @String{JACM = "J. ACM" }
 @String{ACMMathSoft = "{ACM} Transactions on Mathematical Software" }
 @String{ACMMathSoft = "{ACM} Trans. Math. Software" }
 @String{SIGNUM = "{ACM} {SIGNUM} Newsletter" }
 @String{SIGNUM = "{ACM} {SIGNUM} Newslett." }

 @String{AmerSocio = "American Journal of Sociology" }
 @String{AmerStatAssoc = "Journal of the American Statistical Association" }
 @String{AmerStatAssoc = "J. Amer. Statist. Assoc." }
 @String{ApplMathComp = "Applied Mathematics and Computation" }
 @String{ApplMathComp = "Appl. Math. Comput." }
 @String{AmerMathMonthly = "American Mathematical Monthly" }
 @String{AmerMathMonthly = "Amer. Math. Monthly" }
 @String{BIT = "{BIT}" }
 @String{BritStatPsych = "British Journal of Mathematical and Statistical
          Psychology" }
 @String{BritStatPsych = "Brit. J. Math. Statist. Psych." }
 @String{CanMathBull = "Canadian Mathematical Bulletin" }
 @String{CanMathBull = "Canad. Math. Bull." }
 @String{CompApplMath = "Journal of Computational and Applied Mathematics" }
 @String{CompApplMath = "J. Comput. Appl. Math." }
 @String{CompPhys = "Journal of Computational Physics" }
 @String{CompPhys = "J. Comput. Phys." }
 @String{CompStruct = "Computers and Structures" }
 @String{CompStruct = "Comput. \& Structures" }
 @String{CompJour = "The Computer Journal" }
 @String{CompJour = "Comput. J." }
 @String{CompSysSci = "Journal of Computer and System Sciences" }
 @String{CompSysSci = "J. Comput. System Sci." }
 @String{Computing = "Computing" }
 @String{ContempMath = "Contemporary Mathematics" }
 @String{ContempMath = "Contemp. Math." }
 @String{Crelle = "Crelle's Journal" }
 @String{GiornaleMath = "Giornale di Mathematiche" }
 @String{GiornaleMath = "Giorn. Mat." } % didn't find in AMS MR., ibid.

 %IEEE
 @String{Computer = "{IEEE} Computer" }
 @String{IEEETransComp = "{IEEE} Transactions on Computers" }
 @String{IEEETransComp = "{IEEE} Trans. Comput." }
 @String{IEEETransAC = "{IEEE} Transactions on Automatic Control" }
 @String{IEEETransAC = "{IEEE} Trans. Automat. Control" }
 @String{IEEESpec = "{IEEE} Spectrum" } % didn't find in AMS MR
 @String{ProcIEEE = "Proceedings of the {IEEE}" }
 @String{ProcIEEE = "Proc. {IEEE}" } % didn't find in AMS MR
 @String{IEEETransAeroElec = "{IEEE} Transactions on Aerospace and Electronic
     Systems" }
 @String{IEEETransAeroElec = "{IEEE} Trans. Aerospace Electron. Systems" }

 @String{IMANumerAna = "{IMA} Journal of Numerical Analysis" }
 @String{IMANumerAna = "{IMA} J. Numer. Anal." }
 @String{InfProcLet = "Information Processing Letters" }
 @String{InfProcLet = "Inform. Process. Lett." }
 @String{InstMathApp = "Journal of the Institute of Mathematics and
     its Applications" }
 @String{InstMathApp = "J. Inst. Math. Appl." }
 @String{IntControl = "International Journal of Control" }
 @String{IntControl = "Internat. J. Control" }
 @String{IntNumerEng = "International Journal for Numerical Methods in
     Engineering" }
 @String{IntNumerEng = "Internat. J. Numer. Methods Engrg." }
 @String{IntSuper = "International Journal of Supercomputing Applications" }
 @String{IntSuper = "Internat. J. Supercomputing Applic." } % didn't find
%% in AMS MR
 @String{Kibernetika = "Kibernetika" }
 @String{JResNatBurStand = "Journal of Research of the National Bureau
     of Standards" }
 @String{JResNatBurStand = "J. Res. Nat. Bur. Standards" }
 @String{LinAlgApp = "Linear Algebra and its Applications" }
 @String{LinAlgApp = "Linear Algebra Appl." }
 @String{MathAnaAppl = "Journal of Mathematical Analysis and Applications" }
 @String{MathAnaAppl = "J. Math. Anal. Appl." }
 @String{MathAnnalen = "Mathematische Annalen" }
 @String{MathAnnalen = "Math. Ann." }
 @String{MathPhys = "Journal of Mathematical Physics" }
 @String{MathPhys = "J. Math. Phys." }
 @String{MathComp = "Mathematics of Computation" }
 @String{MathComp = "Math. Comp." }
 @String{MathScand = "Mathematica Scandinavica" }
 @String{MathScand = "Math. Scand." }
 @String{TablesAidsComp = "Mathematical Tables and Other Aids to Computation" }
 @String{TablesAidsComp = "Math. Tables Aids Comput." }
 @String{NumerMath = "Numerische Mathematik" }
 @String{NumerMath = "Numer. Math." }
 @String{PacificMath = "Pacific Journal of Mathematics" }
 @String{PacificMath = "Pacific J. Math." }
 @String{ParDistComp = "Journal of Parallel and Distributed Computing" }
 @String{ParDistComp = "J. Parallel and Distrib. Comput." } % didn't find
%% in AMS MR
 @String{ParComputing = "Parallel Computing" }
 @String{ParComputing = "Parallel Comput." }
 @String{PhilMag = "Philosophical Magazine" }
 @String{PhilMag = "Philos. Mag." }
 @String{ProcNAS = "Proceedings of the National Academy of Sciences
                    of the USA" }
 @String{ProcNAS = "Proc. Nat. Acad. Sci. U. S. A." }
 @String{Psychometrika = "Psychometrika" }
 @String{QuartMath = "Quarterly Journal of Mathematics, Oxford, Series (2)" }
 @String{QuartMath = "Quart. J. Math. Oxford Ser. (2)" }
 @String{QuartApplMath = "Quarterly of Applied Mathematics" }
 @String{QuartApplMath = "Quart. Appl. Math." }
 @String{RevueInstStat = "Review of the International Statisical Institute" }
 @String{RevueInstStat = "Rev. Inst. Internat. Statist." }

 %SIAM
 @String{JSIAM = "Journal of the Society for Industrial and Applied
     Mathematics" }
 @String{JSIAM = "J. Soc. Indust. Appl. Math." }
 @String{JSIAMB = "Journal of the Society for Industrial and Applied
     Mathematics, Series B, Numerical Analysis" }
 @String{JSIAMB = "J. Soc. Indust. Appl. Math. Ser. B Numer. Anal." }
 @String{SIAMAlgMeth = "{SIAM} Journal on Algebraic and Discrete Methods" }
 @String{SIAMAlgMeth = "{SIAM} J. Algebraic Discrete Methods" }
 @String{SIAMAppMath = "{SIAM} Journal on Applied Mathematics" }
 @String{SIAMAppMath = "{SIAM} J. Appl. Math." }
 @String{SIAMComp = "{SIAM} Journal on Computing" }
 @String{SIAMComp = "{SIAM} J. Comput." }
 @String{SIAMMatrix = "{SIAM} Journal on Matrix Analysis and Applications" }
 @String{SIAMMatrix = "{SIAM} J. Matrix Anal. Appl." }
 @String{SIAMNumAnal = "{SIAM} Journal on Numerical Analysis" }
 @String{SIAMNumAnal = "{SIAM} J. Numer. Anal." }
 @String{SIAMReview = "{SIAM} Review" }
 @String{SIAMReview = "{SIAM} Rev." }
 @String{SIAMSciStat = "{SIAM} Journal on Scientific and Statistical
     Computing" }
 @String{SIAMSciStat = "{SIAM} J. Sci. Statist. Comput." }

 @String{SoftPracExp = "Software Practice and Experience" }
 @String{SoftPracExp = "Software Prac. Experience" } % didn't find in AMS MR
 @String{StatScience = "Statistical Science" }
 @String{StatScience = "Statist. Sci." }
 @String{Techno = "Technometrics" }
 @String{USSRCompMathPhys = "{USSR} Computational Mathematics and Mathematical
     Physics" }
 @String{USSRCompMathPhys = "{U. S. S. R.} Comput. Math. and Math. Phys." }
 @String{VLSICompSys = "Journal of {VLSI} and Computer Systems" }
 @String{VLSICompSys = "J. {VLSI} Comput. Syst." }
 @String{ZAngewMathMech = "Zeitschrift fur Angewandte Mathematik und
     Mechanik" }
 @String{ZAngewMathMech = "Z. Angew. Math. Mech." }
 @String{ZAngewMathPhys = "Zeitschrift fur Angewandte Mathematik und Physik" }
 @String{ZAngewMathPhys = "Z. Angew. Math. Phys." }

% Publishers % ================================================= |

 @String{Academic = "Academic Press" }
 @String{ACMPress = "{ACM} Press" }
 @String{AdamHilger = "Adam Hilger" }
 @String{AddisonWesley = "Addison-Wesley" }
 @String{AllynBacon = "Allyn and Bacon" }
 @String{AMS = "American Mathematical Society" }
 @String{Birkhauser = "Birkh{\"a}user" }
 @String{CambridgePress = "Cambridge University Press" }
 @String{Chelsea = "Chelsea" }
 @String{ClaredonPress = "Claredon Press" }
 @String{DoverPub = "Dover Publications" }
 @String{Eyolles = "Eyolles" }
 @String{HoltRinehartWinston = "Holt, Rinehart and Winston" }
 @String{Interscience = "Interscience" }
 @String{JohnsHopkinsPress = "The Johns Hopkins University Press" }
 @String{JohnWileySons = "John Wiley and Sons" }
 @String{Macmillan = "Macmillan" }
 @String{MathWorks = "The Math Works Inc." }
 @String{McGrawHill = "McGraw-Hill" }
 @String{NatBurStd = "National Bureau of Standards" }
 @String{NorthHolland = "North-Holland" }
 @String{OxfordPress = "Oxford University Press" }  %address Oxford or London?
 @String{PergamonPress = "Pergamon Press" }
 @String{PlenumPress = "Plenum Press" }
 @String{PrenticeHall = "Prentice-Hall" }
 @String{SIAMPub = "{SIAM} Publications" }
 @String{Springer = "Springer-Verlag" }
 @String{TexasPress = "University of Texas Press" }
 @String{VanNostrand = "Van Nostrand" }
 @String{WHFreeman = "W. H. Freeman and Co." }

%Entries

@inproceedings{ye2024uncertainty,
  title={Uncertainty regularized evidential regression},
  author={Ye, Kai and Chen, Tiejin and Wei, Hua and Zhan, Liang},
  booktitle={Proceedings of the AAAI Conference on Artificial Intelligence},
  volume={38},
  number={15},
  pages={16460--16468},
  year={2024}
}

@article{amini2020deep,
  title={Deep evidential regression},
  author={Amini, Alexander and Schwarting, Wilko and Soleimany, Ava and Rus, Daniela},
  journal={Advances in neural information processing systems},
  volume={33},
  pages={14927--14937},
  year={2020}
}

@article{sensoy2018evidential,
  title={Evidential deep learning to quantify classification uncertainty},
  author={Sensoy, Murat and Kaplan, Lance and Kandemir, Melih},
  journal={Advances in neural information processing systems},
  volume={31},
  year={2018}
}

@inproceedings{gal2016dropout,
  title={Dropout as a bayesian approximation: Representing model uncertainty in deep learning},
  author={Gal, Yarin and Ghahramani, Zoubin},
  booktitle={international conference on machine learning},
  pages={1050--1059},
  year={2016},
  organization={PMLR}
}

@article{ovadia2019can,
  title={Can you trust your model's uncertainty? evaluating predictive uncertainty under dataset shift},
  author={Ovadia, Yaniv and Fertig, Emily and Ren, Jie and Nado, Zachary and Sculley, David and Nowozin, Sebastian and Dillon, Joshua and Lakshminarayanan, Balaji and Snoek, Jasper},
  journal={Advances in neural information processing systems},
  volume={32},
  year={2019}
}

@article{jiang2021can,
  title={How can we know when language models know? on the calibration of language models for question answering},
  author={Jiang, Zhengbao and Araki, Jun and Ding, Haibo and Neubig, Graham},
  journal={Transactions of the Association for Computational Linguistics},
  volume={9},
  pages={962--977},
  year={2021},
  publisher={MIT Press One Rogers Street, Cambridge, MA 02142-1209, USA journals-info~…}
}

@article{desai2020calibration,
  title={Calibration of pre-trained transformers},
  author={Desai, Shrey and Durrett, Greg},
  journal={arXiv preprint arXiv:2003.07892},
  year={2020}
}

@article{glushkova2021uncertainty,
  title={Uncertainty-aware machine translation evaluation},
  author={Glushkova, Taisiya and Zerva, Chrysoula and Rei, Ricardo and Martins, Andr{\'e} FT},
  journal={arXiv preprint arXiv:2109.06352},
  year={2021}
}

@article{wang2022uncertainty,
  title={Uncertainty estimation and reduction of pre-trained models for text regression},
  author={Wang, Yuxia and Beck, Daniel and Baldwin, Timothy and Verspoor, Karin},
  journal={Transactions of the Association for Computational Linguistics},
  volume={10},
  pages={680--696},
  year={2022},
  publisher={MIT Press One Broadway, 12th Floor, Cambridge, Massachusetts 02142, USA~…}
}

@article{kamath2020selective,
  title={Selective question answering under domain shift},
  author={Kamath, Amita and Jia, Robin and Liang, Percy},
  journal={arXiv preprint arXiv:2006.09462},
  year={2020}
}

@article{kuhn2023semantic,
  title={Semantic uncertainty: Linguistic invariances for uncertainty estimation in natural language generation},
  author={Kuhn, Lorenz and Gal, Yarin and Farquhar, Sebastian},
  journal={arXiv preprint arXiv:2302.09664},
  year={2023}
}

@article{tian2023just,
  title={Just ask for calibration: Strategies for eliciting calibrated confidence scores from language models fine-tuned with human feedback},
  author={Tian, Katherine and Mitchell, Eric and Zhou, Allan and Sharma, Archit and Rafailov, Rafael and Yao, Huaxiu and Finn, Chelsea and Manning, Christopher D},
  journal={arXiv preprint arXiv:2305.14975},
  year={2023}
}

@article{kadavath2022language,
  title={Language models (mostly) know what they know},
  author={Kadavath, Saurav and Conerly, Tom and Askell, Amanda and Henighan, Tom and Drain, Dawn and Perez, Ethan and Schiefer, Nicholas and Hatfield-Dodds, Zac and DasSarma, Nova and Tran-Johnson, Eli and others},
  journal={arXiv preprint arXiv:2207.05221},
  year={2022}
}

@article{lin2022teaching,
  title={Teaching models to express their uncertainty in words},
  author={Lin, Stephanie and Hilton, Jacob and Evans, Owain},
  journal={arXiv preprint arXiv:2205.14334},
  year={2022}
}

@article{mielke2020linguistic,
  title={Linguistic calibration through metacognition: aligning dialogue agent responses with expected correctness},
  author={Mielke, Sabrina J and Szlam, Arthur and Boureau, Y-Lan and Dinan, Emily},
  journal={arXiv preprint arXiv:2012.14983},
  volume={11},
  year={2020}
}

@article{lin2023generating,
  title={Generating with confidence: Uncertainty quantification for black-box large language models},
  author={Lin, Zhen and Trivedi, Shubhendu and Sun, Jimeng},
  journal={arXiv preprint arXiv:2305.19187},
  year={2023}
}

@inproceedings{chen2024quantifying,
  title={Quantifying uncertainty in answers from any language model and enhancing their trustworthiness},
  author={Chen, Jiuhai and Mueller, Jonas},
  booktitle={Proceedings of the 62nd Annual Meeting of the Association for Computational Linguistics (Volume 1: Long Papers)},
  pages={5186--5200},
  year={2024}
}

@article{da2024llm,
  title={Llm uncertainty quantification through directional entailment graph and claim level response augmentation},
  author={Da, Longchao and Chen, Tiejin and Cheng, Lu and Wei, Hua},
  journal={arXiv preprint arXiv:2407.00994},
  year={2024}
}


@article{yu2023language,
  title={Language models as black-box optimizers for vision-language models},
  author={Yu, Samuel and Liu, Shihong and Lin, Zhiqiu and Pathak, Deepak and Ramanan, Deva},
  journal={arXiv preprint arXiv:2309.05950},
  year={2023}
}

@inproceedings{du2024evaluating,
  title={Evaluating large language models in class-level code generation},
  author={Du, Xueying and Liu, Mingwei and Wang, Kaixin and Wang, Hanlin and Liu, Junwei and Chen, Yixuan and Feng, Jiayi and Sha, Chaofeng and Peng, Xin and Lou, Yiling},
  booktitle={Proceedings of the IEEE/ACM 46th International Conference on Software Engineering},
  pages={1--13},
  year={2024}
}

@article{achiam2023gpt-4,
  title={GPT-4 Technical Report},
  author={Achiam, Josh and Adler, Steven and Agarwal, Sandhini and Ahmad, Lama and Akkaya, Ilge and others},
  journal={arXiv preprint arXiv:2303.08774, 2023},
  year={2023}
}

@article{anthropic2024claude,
  title={The claude 3 model family: Opus, sonnet, haiku},
  author={Anthropic, A.I.},
  journal={Claude-3 Model Card},
  year={2024}
}

@article{liu2024deepseek,
  title={Deepseek-v3 technical report},
  author={Liu, Aixin and Feng, Bei and Xue, Bing and Wang, Bingxuan and Wu, Bochao and Lu, Chengda and Zhao, Chenggang and Deng, Chengqi and Zhang, Chenyu and Ruan, Chong and others},
  journal={arXiv preprint arXiv:2412.19437},
  year={2024}
}

@article{bai2023qwen,
  title={Qwen technical report},
  author={Bai, Jinze and Bai, Shuai and Chu, Yunfei and Cui, Zeyu and Dang, Kai and Deng, Xiaodong and Fan, Yang and Ge, Wenbin and Han, Yu and Huang, Fei and others},
  journal={arXiv preprint arXiv:2309.16609},
  year={2023}
}

@article{touvron2023llama,
  title={Llama: Open and efficient foundation language models},
  author={Touvron, Hugo and Lavril, Thibaut and Izacard, Gautier and Martinet, Xavier and Lachaux, Marie-Anne and Lacroix, Timoth{\'e}e and Rozi{\`e}re, Baptiste and Goyal, Naman and Hambro, Eric and Azhar, Faisal and others},
  journal={arXiv preprint arXiv:2302.13971},
  year={2023}
}

@article{cascella2023evaluating,
  title={Evaluating the feasibility of ChatGPT in healthcare: an analysis of multiple clinical and research scenarios},
  author={Cascella, Marco and Montomoli, Jonathan and Bellini, Valentina and Bignami, Elena},
  journal={Journal of medical systems},
  volume={47},
  number={1},
  pages={33},
  year={2023},
  publisher={Springer}
}

@article{huang2024trustllm,
  title={Trustllm: Trustworthiness in large language models},
  author={Huang, Yue and Sun, Lichao and Wang, Haoran and Wu, Siyuan and Zhang, Qihui and Li, Yuan and Gao, Chujie and Huang, Yixin and Lyu, Wenhan and Zhang, Yixuan and others},
  journal={arXiv preprint arXiv:2401.05561},
  year={2024}
}

@article{liu2023trustworthy,
  title={Trustworthy LLMs: A survey and guideline for evaluating large language models' alignment},
  author={Liu, Yang and Yao, Yuanshun and Ton, Jean-Francois and Zhang, Xiaoying and Cheng, Ruocheng Guo Hao and Klochkov, Yegor and Taufiq, Muhammad Faaiz and Li, Hang},
  journal={arXiv preprint arXiv:2308.05374},
  year={2023}
}

@article{yao2023llm,
  title={Llm lies: Hallucinations are not bugs, but features as adversarial examples},
  author={Yao, Jia-Yu and Ning, Kun-Peng and Liu, Zhen-Hui and Ning, Mu-Nan and Liu, Yu-Yang and Yuan, Li},
  journal={arXiv preprint arXiv:2310.01469},
  year={2023}
}

@article{huang2024survey,
  title={A survey on hallucination in large language models: Principles, taxonomy, challenges, and open questions},
  author={Huang, Lei and Yu, Weijiang and Ma, Weitao and Zhong, Weihong and Feng, Zhangyin and Wang, Haotian and Chen, Qianglong and Peng, Weihua and Feng, Xiaocheng and Qin, Bing and others},
  journal={ACM Transactions on Information Systems},
  year={2024},
  publisher={ACM New York, NY}
}

@article{tomani2024uncertainty,
  title={Uncertainty-Based Abstention in LLMs Improves Safety and Reduces Hallucinations},
  author={Tomani, Christian and Chaudhuri, Kamalika and Evtimov, Ivan and Cremers, Daniel and Ibrahim, Mark},
  journal={arXiv preprint arXiv:2404.10960},
  year={2024}
}

@inproceedings{zad2021survey,
  title={A survey of deep learning methods on semantic similarity and sentence modeling},
  author={Zad, Samira and Heidari, Maryam and Hajibabaee, Parisa and Malekzadeh, Masoud},
  booktitle={2021 IEEE 12th Annual Information Technology, Electronics and Mobile Communication Conference (IEMCON)},
  pages={0466--0472},
  year={2021},
  organization={IEEE}
}

@inproceedings{tanneru2024quantifying,
  title={Quantifying uncertainty in natural language explanations of large language models},
  author={Tanneru, Sree Harsha and Agarwal, Chirag and Lakkaraju, Himabindu},
  booktitle={International Conference on Artificial Intelligence and Statistics},
  pages={1072--1080},
  year={2024},
  organization={PMLR}
}

@inproceedings{nadeem2009accuracy,
  title={Accuracy-rejection curves (ARCs) for comparing classification methods with a reject option},
  author={Nadeem, Malik Sajjad Ahmed and Zucker, Jean-Daniel and Hanczar, Blaise},
  booktitle={Machine Learning in Systems Biology},
  pages={65--81},
  year={2009},
  organization={PMLR}
}

@inproceedings{
he2021deberta,
title={DEBERTA: DECODING-ENHANCED BERT WITH DISENTANGLED ATTENTION},
author={Pengcheng He and Xiaodong Liu and Jianfeng Gao and Weizhu Chen},
booktitle={International Conference on Learning Representations},
year={2021},
url={https://openreview.net/forum?id=XPZIaotutsD}
}

@inproceedings{choi2024fact,
  title={Fact-gpt: Fact-checking augmentation via claim matching with llms},
  author={Choi, Eun Cheol and Ferrara, Emilio},
  booktitle={Companion Proceedings of the ACM on Web Conference 2024},
  pages={883--886},
  year={2024}
}

@article{vashurin2024benchmarking,
  title={Benchmarking uncertainty quantification methods for large language models with lm-polygraph},
  author={Vashurin, Roman and Fadeeva, Ekaterina and Vazhentsev, Artem and Rvanova, Lyudmila and Tsvigun, Akim and Vasilev, Daniil and Xing, Rui and Sadallah, Abdelrahman Boda and Grishchenkov, Kirill and Petrakov, Sergey and others},
  journal={arXiv preprint arXiv:2406.15627},
  year={2024}
}

@article{wang2023explainable,
  title={Explainable claim verification via knowledge-grounded reasoning with large language models},
  author={Wang, Haoran and Shu, Kai},
  journal={arXiv preprint arXiv:2310.05253},
  year={2023}
}

@article{reddy2019coqa,
  title={Coqa: A conversational question answering challenge},
  author={Reddy, Siva and Chen, Danqi and Manning, Christopher D},
  journal={Transactions of the Association for Computational Linguistics},
  volume={7},
  pages={249--266},
  year={2019},
  publisher={MIT Press One Rogers Street, Cambridge, MA 02142-1209, USA journals-info~…}
}

@article{wang2020theoretical,
  title={Theoretical and experimental investigations on spectral Lp/Lq norm ratio and spectral Gini index for rotating machine health monitoring},
  author={Wang, Dong and Peng, Zhike and Xi, Lifeng},
  journal={IEEE Transactions on Automation Science and Engineering},
  volume={18},
  number={3},
  pages={1074--1086},
  year={2020},
  publisher={IEEE}
}

@article{de2000multilinear,
  title={A multilinear singular value decomposition},
  author={De Lathauwer, Lieven and De Moor, Bart and Vandewalle, Joos},
  journal={SIAM journal on Matrix Analysis and Applications},
  volume={21},
  number={4},
  pages={1253--1278},
  year={2000},
  publisher={SIAM}
}

@article{kolda2009tensor,
  title={Tensor decompositions and applications},
  author={Kolda, Tamara G and Bader, Brett W},
  journal={SIAM review},
  volume={51},
  number={3},
  pages={455--500},
  year={2009},
  publisher={SIAM}
}

@article{kwiatkowski2019natural,
  title={Natural questions: a benchmark for question answering research},
  author={Kwiatkowski, Tom and Palomaki, Jennimaria and Redfield, Olivia and Collins, Michael and Parikh, Ankur and Alberti, Chris and Epstein, Danielle and Polosukhin, Illia and Devlin, Jacob and Lee, Kenton and others},
  journal={Transactions of the Association for Computational Linguistics},
  volume={7},
  pages={453--466},
  year={2019},
  publisher={MIT Press One Rogers Street, Cambridge, MA 02142-1209, USA journals-info~…}
}

@article{yang2018hotpotqa,
  title={HotpotQA: A dataset for diverse, explainable multi-hop question answering},
  author={Yang, Zhilin and Qi, Peng and Zhang, Saizheng and Bengio, Yoshua and Cohen, William W and Salakhutdinov, Ruslan and Manning, Christopher D},
  journal={arXiv preprint arXiv:1809.09600},
  year={2018}
}

@article{joshi2017triviaqa,
  title={Triviaqa: A large scale distantly supervised challenge dataset for reading comprehension},
  author={Joshi, Mandar and Choi, Eunsol and Weld, Daniel S and Zettlemoyer, Luke},
  journal={arXiv preprint arXiv:1705.03551},
  year={2017}
}

@article{dubey2024llama,
  title={The llama 3 herd of models},
  author={Dubey, Abhimanyu and Jauhri, Abhinav and Pandey, Abhinav and Kadian, Abhishek and Al-Dahle, Ahmad and Letman, Aiesha and Mathur, Akhil and Schelten, Alan and Yang, Amy and Fan, Angela and others},
  journal={arXiv preprint arXiv:2407.21783},
  year={2024}
}

@article{abdin2024phi,
  title={Phi-4 technical report},
  author={Abdin, Marah and Aneja, Jyoti and Behl, Harkirat and Bubeck, S{\'e}bastien and Eldan, Ronen and Gunasekar, Suriya and Harrison, Michael and Hewett, Russell J and Javaheripi, Mojan and Kauffmann, Piero and others},
  journal={arXiv preprint arXiv:2412.08905},
  year={2024}
}


@article{guo2025deepseek,
  title={Deepseek-r1: Incentivizing reasoning capability in llms via reinforcement learning},
  author={Guo, Daya and Yang, Dejian and Zhang, Haowei and Song, Junxiao and Zhang, Ruoyu and Xu, Runxin and Zhu, Qihao and Ma, Shirong and Wang, Peiyi and Bi, Xiao and others},
  journal={arXiv preprint arXiv:2501.12948},
  year={2025}
}

@article{wang2025aleatoric,
  title={From Aleatoric to Epistemic: Exploring Uncertainty Quantification Techniques in Artificial Intelligence},
  author={Wang, Tianyang and Wang, Yunze and Zhou, Jun and Peng, Benji and Song, Xinyuan and Zhang, Charles and Sun, Xintian and Niu, Qian and Liu, Junyu and Chen, Silin and others},
  journal={arXiv preprint arXiv:2501.03282},
  year={2025}
}

@article{hu2024decomposition,
  title={Decomposition Dilemmas: Does Claim Decomposition Boost or Burden Fact-Checking Performance?},
  author={Hu, Qisheng and Long, Quanyu and Wang, Wenya},
  journal={arXiv preprint arXiv:2411.02400},
  year={2024}
}

@article{von2007tutorial,
  title={A tutorial on spectral clustering},
  author={Von Luxburg, Ulrike},
  journal={Statistics and computing},
  volume={17},
  pages={395--416},
  year={2007},
  publisher={Springer}
}

@article{agaskar2013spectral,
  title={A spectral graph uncertainty principle},
  author={Agaskar, Ameya and Lu, Yue M},
  journal={IEEE Transactions on Information Theory},
  volume={59},
  number={7},
  pages={4338--4356},
  year={2013},
  publisher={IEEE}
}

@article{team2023gemini,
  title={Gemini: a family of highly capable multimodal models},
  author={Team, Gemini and Anil, Rohan and Borgeaud, Sebastian and Alayrac, Jean-Baptiste and Yu, Jiahui and Soricut, Radu and Schalkwyk, Johan and Dai, Andrew M and Hauth, Anja and Millican, Katie and others},
  journal={arXiv preprint arXiv:2312.11805},
  year={2023}
}