@misc{Westerfeld_audiowmark,
  author       = {Stefan Westerfeld},
  title        = {audiowmark: Audio Watermarking},
  year         = {2020},
  howpublished = {\url{https://github.com/swesterfeld/audiowmark}},
  note         = {Accessed: 2025-01-02}
}

@article{agnew2024sound,
  title = {Sound Check: Auditing Audio Datasets},
  author = {William Agnew and Julia Barnett and Annie Chu and Rachel Hong and Michael Feffer and Robin Netzorg and Harry H. Jiang and Ezra Awumey and Sauvik Das},
  journal = {arXiv preprint 2410.13114},
  year = {2024},
  url = {http://arxiv.org/pdf/2410.13114v1},
}

@article{barnett2024exploring,
  title = {Exploring Musical Roots: Applying Audio Embeddings to Empower Influence Attribution for a Generative Music Model},
  author = {Julia Barnett and Hugo Flores Garcia and Bryan Pardo},
  journal = {arXiv preprint 2401.14542},
  year = {2024},
  url = {http://arxiv.org/pdf/2401.14542v1},
}

@article{chen2023wavmark,
  title={Wavmark: Watermarking for audio generation},
  author={Chen, Guangyu and Wu, Yu and Liu, Shujie and Liu, Tao and Du, Xiaoyong and Wei, Furu},
  journal={arXiv preprint arXiv:2308.12770},
  year={2023}
}

@article{defossez2022high,
  title={High fidelity neural audio compression},
  author={Defossez, Alexandre and Copet, Jade and Synnaeve, Gabriel and Adi, Yossi},
  journal={arXiv preprint arXiv:2210.13438},
  year={2022}
}

@article{du2024sok,
  title = {SoK: Dataset Copyright Auditing in Machine Learning Systems},
  author = {Linkang Du and Xuanru Zhou and Min Chen and Chusong Zhang and Zhou Su and Peng Cheng and Jiming Chen and Zhikun Zhang},
  journal = {arXiv preprint 2410.16618},
  year = {2024},
  url = {http://arxiv.org/pdf/2410.16618v1},
}

@article{hu2020selection,
  title = {Selection of the optimal embedding positions of digital audio watermarking in wavelet domain},
  author = {Yangxia Hu and Maode Ma and Wenhuan Lu and Neal N. Xiong and Jianguo Wei},
  journal = {arXiv preprint 2010.11461},
  year = {2020},
  url = {http://arxiv.org/pdf/2010.11461v1},
}

@article{liu2023detecting,
  title = {Detecting Voice Cloning Attacks via Timbre Watermarking},
  author = {Chang Liu and Jie Zhang and Tianwei Zhang and Xi Yang and Weiming Zhang and Nenghai Yu},
  journal = {arXiv preprint 2312.03410},
  year = {2023},
  url = {http://arxiv.org/pdf/2312.03410v1},
}

@article{qin2022lattice,
  title = {A Lattice-Based Embedding Method for Reversible Audio Watermarking},
  author = {Junren Qin and Shanxiang Lyu and Jiarui Deng and Xingyuan Liang and Shijun Xiang and Hao Chen},
  journal = {arXiv preprint 2209.07066},
  year = {2022},
  url = {http://arxiv.org/pdf/2209.07066v1},
}

@inproceedings{san2024proactive,
  title={Proactive detection of voice cloning with localized watermarking},
  author={San Roman, Robin and Fernandez, Pierre and Elsahar, Hady and D{\'e}fossez, Alexandre and Furon, Teddy and Tran, Tuan},
  booktitle={International Conference on Machine Learning},
  volume={235},
  year={2024}
}

@article{zhang2017robust,
  title = {Robust Audio Watermarking Algorithm Based on Moving Average and DCT},
  author = {Jinquan Zhang and Bin Han},
  journal = {arXiv preprint 1704.02755},
  year = {2017},
  url = {http://arxiv.org/pdf/1704.02755v1},
}

@article{zhang2020time,
  title = {A Time-Frequency Perspective on Audio Watermarking},
  author = {Haijian Zhang},
  journal = {arXiv preprint 2002.03156},
  year = {2020},
  url = {http://arxiv.org/pdf/2002.03156v1},
}

