@String(PAMI = {IEEE Trans. Pattern Anal. Mach. Intell.})
@String(IJCV = {Int. J. Comput. Vis.})
@String(CVPR= {IEEE Conf. Comput. Vis. Pattern Recog.})
@String(ICCV= {Int. Conf. Comput. Vis.})
@String(ECCV= {Eur. Conf. Comput. Vis.})
@String(NIPS= {Adv. Neural Inform. Process. Syst.})
@String(ICPR = {Int. Conf. Pattern Recog.})
@String(BMVC= {Brit. Mach. Vis. Conf.})
@String(TOG= {ACM Trans. Graph.})
@String(TIP  = {IEEE Trans. Image Process.})
@String(TVCG  = {IEEE Trans. Vis. Comput. Graph.})
@String(TMM  = {IEEE Trans. Multimedia})
@String(ACMMM= {ACM Int. Conf. Multimedia})
@String(ICME = {Int. Conf. Multimedia and Expo})
@String(ICASSP=	{ICASSP})
@String(ICIP = {IEEE Int. Conf. Image Process.})
@String(ACCV  = {ACCV})
@String(ICLR = {Int. Conf. Learn. Represent.})
@String(IJCAI = {IJCAI})
@String(PR   = {Pattern Recognition})
@String(AAAI = {AAAI})
@String(CVPRW= {IEEE Conf. Comput. Vis. Pattern Recog. Worksh.})
@String(CSVT = {IEEE Trans. Circuit Syst. Video Technol.})

@String(SPL	= {IEEE Sign. Process. Letters})
@String(VR   = {Vis. Res.})
@String(JOV	 = {J. Vis.})
@String(TVC  = {The Vis. Comput.})
@String(JCST  = {J. Comput. Sci. Tech.})
@String(CGF  = {Comput. Graph. Forum})
@String(CVM = {Computational Visual Media})


@String(PAMI  = {IEEE TPAMI})
@String(IJCV  = {IJCV})
@String(CVPR  = {CVPR})
@String(ICCV  = {ICCV})
@String(ECCV  = {ECCV})
@String(NIPS  = {NeurIPS})
@String(ICPR  = {ICPR})
@String(BMVC  =	{BMVC})
@String(TOG   = {ACM TOG})
@String(TIP   = {IEEE TIP})
@String(TVCG  = {IEEE TVCG})
@String(TCSVT = {IEEE TCSVT})
@String(TMM   =	{IEEE TMM})
@String(ACMMM = {ACM MM})
@String(ICME  =	{ICME})
@String(ICASSP=	{ICASSP})
@String(ICIP  = {ICIP})
@String(ACCV  = {ACCV})
@String(ICLR  = {ICLR})
@String(IJCAI = {IJCAI})
@String(PR = {PR})
@String(AAAI = {AAAI})
@String(CVPRW= {CVPRW})
@String(CSVT = {IEEE TCSVT})




% diffusion models




@inproceedings{
song2020denoising,
title={Denoising Diffusion Implicit Models},
author={Jiaming Song and Chenlin Meng and Stefano Ermon},
booktitle={International Conference on Learning Representations},
year={2021}
}

@article{dhariwal2021diffusion,
  title={Diffusion models beat gans on image synthesis},
  author={Dhariwal, Prafulla and Nichol, Alexander},
  journal={Advances in Neural Information Processing Systems},
  volume={34},
  pages={8780--8794},
  year={2021}
}

@inproceedings{rombach2022high,
  title={High-resolution image synthesis with latent diffusion models},
  author={Rombach, Robin and Blattmann, Andreas and Lorenz, Dominik and Esser, Patrick and Ommer, Bj{\"o}rn},
  booktitle={Proceedings of the IEEE/CVF Conference on Computer Vision and Pattern Recognition},
  pages={10684--10695},
  year={2022}
}

@inproceedings{sohl2015deep,
  title={Deep unsupervised learning using nonequilibrium thermodynamics},
  author={Sohl-Dickstein, Jascha and Weiss, Eric and Maheswaranathan, Niru and Ganguli, Surya},
  booktitle={International Conference on Machine Learning},
  year={2015}
}

@inproceedings{ho2020denoising,
  title={Denoising Diffusion Probabilistic Models},
  author={Jonathan Ho and Ajay Jain and Pieter Abbeel},
  booktitle={Advances in neural information processing systems},
  year={2020}
}

@inproceedings{
karras2022elucidating,
title={Elucidating the Design Space of Diffusion-Based Generative Models},
author={Tero Karras and Miika Aittala and Timo Aila and Samuli Laine},
booktitle={Advances in Neural Information Processing Systems},
editor={Alice H. Oh and Alekh Agarwal and Danielle Belgrave and Kyunghyun Cho},
year={2022},
url={https://openreview.net/forum?id=k7FuTOWMOc7}
}

@inproceedings{
saharia2022photorealistic,
title={Photorealistic Text-to-Image Diffusion Models with Deep Language Understanding},
author={Chitwan Saharia and William Chan and Saurabh Saxena and Lala Li and Jay Whang and Emily Denton and Seyed Kamyar Seyed Ghasemipour and Raphael Gontijo-Lopes and Burcu Karagol Ayan and Tim Salimans and Jonathan Ho and David J. Fleet and Mohammad Norouzi},
booktitle={Advances in Neural Information Processing Systems},
editor={Alice H. Oh and Alekh Agarwal and Danielle Belgrave and Kyunghyun Cho},
year={2022},
url={https://openreview.net/forum?id=08Yk-n5l2Al}
}

@article{zhang2023adding,
  title={Adding Conditional Control to Text-to-Image Diffusion Models},
  author={Zhang, Lvmin and Agrawala, Maneesh},
  journal={arXiv preprint arXiv:2302.05543},
  year={2023}
}

% Diffusion-based text-to-image models

@article{ramesh2022hierarchical,
  title={Hierarchical text-conditional image generation with clip latents},
  author={Ramesh, Aditya and Dhariwal, Prafulla and Nichol, Alex and Chu, Casey and Chen, Mark},
  journal={arXiv preprint arXiv:2204.06125},
  year={2022}
}

@misc{Midjourney,
	title = {{Midjourney}},
	journal = {Midjourney},
	howpublished = "\url{https://www.midjourney.com}"
}
	% year = {2023},
	% month = feb,
	% note = {[Online; accessed 28. Feb. 2023]},

@misc{SD,
	title = {{Stable Diffusion}},
	journal = {Stable Diffusion},
	howpublished = "\url{https://github.com/Stability-AI/stablediffusion}"
}

@article{balaji2022ediffi,
  title={eDiff-I: Text-to-image diffusion models with an ensemble of expert denoisers},
  author={Balaji, Yogesh and Nah, Seungjun and Huang, Xun and Vahdat, Arash and Song, Jiaming and Kreis, Karsten and Aittala, Miika and Aila, Timo and Laine, Samuli and Catanzaro, Bryan and others},
  journal={arXiv preprint arXiv:2211.01324},
  year={2022}
}

% other text-2-image models

@article{chang2023muse,
  title={Muse: Text-To-Image Generation via Masked Generative Transformers},
  author={Chang, Huiwen and Zhang, Han and Barber, Jarred and Maschinot, AJ and Lezama, Jose and Jiang, Lu and Yang, Ming-Hsuan and Murphy, Kevin and Freeman, William T and Rubinstein, Michael and others},
  journal={arXiv preprint arXiv:2301.00704},
  year={2023}
}

@article{yu2022scaling,
  title={Scaling autoregressive models for content-rich text-to-image generation},
  author={Yu, Jiahui and Xu, Yuanzhong and Koh, Jing Yu and Luong, Thang and Baid, Gunjan and Wang, Zirui and Vasudevan, Vijay and Ku, Alexander and Yang, Yinfei and Ayan, Burcu Karagol and others},
  journal={arXiv preprint arXiv:2206.10789},
  year={2022}
}

@article{sauer2023stylegan,
  title={StyleGAN-T: Unlocking the Power of GANs for Fast Large-Scale Text-to-Image Synthesis},
  author={Sauer, Axel and Karras, Tero and Laine, Samuli and Geiger, Andreas and Aila, Timo},
  journal={arXiv preprint arXiv:2301.09515},
  year={2023}
}

% personalized models

@article{ruiz2022dreambooth,
  title={DreamBooth: Fine Tuning Text-to-image Diffusion Models for Subject-Driven Generation},
  author={Ruiz, Nataniel and Li, Yuanzhen and Jampani, Varun and Pritch, Yael and Rubinstein, Michael and Aberman, Kfir},
  booktitle={arXiv preprint arxiv:2208.12242},
  year={2022}
}

@inproceedings{
gal2023an,
title={An Image is Worth One Word: Personalizing Text-to-Image Generation using Textual Inversion},
author={Rinon Gal and Yuval Alaluf and Yuval Atzmon and Or Patashnik and Amit Haim Bermano and Gal Chechik and Daniel Cohen-or},
booktitle={The Eleventh International Conference on Learning Representations },
year={2023},
url={https://openreview.net/forum?id=NAQvF08TcyG}
}

@inproceedings{10.1145/3240323.3241729,
author = {Amat, Fernando and Chandrashekar, Ashok and Jebara, Tony and Basilico, Justin},
title = {Artwork Personalization at Netflix},
year = {2018},
isbn = {9781450359016},
publisher = {Association for Computing Machinery},
address = {New York, NY, USA},
url = {https://doi.org/10.1145/3240323.3241729},
doi = {10.1145/3240323.3241729},
booktitle = {Proceedings of the 12th ACM Conference on Recommender Systems},
pages = {487–488},
numpages = {2},
keywords = {recommender systems, image personalization, netflix, multi-arm bandit},
location = {Vancouver, British Columbia, Canada},
series = {RecSys '18}
}

@inproceedings{shamsian2021personalized,
  title={Personalized federated learning using hypernetworks},
  author={Shamsian, Aviv and Navon, Aviv and Fetaya, Ethan and Chechik, Gal},
  booktitle={International Conference on Machine Learning},
  pages={9489--9502},
  year={2021},
  organization={PMLR}
}

@inproceedings{SuPerFed,
author = {Hahn, Seok-Ju and Jeong, Minwoo and Lee, Junghye},
title = {Connecting Low-Loss Subspace for Personalized Federated Learning},
year = {2022},
isbn = {9781450393850},
publisher = {Association for Computing Machinery},
address = {New York, NY, USA},
doi = {10.1145/3534678.3539254},
booktitle = {Proceedings of the 28th ACM SIGKDD Conference on Knowledge Discovery and Data Mining},
pages = {505–515},
numpages = {11},
keywords = {label noise, federated learning, personalization, personalized federated learning, non-iid data, mode connectivity},
location = {Washington DC, USA},
series = {KDD '22},
archivePrefix = {arXiv},
arxivId = {2109.07628}
}

@article{kumari2022customdiffusion,
  author = {Kumari, Nupur and Zhang, Bingliang and Zhang, Richard and Shechtman, Eli and Zhu, Jun-Yan},
  title = {Multi-Concept Customization of Text-to-Image Diffusion},
  journal = {CVPR},
  year = {2023},
}

% adversarial attacks

@article{liang2023adversarial,
  title={Adversarial Example Does Good: Preventing Painting Imitation from Diffusion Models via Adversarial Examples},
  author={Liang, Chumeng and Wu, Xiaoyu and Hua, Yang and Zhang, Jiaru and Xue, Yiming and Song, Tao and Xue, Zhengui and Ma, Ruhui and Guan, Haibing},
  journal={arXiv preprint arXiv:2302.04578},
  year={2023}
}

% Language & VL models

@article{2020t5,
  author  = {Colin Raffel and Noam Shazeer and Adam Roberts and Katherine Lee and Sharan Narang and Michael Matena and Yanqi Zhou and Wei Li and Peter J. Liu},
  title   = {Exploring the Limits of Transfer Learning with a Unified Text-to-Text Transformer},
  journal = {Journal of Machine Learning Research},
  year    = {2020},
  volume  = {21},
  number  = {140},
  pages   = {1-67},
  url     = {http://jmlr.org/papers/v21/20-074.html}
}

@inproceedings{radford2021learning,
  title={Learning transferable visual models from natural language supervision},
  author={Radford, Alec and Kim, Jong Wook and Hallacy, Chris and Ramesh, Aditya and Goh, Gabriel and Agarwal, Sandhini and Sastry, Girish and Askell, Amanda and Mishkin, Pamela and Clark, Jack and others},
  booktitle={International conference on machine learning},
  pages={8748--8763},
  year={2021},
  organization={PMLR}
}

% Deepfake defenses

@inproceedings{yang2021defending,
  title={Defending against gan-based deepfake attacks via transformation-aware adversarial faces},
  author={Yang, Chaofei and Ding, Leah and Chen, Yiran and Li, Hai},
  booktitle={2021 international joint conference on neural networks (IJCNN)},
  pages={1--8},
  year={2021},
  organization={IEEE}
}

@inproceedings{ruiz2020disrupting,
  title={Disrupting deepfakes: Adversarial attacks against conditional image translation networks and facial manipulation systems},
  author={Ruiz, Nataniel and Bargal, Sarah Adel and Sclaroff, Stan},
  booktitle={Computer Vision--ECCV 2020 Workshops: Glasgow, UK, August 23--28, 2020, Proceedings, Part IV 16},
  pages={236--251},
  year={2020},
  organization={Springer}
}

@inproceedings{yeh2020disrupting,
  title={Disrupting image-translation-based deepfake algorithms with adversarial attacks},
  author={Yeh, Chin-Yuan and Chen, Hsi-Wen and Tsai, Shang-Lun and Wang, Sheng-De},
  booktitle={Proceedings of the IEEE/CVF Winter Conference on Applications of Computer Vision Workshops},
  pages={53--62},
  year={2020}
}

@inproceedings{huang2021initiative,
  title={Initiative defense against facial manipulation},
  author={Huang, Qidong and Zhang, Jie and Zhou, Wenbo and Zhang, Weiming and Yu, Nenghai},
  booktitle={Proceedings of the AAAI Conference on Artificial Intelligence},
  volume={35},
  number={2},
  pages={1619--1627},
  year={2021}
}

@article{wang2022anti,
  title={Anti-Forgery: Towards a Stealthy and Robust DeepFake Disruption Attack via Adversarial Perceptual-aware Perturbations},
  author={Wang, Run and Huang, Ziheng and Chen, Zhikai and Liu, Li and Chen, Jing and Wang, Lina},
  journal={arXiv preprint arXiv:2206.00477},
  year={2022}
}

% Other image cloaking

@inproceedings{shan2020fawkes,
  title={Fawkes: Protecting privacy against unauthorized deep learning models},
  author={Shan, Shawn and Wenger, Emily and Zhang, Jiayun and Li, Huiying and Zheng, Haitao and Zhao, Ben Y},
  booktitle={Proceedings of the 29th USENIX Security Symposium},
  year={2020}
}

@inproceedings{cherepanova2021lowkey,
  title={LowKey: Leveraging Adversarial Attacks to Protect Social Media Users from Facial Recognition},
  author={Cherepanova, Valeriia and Goldblum, Micah and Foley, Harrison and Duan, Shiyuan and Dickerson, John P and Taylor, Gavin and Goldstein, Tom},
  booktitle={Proceedings of the International Conference on Learning Representations (ICLR)},
  year={2021}
}

@inproceedings{hu2022protecting,
  title={Protecting facial privacy: generating adversarial identity masks via style-robust makeup transfer},
  author={Hu, Shengshan and Liu, Xiaogeng and Zhang, Yechao and Li, Minghui and Zhang, Leo Yu and Jin, Hai and Wu, Libing},
  booktitle={Proceedings of the IEEE/CVF Conference on Computer Vision and Pattern Recognition},
  pages={15014--15023},
  year={2022}
}

@article{zhong2022opom,
  title={OPOM: Customized Invisible Cloak towards Face Privacy Protection},
  author={Zhong, Yaoyao and Deng, Weihong},
  journal={IEEE Transactions on Pattern Analysis and Machine Intelligence},
  year={2022},
  publisher={IEEE}
}

@inproceedings{li2023unganable,
  title={UnGANable: Defending Against GAN-based Face Manipulation},
  author={Li, Zheng and Yu, Ning and Salem, Ahmed and Backes, Michael and Fritz, Mario and Zhang, Yang},
  booktitle={USENIX Security},
  year={2023}
}
%--

@inproceedings{sharif2016accessorize,
  title={Accessorize to a crime: Real and stealthy attacks on state-of-the-art face recognition},
  author={Sharif, Mahmood and Bhagavatula, Sruti and Bauer, Lujo and Reiter, Michael K},
  booktitle={Proceedings of the 2016 acm sigsac conference on computer and communications security},
  pages={1528--1540},
  year={2016}
}

@inproceedings{sun2018hybrid,
  title={A hybrid model for identity obfuscation by face replacement},
  author={Sun, Qianru and Tewari, Ayush and Xu, Weipeng and Fritz, Mario and Theobalt, Christian and Schiele, Bernt},
  booktitle={Proceedings of the European conference on computer vision (ECCV)},
  pages={553--569},
  year={2018}
}

@inproceedings{komkov2021advhat,
  title={Advhat: Real-world adversarial attack on arcface face id system},
  author={Komkov, Stepan and Petiushko, Aleksandr},
  booktitle={2020 25th International Conference on Pattern Recognition (ICPR)},
  pages={819--826},
  year={2021},
  organization={IEEE}
}

@inproceedings{thys2019fooling,
  title={Fooling automated surveillance cameras: adversarial patches to attack person detection},
  author={Thys, Simen and Van Ranst, Wiebe and Goedem{\'e}, Toon},
  booktitle={Proceedings of the IEEE/CVF conference on computer vision and pattern recognition workshops},
  pages={0--0},
  year={2019}
}

@inproceedings{wu2020making,
  title={Making an invisibility cloak: Real world adversarial attacks on object detectors},
  author={Wu, Zuxuan and Lim, Ser-Nam and Davis, Larry S and Goldstein, Tom},
  booktitle={Computer Vision--ECCV 2020: 16th European Conference, Glasgow, UK, August 23--28, 2020, Proceedings, Part IV 16},
  pages={1--17},
  year={2020},
  organization={Springer}
}

% misc

@article{Roose2022Sep,
	author = {Roose, Kevin},
	title = {{AI-Generated Art Won a Prize. Artists Aren{'}t Happy.}},
	journal = {N.Y. Times},
	year = {2022},
	month = sep,
	issn = {0362-4331},
	publisher = {The New York Times},
	url = {https://www.nytimes.com/2022/09/02/technology/ai-artificial-intelligence-artists.html}
}

@article{Ingram2022Dec,
	author = {Ingram, David and Goode, Justine and Nair, Anjali},
	title = {{You against the machine: Can you spot which image was created by A.I.?}},
	journal = {NBC News},
	year = {2022},
	month = dec,
	publisher = {NBC News},
	url = {https://www.nbcnews.com/specials/ai-generated-art-photo-quiz/index.html}
}

@article{juefei2022countering,
  title={Countering malicious deepfakes: Survey, battleground, and horizon},
  author={Juefei-Xu, Felix and Wang, Run and Huang, Yihao and Guo, Qing and Ma, Lei and Liu, Yang},
  journal={International Journal of Computer Vision},
  volume={130},
  number={7},
  pages={1678--1734},
  year={2022},
  publisher={Springer}
}

@article{Schuhmann2022LAION5BAO,
  title={LAION-5B: An open large-scale dataset for training next generation image-text models},
  author={Christoph Schuhmann and Romain Beaumont and Richard Vencu and Cade Gordon and Ross Wightman and Mehdi Cherti and Theo Coombes and Aarush Katta and Clayton Mullis and Mitchell Wortsman and Patrick Schramowski and Srivatsa Kundurthy and Katherine Crowson and Ludwig Schmidt and Robert Kaczmarczyk and Jenia Jitsev},
  journal={ArXiv},
  year={2022},
  volume={abs/2210.08402}
}

@inproceedings{Nichol2021GLIDETP,
  title={GLIDE: Towards Photorealistic Image Generation and Editing with Text-Guided Diffusion Models},
  author={Alex Nichol and Prafulla Dhariwal and Aditya Ramesh and Pranav Shyam and Pamela Mishkin and Bob McGrew and Ilya Sutskever and Mark Chen},
  booktitle={International Conference on Machine Learning},
  year={2021}
}

@article{Ramesh2022HierarchicalTI,
  title={Hierarchical Text-Conditional Image Generation with CLIP Latents},
  author={Aditya Ramesh and Prafulla Dhariwal and Alex Nichol and Casey Chu and Mark Chen},
  journal={ArXiv},
  year={2022},
  volume={abs/2204.06125}
}

@inproceedings{madry2018towards,
title={Towards Deep Learning Models Resistant to Adversarial Attacks},
author={Aleksander Madry and Aleksandar Makelov and Ludwig Schmidt and Dimitris Tsipras and Adrian Vladu},
booktitle={International Conference on Learning Representations},
year={2018},
url={https://openreview.net/forum?id=rJzIBfZAb},
}

@article{Goodfellow2014ExplainingAH,
  title={Explaining and Harnessing Adversarial Examples},
  author={Ian J. Goodfellow and Jonathon Shlens and Christian Szegedy},
  journal={CoRR},
  year={2014},
  volume={abs/1412.6572}
}

@INPROCEEDINGS {cw,
author = {N. Carlini and D. Wagner},
booktitle = {2017 IEEE Symposium on Security and Privacy (SP)},
title = {Towards Evaluating the Robustness of Neural Networks},
year = {2017},
volume = {},
issn = {2375-1207},
pages = {39-57},
keywords = {neural networks;robustness;measurement;speech recognition;security;malware;resists},
doi = {10.1109/SP.2017.49},
url = {https://doi.ieeecomputersociety.org/10.1109/SP.2017.49},
publisher = {IEEE Computer Society},
address = {Los Alamitos, CA, USA},
month = {may}
}

@INPROCEEDINGS {deepfool,
author = {S. Moosavi-Dezfooli and A. Fawzi and P. Frossard},
booktitle = {2016 IEEE Conference on Computer Vision and Pattern Recognition (CVPR)},
title = {DeepFool: A Simple and Accurate Method to Fool Deep Neural Networks},
year = {2016},
volume = {},
issn = {1063-6919},
pages = {2574-2582},
doi = {10.1109/CVPR.2016.282},
url = {https://doi.ieeecomputersociety.org/10.1109/CVPR.2016.282},
publisher = {IEEE Computer Society},
address = {Los Alamitos, CA, USA},
month = {jun}
}

@misc{hsja,
  doi = {10.48550/ARXIV.1904.02144},
  url = {https://arxiv.org/abs/1904.02144},
  author = {Chen, Jianbo and Jordan, Michael I. and Wainwright, Martin J.},
  keywords = {Machine Learning (cs.LG), Cryptography and Security (cs.CR), Optimization and Control (math.OC), Machine Learning (stat.ML), FOS: Computer and information sciences, FOS: Computer and information sciences, FOS: Mathematics, FOS: Mathematics},
  title = {HopSkipJumpAttack: A Query-Efficient Decision-Based Attack},
  publisher = {arXiv},
  year = {2019},
  copyright = {arXiv.org perpetual, non-exclusive license}
}

@misc{square,
  doi = {10.48550/ARXIV.1912.00049},
  url = {https://arxiv.org/abs/1912.00049},
  author = {Andriushchenko, Maksym and Croce, Francesco and Flammarion, Nicolas and Hein, Matthias},
  keywords = {Machine Learning (cs.LG), Cryptography and Security (cs.CR), Computer Vision and Pattern Recognition (cs.CV), Machine Learning (stat.ML), FOS: Computer and information sciences, FOS: Computer and information sciences},
  title = {Square Attack: a query-efficient black-box adversarial attack via random search},
  publisher = {arXiv},
  year = {2019},
  copyright = {arXiv.org perpetual, non-exclusive license}
}

@misc{autoattack,
  doi = {10.48550/ARXIV.2003.01690},
  url = {https://arxiv.org/abs/2003.01690},
  author = {Croce, Francesco and Hein, Matthias},
  keywords = {Machine Learning (cs.LG), Computer Vision and Pattern Recognition (cs.CV), Machine Learning (stat.ML), FOS: Computer and information sciences, FOS: Computer and information sciences},
  title = {Reliable evaluation of adversarial robustness with an ensemble of diverse parameter-free attacks},
  publisher = {arXiv},
  year = {2020},
  copyright = {arXiv.org perpetual, non-exclusive license}
}

@misc{grad_obf,
  doi = {10.48550/ARXIV.1802.00420},
  url = {https://arxiv.org/abs/1802.00420},
  author = {Athalye, Anish and Carlini, Nicholas and Wagner, David},
  keywords = {Machine Learning (cs.LG), Artificial Intelligence (cs.AI), Cryptography and Security (cs.CR), FOS: Computer and information sciences, FOS: Computer and information sciences},
  title = {Obfuscated Gradients Give a False Sense of Security: Circumventing Defenses to Adversarial Examples},
  publisher = {arXiv},
  year = {2018},  
  copyright = {arXiv.org perpetual, non-exclusive license}
}

@misc{eot,
  doi = {10.48550/ARXIV.1707.07397},
  url = {https://arxiv.org/abs/1707.07397},
  author = {Athalye, Anish and Engstrom, Logan and Ilyas, Andrew and Kwok, Kevin},
  keywords = {Computer Vision and Pattern Recognition (cs.CV), FOS: Computer and information sciences, FOS: Computer and information sciences},
  title = {Synthesizing Robust Adversarial Examples},
  publisher = {arXiv},
  year = {2017},  
  copyright = {arXiv.org perpetual, non-exclusive license}
}

@misc{bim,
  doi = {10.48550/ARXIV.1607.02533},
  url = {https://arxiv.org/abs/1607.02533},
  author = {Kurakin, Alexey and Goodfellow, Ian and Bengio, Samy},
  keywords = {Computer Vision and Pattern Recognition (cs.CV), Cryptography and Security (cs.CR), Machine Learning (cs.LG), Machine Learning (stat.ML), FOS: Computer and information sciences, FOS: Computer and information sciences},
  title = {Adversarial examples in the physical world},
  publisher = {arXiv},
  year = {2016},
  copyright = {arXiv.org perpetual, non-exclusive license}
}

@misc{boundary,
  doi = {10.48550/ARXIV.1712.04248},
  url = {https://arxiv.org/abs/1712.04248},
  author = {Brendel, Wieland and Rauber, Jonas and Bethge, Matthias},
  keywords = {Machine Learning (stat.ML), Cryptography and Security (cs.CR), Computer Vision and Pattern Recognition (cs.CV), Machine Learning (cs.LG), Neural and Evolutionary Computing (cs.NE), FOS: Computer and information sciences, FOS: Computer and information sciences},
  title = {Decision-Based Adversarial Attacks: Reliable Attacks Against Black-Box Machine Learning Models},
  publisher = {arXiv},
  year = {2017},
  copyright = {arXiv.org perpetual, non-exclusive license}
}

@misc{spsa,
  doi = {10.48550/ARXIV.1802.05666},
  url = {https://arxiv.org/abs/1802.05666},
  author = {Uesato, Jonathan and O'Donoghue, Brendan and Oord, Aaron van den and Kohli, Pushmeet},
  keywords = {Machine Learning (cs.LG), Cryptography and Security (cs.CR), Machine Learning (stat.ML), FOS: Computer and information sciences, FOS: Computer and information sciences},
  title = {Adversarial Risk and the Dangers of Evaluating Against Weak Attacks},
  publisher = {arXiv},
  year = {2018},  
  copyright = {arXiv.org perpetual, non-exclusive license}
}

@inproceedings{lpips,
  title={The unreasonable effectiveness of deep features as a perceptual metric},
  author={Zhang, Richard and Isola, Phillip and Efros, Alexei A and Shechtman, Eli and Wang, Oliver},
  booktitle={Proceedings of the IEEE conference on computer vision and pattern recognition},
  pages={586--595},
  year={2018}
}

@ARTICLE{ssim,
  author={Zhou Wang and Bovik, A.C. and Sheikh, H.R. and Simoncelli, E.P.},
  journal={IEEE Transactions on Image Processing}, 
  title={Image quality assessment: from error visibility to structural similarity}, 
  year={2004},
  volume={13},
  number={4},
  pages={600-612},
}

@ARTICLE{Brisque,
  author={Mittal, Anish and Moorthy, Anush Krishna and Bovik, Alan Conrad},
  journal={IEEE Transactions on Image Processing}, 
  title={No-Reference Image Quality Assessment in the Spatial Domain}, 
  year={2012},
  volume={21},
  number={12},
  pages={4695-4708},
}

@InProceedings{Cao18,
  author       = "Qiong Cao and Li Shen and Weidi Xie and Omkar M. Parkhi and Andrew Zisserman",
  title        = "{VGGFace2}: A dataset for recognising faces across pose and age",
  booktitle    = "International Conference on Automatic Face and Gesture Recognition",
  year         = "2018",
}

@misc{celeba_id,
	title = {{CelebA-HQ-Face-Identity-and-Attributes-Recognition-PyTorch}},
	journal = {GitHub},
	howpublished = "\url{https://github.com/ndb796/CelebA-HQ-Face-Identity-and-Attributes-Recognition-PyTorch}"
}

@article{karras2017progressive,
  title={Progressive growing of gans for improved quality, stability, and variation},
  author={Karras, Tero and Aila, Timo and Laine, Samuli and Lehtinen, Jaakko},
  journal={arXiv preprint arXiv:1710.10196},
  year={2017}
}

@inproceedings{deng2020retinaface,
    title={Retinaface: Single-shot multi-level face localisation in the wild},
    author={Deng, Jiankang and Guo, Jia and Ververas, Evangelos and Kotsia, Irene and Zafeiriou, Stefanos},
    booktitle={Proceedings of the IEEE/CVF Conference on Computer Vision and Pattern Recognition},
    pages={5203--5212},
    year={2020}
}

@inproceedings{deng2019arcface,
  title={Arcface: Additive angular margin loss for deep face recognition},
  author={Deng, Jiankang and Guo, Jia and Xue, Niannan and Zafeiriou, Stefanos},
  booktitle={Proceedings of the IEEE/CVF conference on computer vision and pattern recognition},
  pages={4690--4699},
  year={2019}
}

@inproceedings{wang2022exploring,
    author = {Wang, Jianyi and Chan, Kelvin CK and Loy, Chen Change},
    title = {Exploring CLIP for Assessing the Look and Feel of Images},
    booktitle = {AAAI},
    year = {2023}
}

@inproceedings{TerhorstKDKK20,
  author    = {Philipp Terh{\"{o}}rst and
               Jan Niklas Kolf and
               Naser Damer and
               Florian Kirchbuchner and
               Arjan Kuijper},
  title     = {{SER-FIQ:} Unsupervised Estimation of Face Image Quality Based on
               Stochastic Embedding Robustness},
  booktitle = {2020 {IEEE/CVF} Conference on Computer Vision and Pattern Recognition,
               {CVPR} 2020, Seattle, WA, USA, June 13-19, 2020},
  pages     = {5650--5659},
  publisher = {{IEEE}},
}

@inproceedings{babnik2022faceqan,
  title={Faceqan: Face image quality assessment through adversarial noise exploration},
  author={Babnik, {\v{Z}}iga and Peer, Peter and {\v{S}}truc, Vitomir},
  booktitle={2022 26th International Conference on Pattern Recognition (ICPR)},
  pages={748--754},
  year={2022},
  organization={IEEE}
}

@article{Shen2023PromptSA,
  title={Prompt Stealing Attacks Against Text-to-Image Generation Models},
  author={Xinyue Shen and Yi Qian Qu and Michael Backes and Yang Zhang},
  journal={ArXiv},
  year={2023},
  volume={abs/2302.09923}
}

@inproceedings{liu2015faceattributes,
  title = {Deep Learning Face Attributes in the Wild},
  author = {Liu, Ziwei and Luo, Ping and Wang, Xiaogang and Tang, Xiaoou},
  booktitle = {Proceedings of International Conference on Computer Vision (ICCV)},
  month = {December},
  year = {2015} 
}

@article{weng2018metalearning,
  title   = "Meta-Learning: Learning to Learn Fast",
  author  = "Weng, Lilian",
  journal = "lilianweng.github.io",
  year    = "2018",
  url     = "https://lilianweng.github.io/posts/2018-11-30-meta-learning/"
}

@misc{pes,
  doi = {10.48550/ARXIV.2112.13835},
  url = {https://arxiv.org/abs/2112.13835},
  author = {Vicol, Paul and Metz, Luke and Sohl-Dickstein, Jascha},
  keywords = {Machine Learning (cs.LG), Machine Learning (stat.ML), FOS: Computer and information sciences, FOS: Computer and information sciences},
  title = {Unbiased Gradient Estimation in Unrolled Computation Graphs with Persistent Evolution Strategies},
  publisher = {arXiv},
  year = {2021},  
  copyright = {arXiv.org perpetual, non-exclusive license}
}

@misc{von-platen-etal-2022-diffusers,
  author = {Patrick von Platen and Suraj Patil and Anton Lozhkov and Pedro Cuenca and Nathan Lambert and Kashif Rasul and Mishig Davaadorj and Thomas Wolf},
  title = {Diffusers: State-of-the-art diffusion models},
  year = {2022},
  publisher = {GitHub},
  journal = {GitHub repository},
  howpublished = {\url{https://github.com/huggingface/diffusers}}
}

@misc{astria,
	title = {Astria},
	howpublished = "\url{https://www.astria.ai/}"
}

@article{huang2020metapoison,
  title={Metapoison: Practical general-purpose clean-label data poisoning},
  author={Huang, W Ronny and Geiping, Jonas and Fowl, Liam and Taylor, Gavin and Goldstein, Tom},
  journal={Advances in Neural Information Processing Systems},
  volume={33},
  pages={12080--12091},
  year={2020}
}

@misc{choi2023customedit,
      title={Custom-Edit: Text-Guided Image Editing with Customized Diffusion Models}, 
      author={Jooyoung Choi and Yunjey Choi and Yunji Kim and Junho Kim and Sungroh Yoon},
      year={2023},
      eprint={2305.15779},
      archivePrefix={arXiv},
      primaryClass={cs.CV}
}

@misc{shi2023dragdiffusion,
      title={DragDiffusion: Harnessing Diffusion Models for Interactive Point-based Image Editing}, 
      author={Yujun Shi and Chuhui Xue and Jiachun Pan and Wenqing Zhang and Vincent Y. F. Tan and Song Bai},
      year={2023},
      eprint={2306.14435},
      archivePrefix={arXiv},
      primaryClass={cs.CV}
}

@misc{ruiz2023dreambooth,
      title={DreamBooth: Fine Tuning Text-to-Image Diffusion Models for Subject-Driven Generation}, 
      author={Nataniel Ruiz and Yuanzhen Li and Varun Jampani and Yael Pritch and Michael Rubinstein and Kfir Aberman},
      year={2023},
      eprint={2208.12242},
      archivePrefix={arXiv},
      primaryClass={cs.CV}
}

@misc{song2021scorebased,
      title={Score-Based Generative Modeling through Stochastic Differential Equations}, 
      author={Yang Song and Jascha Sohl-Dickstein and Diederik P. Kingma and Abhishek Kumar and Stefano Ermon and Ben Poole},
      year={2021},
      eprint={2011.13456},
      archivePrefix={arXiv},
      primaryClass={cs.LG}
}

@misc{rombach2022highresolution,
      title={High-Resolution Image Synthesis with Latent Diffusion Models}, 
      author={Robin Rombach and Andreas Blattmann and Dominik Lorenz and Patrick Esser and Björn Ommer},
      year={2022},
      eprint={2112.10752},
      archivePrefix={arXiv},
      primaryClass={cs.CV}
}

@misc{kim2022diffusionclip,
      title={DiffusionCLIP: Text-Guided Diffusion Models for Robust Image Manipulation}, 
      author={Gwanghyun Kim and Taesung Kwon and Jong Chul Ye},
      year={2022},
      eprint={2110.02711},
      archivePrefix={arXiv},
      primaryClass={cs.CV}
}

@InProceedings{le_etal2023antidreambooth,
  title={Anti-DreamBooth: Protecting users from personalized text-to-image synthesis},
  author={Thanh Van Le and Hao Phung and Thuan Hoang Nguyen and Quan Dao and Ngoc Tran and Anh Tran},
  booktitle={Proceedings of the IEEE/CVF International Conference on Computer Vision (ICCV)},
  year={2023}
}

@misc{gal2022image,
      title={An Image is Worth One Word: Personalizing Text-to-Image Generation using Textual Inversion}, 
      author={Rinon Gal and Yuval Alaluf and Yuval Atzmon and Or Patashnik and Amit H. Bermano and Gal Chechik and Daniel Cohen-Or},
      year={2022},
      eprint={2208.01618},
      archivePrefix={arXiv},
      primaryClass={cs.CV}
}

@ARTICLE{6272356,
  author={Mittal, Anish and Moorthy, Anush Krishna and Bovik, Alan Conrad},
  journal={IEEE Transactions on Image Processing}, 
  title={No-Reference Image Quality Assessment in the Spatial Domain}, 
  year={2012},
  volume={21},
  number={12},
  pages={4695-4708},
  doi={10.1109/TIP.2012.2214050}}

@misc{he2021fast,
      title={Towards Fast and Accurate Real-World Depth Super-Resolution: Benchmark Dataset and Baseline}, 
      author={Lingzhi He and Hongguang Zhu and Feng Li and Huihui Bai and Runmin Cong and Chunjie Zhang and Chunyu Lin and Meiqin Liu and Yao Zhao},
      year={2021},
      eprint={2104.06174},
      archivePrefix={arXiv},
      primaryClass={cs.CV}
}

@article{Shorten_2019,
	doi = {10.1186/s40537-019-0197-0},
	url = {https://doi.org/10.1186%2Fs40537-019-0197-0},
	year = 2019,
	month = {jul},
	publisher = {Springer Science and Business Media {LLC}},
	volume = {6},
	number = {1},
	author = {Connor Shorten and Taghi M. Khoshgoftaar},
	title = {A survey on Image Data Augmentation for Deep Learning},
	journal = {Journal of Big Data}
}

@misc{athalye2018synthesizing,
      title={Synthesizing Robust Adversarial Examples}, 
      author={Anish Athalye and Logan Engstrom and Andrew Ilyas and Kevin Kwok},
      year={2018},
      eprint={1707.07397},
      archivePrefix={arXiv},
      primaryClass={cs.CV}
}

@INPROCEEDINGS{8578273,
  author={Eykholt, Kevin and Evtimov, Ivan and Fernandes, Earlence and Li, Bo and Rahmati, Amir and Xiao, Chaowei and Prakash, Atul and Kohno, Tadayoshi and Song, Dawn},
  booktitle={2018 IEEE/CVF Conference on Computer Vision and Pattern Recognition}, 
  title={Robust Physical-World Attacks on Deep Learning Visual Classification}, 
  year={2018},
  volume={},
  number={},
  pages={1625-1634},
  doi={10.1109/CVPR.2018.00175}}

@misc{kingma2017adam,
      title={Adam: A Method for Stochastic Optimization}, 
      author={Diederik P. Kingma and Jimmy Ba},
      year={2017},
      eprint={1412.6980},
      archivePrefix={arXiv},
      primaryClass={cs.LG}
}

@InProceedings{Rombach_2022_CVPR,
    author    = {Rombach, Robin and Blattmann, Andreas and Lorenz, Dominik and Esser, Patrick and Ommer, Bj\"orn},
    title     = {High-Resolution Image Synthesis With Latent Diffusion Models},
    booktitle = {Proceedings of the IEEE/CVF Conference on Computer Vision and Pattern Recognition (CVPR)},
    month     = {June},
    year      = {2022},
    pages     = {10684-10695}
}

@misc{replicate,
  author = "Replicate",
  title = "Replicate",
  url = {https://replicate.com/},
  year = {2023},
  accessed = {2023-09-28}
}

@InProceedings{lueddecke22_cvpr,
    author    = {L\"uddecke, Timo and Ecker, Alexander},
    title     = {Image Segmentation Using Text and Image Prompts},
    booktitle = {Proceedings of the IEEE/CVF Conference on Computer Vision and Pattern Recognition (CVPR)},
    month     = {June},
    year      = {2022},
    pages     = {7086-7096}
}

@article{liang2021swinir,
  title={SwinIR: Image Restoration Using Swin Transformer},
  author={Liang, Jingyun and Cao, Jiezhang and Sun, Guolei and Zhang, Kai and Van Gool, Luc and Timofte, Radu},
  journal={arXiv preprint arXiv:2108.10257},
  year={2021}
}

@article{liang2023mist,
  title={Mist: Towards Improved Adversarial Examples for Diffusion Models},
  author={Liang, Chumeng and Wu, Xiaoyu},
  journal={arXiv preprint arXiv:2305.12683},
  year={2023}
}

@article{totonews,
 author  = {Kevin Jiang},
 date    = {2022-12-1},
 title   = {These AI images look just like me. What does that mean for the future of deepfakes?},
 journal = {Toronto Star},
}

@inproceedings{serengil2021lightface,
  title        = {HyperExtended LightFace: A Facial Attribute Analysis Framework},
  author       = {Serengil, Sefik Ilkin and Ozpinar, Alper},
  booktitle    = {2021 International Conference on Engineering and Emerging Technologies (ICEET)},
  pages        = {1-4},
  year         = {2021},
  doi          = {10.1109/ICEET53442.2021.9659697},
  url          = {https://doi.org/10.1109/ICEET53442.2021.9659697},
  organization = {IEEE}
}

@misc{liu2019feature,
      title={Feature Distillation: DNN-Oriented JPEG Compression Against Adversarial Examples}, 
      author={Zihao Liu and Qi Liu and Tao Liu and Nuo Xu and Xue Lin and Yanzhi Wang and Wujie Wen},
      year={2019},
      eprint={1803.05787},
      archivePrefix={arXiv},
      primaryClass={cs.CV}
}

@misc{wang2020adversarial,
      title={Adversarial Defense via Data Dependent Activation Function and Total Variation Minimization}, 
      author={Bao Wang and Alex T. Lin and Wei Zhu and Penghang Yin and Andrea L. Bertozzi and Stanley J. Osher},
      year={2020},
      eprint={1809.08516},
      archivePrefix={arXiv},
      primaryClass={cs.LG}
}

@article{mustafa2019image,
  title={Image Super-Resolution as a Defense Against Adversarial Attacks},
  author={Mustafa, Aamir and Khan, Salman H and Hayat, Munawar and Shen, Jianbing and Shao, Ling},
  journal={IEEE Transactions on Image Processing},
  volume={29},
  pages={1711--1724},
  year={2019},
  publisher={IEEE},
  doi={10.1109/TIP.2019.2940533}
}

@inproceedings{cao2018vggface2,
  title={VGGFace2: A Dataset for Recognising Faces across Pose and Age},
  author={Cao, Qiong and Shen, Li and Xie, Weidi and Parkhi, Omkar M. and Zisserman, Andrew},
  booktitle={2018 13th IEEE International Conference on Automatic Face \& Gesture Recognition (FG 2018)},
  pages={67--74},
  year={2018},
  organization={IEEE},
  doi={10.1109/FG.2018.00020}
}

@misc{laidlaw2019functional,
      title={Functional Adversarial Attacks}, 
      author={Cassidy Laidlaw and Soheil Feizi},
      year={2019},
      eprint={1906.00001},
      archivePrefix={arXiv},
      primaryClass={cs.LG}
}

@article{huang2021unlearnable,
  title={Unlearnable examples: Making personal data unexploitable},
  author={Huang, Hanxun and Ma, Xingjun and Erfani, Sarah Monazam and Bailey, James and Wang, Yisen},
  journal={arXiv preprint arXiv:2101.04898},
  year={2021}
}

@article{feng2019learning,
  title={Learning to confuse: generating training time adversarial data with auto-encoder},
  author={Feng, Ji and Cai, Qi-Zhi and Zhou, Zhi-Hua},
  journal={Advances in Neural Information Processing Systems},
  volume={32},
  year={2019}
}

@inproceedings{yu2022availability,
  title={Availability attacks create shortcuts},
  author={Yu, Da and Zhang, Huishuai and Chen, Wei and Yin, Jian and Liu, Tie-Yan},
  booktitle={Proceedings of the 28th ACM SIGKDD Conference on Knowledge Discovery and Data Mining},
  pages={2367--2376},
  year={2022}
}

@article{tao2021better,
  title={Better safe than sorry: Preventing delusive adversaries with adversarial training},
  author={Tao, Lue and Feng, Lei and Yi, Jinfeng and Huang, Sheng-Jun and Chen, Songcan},
  journal={Advances in Neural Information Processing Systems},
  volume={34},
  pages={16209--16225},
  year={2021}
}

@article{fu2022robust,
  title={Robust unlearnable examples: Protecting data against adversarial learning},
  author={Fu, Shaopeng and He, Fengxiang and Liu, Yang and Shen, Li and Tao, Dacheng},
  journal={arXiv preprint arXiv:2203.14533},
  year={2022}
}

@inproceedings{sadasivan2023cuda,
  title={Cuda: Convolution-based unlearnable datasets},
  author={Sadasivan, Vinu Sankar and Soltanolkotabi, Mahdi and Feizi, Soheil},
  booktitle={Proceedings of the IEEE/CVF Conference on Computer Vision and Pattern Recognition},
  pages={3862--3871},
  year={2023}
}

@article{fang2023towards,
  title={Towards Generalizable Data Protection With Transferable Unlearnable Examples},
  author={Fang, Bin and Li, Bo and Wu, Shuang and Zheng, Tianyi and Ding, Shouhong and Yi, Ran and Ma, Lizhuang},
  journal={arXiv preprint arXiv:2305.11191},
  year={2023}
}

@inproceedings{ji2022unlearnable,
  title={Unlearnable Examples: Protecting Open-Source Software from Unauthorized Neural Code Learning.},
  author={Ji, Zhenlan and Ma, Pingchuan and Wang, Shuai},
  booktitle={SEKE},
  pages={525--530},
  year={2022}
}

@article{liu2023graphcloak,
  title={GraphCloak: Safeguarding Task-specific Knowledge within Graph-structured Data from Unauthorized Exploitation},
  author={Liu, Yixin and Fan, Chenrui and Chen, Xun and Zhou, Pan and Sun, Lichao},
  journal={arXiv preprint arXiv:2310.07100},
  year={2023}
}

@article{ren2022transferable,
  title={Transferable unlearnable examples},
  author={Ren, Jie and Xu, Han and Wan, Yuxuan and Ma, Xingjun and Sun, Lichao and Tang, Jiliang},
  journal={arXiv preprint arXiv:2210.10114},
  year={2022}
}

@article{bar2022visual,
  title={Visual prompting via image inpainting},
  author={Bar, Amir and Gandelsman, Yossi and Darrell, Trevor and Globerson, Amir and Efros, Alexei},
  journal={Advances in Neural Information Processing Systems},
  volume={35},
  pages={25005--25017},
  year={2022}
}

@inproceedings{carlini2023extracting,
  title={Extracting training data from diffusion models},
  author={Carlini, Nicolas and Hayes, Jamie and Nasr, Milad and Jagielski, Matthew and Sehwag, Vikash and Tramer, Florian and Balle, Borja and Ippolito, Daphne and Wallace, Eric},
  booktitle={32nd USENIX Security Symposium (USENIX Security 23)},
  pages={5253--5270},
  year={2023}
}

@article{vyas2023provable,
  title={Provable copyright protection for generative models},
  author={Vyas, Nikhil and Kakade, Sham and Barak, Boaz},
  journal={arXiv preprint arXiv:2302.10870},
  year={2023}
}

@article{salman2023raising,
  title={Raising the cost of malicious ai-powered image editing},
  author={Salman, Hadi and Khaddaj, Alaa and Leclerc, Guillaume and Ilyas, Andrew and Madry, Aleksander},
  journal={arXiv preprint arXiv:2302.06588},
  year={2023}
}

@article{zheng2023understanding,
  title={Understanding and Improving Adversarial Attacks on Latent Diffusion Model},
  author={Zheng, Boyang and Liang, Chumeng and Wu, Xiaoyu and Liu, Yan},
  journal={arXiv preprint arXiv:2310.04687},
  year={2023}
}

@article{shan2023glaze,
  title={Glaze: Protecting artists from style mimicry by text-to-image models},
  author={Shan, Shawn and Cryan, Jenna and Wenger, Emily and Zheng, Haitao and Hanocka, Rana and Zhao, Ben Y},
  journal={arXiv preprint arXiv:2302.04222},
  year={2023}
}

@article{meng2021sdedit,
  title={Sdedit: Guided image synthesis and editing with stochastic differential equations},
  author={Meng, Chenlin and He, Yutong and Song, Yang and Song, Jiaming and Wu, Jiajun and Zhu, Jun-Yan and Ermon, Stefano},
  journal={arXiv preprint arXiv:2108.01073},
  year={2021}
}

@article{raj2023dreambooth3d,
  title={Dreambooth3d: Subject-driven text-to-3d generation},
  author={Raj, Amit and Kaza, Srinivas and Poole, Ben and Niemeyer, Michael and Ruiz, Nataniel and Mildenhall, Ben and Zada, Shiran and Aberman, Kfir and Rubinstein, Michael and Barron, Jonathan and others},
  journal={arXiv preprint arXiv:2303.13508},
  year={2023}
}

@inproceedings{finn2017model,
  title={Model-agnostic meta-learning for fast adaptation of deep networks},
  author={Finn, Chelsea and Abbeel, Pieter and Levine, Sergey},
  booktitle={International conference on machine learning},
  pages={1126--1135},
  year={2017},
  organization={PMLR}
}

@inproceedings{zhang2023blind,
  title={Blind image quality assessment via vision-language correspondence: A multitask learning perspective},
  author={Zhang, Weixia and Zhai, Guangtao and Wei, Ying and Yang, Xiaokang and Ma, Kede},
  booktitle={Proceedings of the IEEE/CVF Conference on Computer Vision and Pattern Recognition},
  pages={14071--14081},
  year={2023}
}

@article{goodfellow2014explaining,
  title={Explaining and harnessing adversarial examples},
  author={Goodfellow, Ian J and Shlens, Jonathon and Szegedy, Christian},
  journal={arXiv preprint arXiv:1412.6572},
  year={2014}
}

@article{zhang2020time,
  title = {A Time-Frequency Perspective on Audio Watermarking},
  author = {Haijian Zhang},
  journal = {arXiv preprint 2002.03156},
  year = {2020},
  url = {http://arxiv.org/pdf/2002.03156v1},
}

@article{liu2024audiomarkbench,
  title = {AudioMarkBench: Benchmarking Robustness of Audio Watermarking},
  author = {Hongbin Liu and Moyang Guo and Zhengyuan Jiang and Lun Wang and Neil Zhenqiang Gong},
  journal = {arXiv preprint 2406.06979},
  year = {2024},
  url = {http://arxiv.org/pdf/2406.06979v1},
}

@article{takahashi2021source,
  title = {Source Mixing and Separation Robust Audio Steganography},
  author = {Naoya Takahashi and Mayank Kumar Singh and Yuki Mitsufuji},
  journal = {arXiv preprint 2110.05054},
  year = {2021},
  url = {http://arxiv.org/pdf/2110.05054v2},
}

@article{panachakel2017high,
  title = {High Resilience Diverse Domain Multilevel Audio Watermarking with Adaptive Threshold},
  author = {Jerrin Thomas Panachakel and Anurenjan P. R},
  journal = {arXiv preprint 1707.01742},
  year = {2017},
  url = {http://arxiv.org/pdf/1707.01742v1},
}

@article{hu2020selection,
  title = {Selection of the optimal embedding positions of digital audio watermarking in wavelet domain},
  author = {Yangxia Hu and Maode Ma and Wenhuan Lu and Neal N. Xiong and Jianguo Wei},
  journal = {arXiv preprint 2010.11461},
  year = {2020},
  url = {http://arxiv.org/pdf/2010.11461v1},
}

@article{zhang2017robust,
  title = {Robust Audio Watermarking Algorithm Based on Moving Average and DCT},
  author = {Jinquan Zhang and Bin Han},
  journal = {arXiv preprint 1704.02755},
  year = {2017},
  url = {http://arxiv.org/pdf/1704.02755v1},
}

@article{li2024ideaw,
  title = {IDEAW: Robust Neural Audio Watermarking with Invertible Dual-Embedding},
  author = {Pengcheng Li and Xulong Zhang and Jing Xiao and Jianzong Wang},
  journal = {arXiv preprint 2409.19627},
  year = {2024},
  url = {http://arxiv.org/pdf/2409.19627v1},
}

@article{juvela2024audio,
  title = {Audio Codec Augmentation for Robust Collaborative Watermarking of Speech Synthesis},
  author = {Lauri Juvela and Xin Wang},
  journal = {arXiv preprint 2409.13382},
  year = {2024},
  url = {http://arxiv.org/pdf/2409.13382v1},
}

@article{qin2022lattice,
  title = {A Lattice-Based Embedding Method for Reversible Audio Watermarking},
  author = {Junren Qin and Shanxiang Lyu and Jiarui Deng and Xingyuan Liang and Shijun Xiang and Hao Chen},
  journal = {arXiv preprint 2209.07066},
  year = {2022},
  url = {http://arxiv.org/pdf/2209.07066v1},
}

@article{gallo2021design,
  title = {Design of multiplicative watermarking against covert attacks},
  author = {Alexander J. Gallo and Sribalaji C. Anand and André M. H. Teixeira and Riccardo M. G. Ferrari},
  journal = {arXiv preprint 2110.00555},
  year = {2021},
  url = {http://arxiv.org/pdf/2110.00555v1},
}

@article{patel2013security,
  title = {Security Issues In Speech Watermarking for Information Transmission},
  author = {Rupa Patel and Urmila Shrawankar},
  journal = {arXiv preprint 1304.6872},
  year = {2013},
  url = {http://arxiv.org/pdf/1304.6872v1},
}

@article{saini2014survey,
  title = {A Survey of Digital Watermarking Techniques and its Applications},
  author = {Lalit Kumar Saini and Vishal Shrivastava},
  journal = {arXiv preprint 1407.4735},
  year = {2014},
  url = {http://arxiv.org/pdf/1407.4735v1},
}

@article{das2021deep,
  title = {A Deep Learning-based Audio-in-Image Watermarking Scheme},
  author = {Arjon Das and Xin Zhong},
  journal = {arXiv preprint 2110.02436},
  year = {2021},
  url = {http://arxiv.org/pdf/2110.02436v1},
}

@article{ros2023robust,
  title = {Towards Robust Image-in-Audio Deep Steganography},
  author = {Jaume Ros and Margarita Geleta and Jordi Pons and Xavier Giro-i-Nieto},
  journal = {arXiv preprint 2303.05007},
  year = {2023},
  url = {http://arxiv.org/pdf/2303.05007v2},
}

@article{cao2023invisible,
  title = {Invisible Watermarking for Audio Generation Diffusion Models},
  author = {Xirong Cao and Xiang Li and Divyesh Jadav and Yanzhao Wu and Zhehui Chen and Chen Zeng and Wenqi Wei},
  journal = {arXiv preprint 2309.13166},
  year = {2023},
  url = {http://arxiv.org/pdf/2309.13166v2},
}

@article{jin-quan2017synchronization,
  title = {A Synchronization Algorithm Based on Moving Average for Robust Audio Watermarking Scheme},
  author = {Zhang Jin-quan and Han Bin},
  journal = {arXiv preprint 1704.02754},
  year = {2017},
  url = {http://arxiv.org/pdf/1704.02754v1},
}

@article{tai2019audio,
  title = {Audio Watermarking over the Air With Modulated Self-Correlation},
  author = {Yuan-Yen Tai and Mohamed F. Mansour},
  journal = {arXiv preprint 1903.08238},
  year = {2019},
  url = {http://arxiv.org/pdf/1903.08238v1},
}

@article{roman2024latent,
  title = {Latent Watermarking of Audio Generative Models},
  author = {Robin San Roman and Pierre Fernandez and Antoine Deleforge and Yossi Adi and Romain Serizel},
  journal = {arXiv preprint 2409.02915},
  year = {2024},
  url = {http://arxiv.org/pdf/2409.02915v1},
}

@article{qiu2024evaluating,
  title = {Evaluating Durability: Benchmark Insights into Multimodal Watermarking},
  author = {Jielin Qiu and William Han and Xuandong Zhao and Shangbang Long and Christos Faloutsos and Lei Li},
  journal = {arXiv preprint 2406.03728},
  year = {2024},
  url = {http://arxiv.org/pdf/2406.03728v1},
}

@article{ghasemzadeh2017comprehensive,
  title = {Comprehensive Review of Audio Steganalysis Methods},
  author = {Hamzeh Ghasemzadeh and Mohammad H. Kayvanrad},
  journal = {arXiv preprint 1701.05611},
  year = {2017},
  url = {http://arxiv.org/pdf/1701.05611v3},
}

@article{chen2024digital,
  title = {Digital Fingerprinting on Multimedia: A Survey},
  author = {Wendi Chen and Wensheng Gan and Philip S. Yu},
  journal = {arXiv preprint 2408.14155},
  year = {2024},
  url = {http://arxiv.org/pdf/2408.14155v1},
}

@article{bas2012effective,
  title = {The Effective Key Length of Watermarking Schemes},
  author = {Patrick Bas and Teddy Furon},
  journal = {arXiv preprint 1202.3562},
  year = {2012},
  url = {http://arxiv.org/pdf/1202.3562v1},
}

@article{liu2024groot,
  title = {GROOT: Generating Robust Watermark for Diffusion-Model-Based Audio Synthesis},
  author = {Weizhi Liu and Yue Li and Dongdong Lin and Hui Tian and Haizhou Li},
  journal = {arXiv preprint 2407.10471},
  year = {2024},
  url = {http://arxiv.org/pdf/2407.10471v2},
}

@article{xu2021graph,
  title = {Graph Fourier Transform based Audio Zero-watermarking},
  author = {Longting Xu and Daiyu Huang and Syed Faham Ali Zaidi and Abdul Rauf and Rohan Kumar Das},
  journal = {arXiv preprint 2109.08007},
  year = {2021},
  url = {http://arxiv.org/pdf/2109.08007v1},
}

@article{liu2022dear,
  title = {DeAR: A Deep-learning-based Audio Re-recording Resilient Watermarking},
  author = {Chang Liu and Jie Zhang and Han Fang and Zehua Ma and Weiming Zhang and Nenghai Yu},
  journal = {arXiv preprint 2212.02339},
  year = {2022},
  url = {http://arxiv.org/pdf/2212.02339v4},
}

@article{zhou2022robust,
  title = {Robust Watermarking for Video Forgery Detection with Improved Imperceptibility and Robustness},
  author = {Yangming Zhou and Qichao Ying and Xiangyu Zhang and Zhenxing Qian and Sheng Li and Xinpeng Zhang},
  journal = {arXiv preprint 2207.03409},
  year = {2022},
  url = {http://arxiv.org/pdf/2207.03409v1},
}

@article{kinakh2024evaluation,
  title = {Evaluation of Security of ML-based Watermarking: Copy and Removal Attacks},
  author = {Vitaliy Kinakh and Brian Pulfer and Yury Belousov and Pierre Fernandez and Teddy Furon and Slava Voloshynovskiy},
  journal = {arXiv preprint 2409.18211},
  year = {2024},
  url = {http://arxiv.org/pdf/2409.18211v2},
}

@article{singh2024silentcipher,
  title = {SilentCipher: Deep Audio Watermarking},
  author = {Mayank Kumar Singh and Naoya Takahashi and Weihsiang Liao and Yuki Mitsufuji},
  journal = {arXiv preprint 2406.03822},
  year = {2024},
  url = {http://arxiv.org/pdf/2406.03822v2},
}

@article{zhang2024v2a,
  title = {V2A-Mark: Versatile Deep Visual-Audio Watermarking for Manipulation Localization and Copyright Protection},
  author = {Xuanyu Zhang and Youmin Xu and Runyi Li and Jiwen Yu and Weiqi Li and Zhipei Xu and Jian Zhang},
  journal = {arXiv preprint 2404.16824},
  year = {2024},
  url = {http://arxiv.org/pdf/2404.16824v2},
}

@article{qu2024provably,
  title = {Provably Robust Multi-bit Watermarking for AI-generated Text},
  author = {Wenjie Qu and Wengrui Zheng and Tianyang Tao and Dong Yin and Yanze Jiang and Zhihua Tian and Wei Zou and Jinyuan Jia and Jiaheng Zhang},
  journal = {arXiv preprint 2401.16820},
  year = {2024},
  url = {http://arxiv.org/pdf/2401.16820v3},
}

@article{wadhera2022comprehensive,
  title = {A Comprehensive Review on Digital Image Watermarking},
  author = {Shweta Wadhera and Deepa Kamra and Ankit Rajpal and Aruna Jain and Vishal Jain},
  journal = {arXiv preprint 2207.06909},
  year = {2022},
  url = {http://arxiv.org/pdf/2207.06909v1},
}

@article{guo2023practical,
  title = {Practical Deep Dispersed Watermarking with Synchronization and Fusion},
  author = {Hengchang Guo and Qilong Zhang and Junwei Luo and Feng Guo and Wenbin Zhang and Xiaodong Su and Minglei Li},
  journal = {arXiv preprint 2310.14532},
  year = {2023},
  url = {http://arxiv.org/pdf/2310.14532v1},
}

@article{li2021survey,
  title = {A survey of deep neural network watermarking techniques},
  author = {Yue Li and Hongxia Wang and Mauro Barni},
  journal = {arXiv preprint 2103.09274},
  year = {2021},
  url = {http://arxiv.org/pdf/2103.09274v1},
}

@article{mankar2012robust,
  title = {Robust Image Watermarking Under Pixel Wise Masking Framework},
  author = {V. H. Mankar and T. S. Das and S. Saha and S. K. Sarkar},
  journal = {arXiv preprint 1207.2699},
  year = {2012},
  url = {http://arxiv.org/pdf/1207.2699v1},
}

@article{liu2023automatic,
  title = {Automatic Localization and Detection Applicable to Robust Image Watermarking Resisting against Camera Shooting},
  author = {Ming Liu},
  journal = {arXiv preprint 2304.13953},
  year = {2023},
  url = {http://arxiv.org/pdf/2304.13953v1},
}

@article{ma2022blind,
  title = {Towards Blind Watermarking: Combining Invertible and Non-invertible Mechanisms},
  author = {Rui Ma and Mengxi Guo and Yi Hou and Fan Yang and Yuan Li and Huizhu Jia and Xiaodong Xie},
  journal = {arXiv preprint 2212.12678},
  year = {2022},
  url = {http://arxiv.org/pdf/2212.12678v1},
}

@inproceedings{san2024proactive,
  title={Proactive detection of voice cloning with localized watermarking},
  author={San Roman, Robin and Fernandez, Pierre and Elsahar, Hady and D{\'e}fossez, Alexandre and Furon, Teddy and Tran, Tuan},
  booktitle={International Conference on Machine Learning},
  volume={235},
  year={2024}
}

@article{huang2023optimal,
  title = {Towards Optimal Statistical Watermarking},
  author = {Baihe Huang and Hanlin Zhu and Banghua Zhu and Kannan Ramchandran and Michael I. Jordan and Jason D. Lee and Jiantao Jiao},
  journal = {arXiv preprint 2312.07930},
  year = {2023},
  url = {http://arxiv.org/pdf/2312.07930v3},
}

@article{zhang2019robust,
  title = {Robust Invisible Video Watermarking with Attention},
  author = {Kevin Alex Zhang and Lei Xu and Alfredo Cuesta-Infante and Kalyan Veeramachaneni},
  journal = {arXiv preprint 1909.01285},
  year = {2019},
  url = {http://arxiv.org/pdf/1909.01285v1},
}

@article{patel2013secure,
  title = {Secure Transmission of Password Using Speech Watermarking},
  author = {Rupa Patel and Urmila Shrawankar and V. M Thakare},
  journal = {arXiv preprint 1304.8080},
  year = {2013},
  url = {http://arxiv.org/pdf/1304.8080v1},
}

@article{huang2024waterpool,
  title = {WaterPool: A Watermark Mitigating Trade-offs among Imperceptibility, Efficacy and Robustness},
  author = {Baizhou Huang and Xiaojun Wan},
  journal = {arXiv preprint 2405.13517},
  year = {2024},
  url = {http://arxiv.org/pdf/2405.13517v1},
}

@article{das2012performance,
  title = {Performance Evaluation of Spread Spectrum Watermarking using Error Control Coding},
  author = {T. S. Das and V. H. Mankar and S. K. Sarkar},
  journal = {arXiv preprint 1207.2687},
  year = {2012},
  url = {http://arxiv.org/pdf/1207.2687v1},
}

@article{cho2022attributable,
  title = {Attributable-Watermarking of Speech Generative Models},
  author = {Yongbaek Cho and Changhoon Kim and Yezhou Yang and Yi Ren},
  journal = {arXiv preprint 2202.08900},
  year = {2022},
  url = {http://arxiv.org/pdf/2202.08900v2},
}

@article{plata2020robust,
  title = {Robust watermarking with double detector-discriminator approach},
  author = {Marcin Plata and Piotr Syga},
  journal = {arXiv preprint 2006.03921},
  year = {2020},
  url = {http://arxiv.org/pdf/2006.03921v1},
}

@article{zhu2023rethinking,
  title = {Rethinking Mesh Watermark: Towards Highly Robust and Adaptable Deep 3D Mesh Watermarking},
  author = {Xingyu Zhu and Guanhui Ye and Xiapu Luo and Xuetao Wei},
  journal = {arXiv preprint 2307.11628},
  year = {2023},
  url = {http://arxiv.org/pdf/2307.11628v2},
}

@article{lu2024robust,
  title = {Robust Watermarking Using Generative Priors Against Image Editing: From Benchmarking to Advances},
  author = {Shilin Lu and Zihan Zhou and Jiayou Lu and Yuanzhi Zhu and Adams Wai-Kin Kong},
  journal = {arXiv preprint 2410.18775},
  year = {2024},
  url = {http://arxiv.org/pdf/2410.18775v1},
}

@article{malekesmaeili2013local,
  title = {A local fingerprinting approach for audio copy detection},
  author = {Mani Malekesmaeili and Rabab K. Ward},
  journal = {arXiv preprint 1304.0793},
  year = {2013},
  url = {http://arxiv.org/pdf/1304.0793v1},
}

@article{li2016multiple,
  title = {Multiple Watermarking Algorithm Based on Spread Transform Dither Modulation},
  author = {Xinchao Li and Ju Liu and Jiande Sun and Xiaohui Yang and Wei Liu},
  journal = {arXiv preprint 1601.04522},
  year = {2016},
  url = {http://arxiv.org/pdf/1601.04522v1},
}

@article{yang2024improved,
  title = {An Improved Phase Coding Audio Steganography Algorithm},
  author = {Guang Yang},
  journal = {arXiv preprint 2408.13277},
  year = {2024},
  url = {http://arxiv.org/pdf/2408.13277v2},
}

@article{das2012spread,
  title = {Spread Spectrum based Robust Image Watermark Authentication},
  author = {T. S. Das and V. H. Mankar and S. K. Sarkar},
  journal = {arXiv preprint 1207.2701},
  year = {2012},
  url = {http://arxiv.org/pdf/1207.2701v1},
}

@article{shterev2012bayesian,
  title = {Bayesian Watermark Attacks},
  author = {Ivo Shterev and David Dunson},
  journal = {arXiv preprint 1206.4662},
  year = {2012},
  url = {http://arxiv.org/pdf/1206.4662v1},
}

@article{luo2022leca,
  title = {LECA: A Learned Approach for Efficient Cover-agnostic Watermarking},
  author = {Xiyang Luo and Michael Goebel and Elnaz Barshan and Feng Yang},
  journal = {arXiv preprint 2206.10813},
  year = {2022},
  url = {http://arxiv.org/pdf/2206.10813v1},
}

@article{yoo2023advancing,
  title = {Advancing Beyond Identification: Multi-bit Watermark for Large Language Models},
  author = {KiYoon Yoo and Wonhyuk Ahn and Nojun Kwak},
  journal = {arXiv preprint 2308.00221},
  year = {2023},
  url = {http://arxiv.org/pdf/2308.00221v3},
}

@article{pinn2013new,
  title = {A new Watermarking Technique for Secure Database},
  author = {Jun Ziang Pinn and A. Fr. Zung},
  journal = {arXiv preprint 1304.7094},
  year = {2013},
  url = {http://arxiv.org/pdf/1304.7094v1},
}

@article{ci2024ringid,
  title = {RingID: Rethinking Tree-Ring Watermarking for Enhanced Multi-Key Identification},
  author = {Hai Ci and Pei Yang and Yiren Song and Mike Zheng Shou},
  journal = {arXiv preprint 2404.14055},
  year = {2024},
  url = {http://arxiv.org/pdf/2404.14055v2},
}

@article{kang2014digital,
  title = {A Digital Watermarking Approach Based on DCT Domain Combining QR Code and Chaotic Theory},
  author = {Qingbo Kang and Ke Li and Jichun Yang},
  journal = {arXiv preprint 1407.7337},
  year = {2014},
  url = {http://arxiv.org/pdf/1407.7337v1},
}

@article{oussama2014blind,
  title = {A blind robust watermarking scheme based on svd and circulant matrices},
  author = {Noui Oussama and Noui Lemnouar},
  journal = {arXiv preprint 1404.2952},
  year = {2014},
  url = {http://arxiv.org/pdf/1404.2952v1},
}

@article{pal2013odd,
  title = {Odd-Even Embedding Scheme Based Modified Reversible Watermarking Technique using Blueprint},
  author = {Arijit Kumar Pal and Poulami Das and Nilanjan Dey},
  journal = {arXiv preprint 1303.5972},
  year = {2013},
  url = {http://arxiv.org/pdf/1303.5972v1},
}

@article{tondi2022robust,
  title = {Robust and Large-Payload DNN Watermarking via Fixed, Distribution-Optimized, Weights},
  author = {Benedetta Tondi and Andrea Costanzo and Mauro Barni},
  journal = {arXiv preprint 2208.10973},
  year = {2022},
  url = {http://arxiv.org/pdf/2208.10973v3},
}

@article{evennou2024swift,
  title = {SWIFT: Semantic Watermarking for Image Forgery Thwarting},
  author = {Gautier Evennou and Vivien Chappelier and Ewa Kijak and Teddy Furon},
  journal = {arXiv preprint 2407.18995},
  year = {2024},
  url = {http://arxiv.org/pdf/2407.18995v1},
}

@article{joseph2013robust,
  title = {Robust watermarking based on DWT SVD},
  author = {Anumol Joseph and K. Anusudha},
  journal = {arXiv preprint 1309.2423},
  year = {2013},
  url = {http://arxiv.org/pdf/1309.2423v7},
}

@article{bahi2017robust,
  title = {A Robust Data Hiding Process Contributing to the Development of a Semantic Web},
  author = {Jacques M. Bahi and Jean-François Couchot and Nicolas Friot and Christophe Guyeux},
  journal = {arXiv preprint 1706.08764},
  year = {2017},
  url = {http://arxiv.org/pdf/1706.08764v1},
}

@article{faundez-zanuy2022speech,
  title = {Speech watermarking: an approach for the forensic analysis of digital telephonic recordings},
  author = {Marcos Faundez-Zanuy and Jose Juan Lucena-Molina and Martin Hagmueller},
  journal = {arXiv preprint 2203.02275},
  year = {2022},
  url = {http://arxiv.org/pdf/2203.02275v2},
}

@article{lin2014tag,
  title = {A Tag Identification Approach Based On Fragile Watermark},
  author = {Jianbiao Lin and Ke Ji and Hui Lin and Enyan Wu and Xin Gao},
  journal = {arXiv preprint 1411.6928},
  year = {2014},
  url = {http://arxiv.org/pdf/1411.6928v1},
}

@article{cohen2024watermarking,
  title = {Watermarking Language Models for Many Adaptive Users},
  author = {Aloni Cohen and Alexander Hoover and Gabe Schoenbach},
  journal = {arXiv preprint 2405.11109},
  year = {2024},
  url = {http://arxiv.org/pdf/2405.11109v2},
}

@article{reza2012approach,
  title = {An Approach of Digital Image Copyright Protection by Using Watermarking Technology},
  author = {Md. Selim Reza and Mohammed Shafiul Alam Khan and Md. Golam Robiul Alam and Serajul Islam},
  journal = {arXiv preprint 1205.6229},
  year = {2012},
  url = {http://arxiv.org/pdf/1205.6229v1},
}

@article{bagheri2020adaptive,
  title = {Adaptive Control of Embedding Strength in Image Watermarking using Neural Networks},
  author = {Mahnoosh Bagheri and Majid Mohrekesh and Nader Karimi and Shadrokh Samavi},
  journal = {arXiv preprint 2001.03251},
  year = {2020},
  url = {http://arxiv.org/pdf/2001.03251v1},
}

@article{parizanganeh2022adaptive,
  title = {Adaptive Blind Watermarking Using Psychovisual Image Features},
  author = {Arezoo PariZanganeh and Ghazaleh Ghorbanzadeh and Zahra Nabizadeh ShahreBabak and Nader Karimi and Shadrokh Samavi},
  journal = {arXiv preprint 2212.12864},
  year = {2022},
  url = {http://arxiv.org/pdf/2212.12864v1},
}

@article{hamidi2019blind,
  title = {A blind Robust Image Watermarking Approach exploiting the DFT Magnitude},
  author = {Mohamed Hamidi and Mohamed El Haziti and Hocine Cherifi and Driss Aboutajdine},
  journal = {arXiv preprint 1910.11185},
  year = {2019},
  url = {http://arxiv.org/pdf/1910.11185v1},
}

@article{soleymani2018blind,
  title = {A blind robust watermarking method based on Arnold Cat map and amplified pseudo-noise strings with weak correlation},
  author = {Seyyed Hossein Soleymani and Amir Hossein Taherinia and Amir Hossein Mohajerzadeh},
  journal = {arXiv preprint 1804.11240},
  year = {2018},
  url = {http://arxiv.org/pdf/1804.11240v1},
}

@article{i̇şler2023freqywm,
  title = {FreqyWM: Frequency Watermarking for the New Data Economy},
  author = {Devriş İşler and Elisa Cabana and Alvaro Garcia-Recuero and Georgia Koutrika and Nikolaos Laoutaris},
  journal = {arXiv preprint 2312.16547},
  year = {2023},
  url = {http://arxiv.org/pdf/2312.16547v1},
}

@article{sharma2013modified,
  title = {A Modified LSB Technique of Digital Watermarking in Spatial Domain},
  author = {Nisha Sharma and Kamlesh Sharma},
  journal = {arXiv preprint 1303.7353},
  year = {2013},
  url = {http://arxiv.org/pdf/1303.7353v1},
}

@article{gong2018security,
  title = {Security analysis of a self-embedding fragile image watermark scheme},
  author = {Xinhui Gong and Feng Yu and Xiaohong Zhao and Shihong Wang},
  journal = {arXiv preprint 1812.11735},
  year = {2018},
  url = {http://arxiv.org/pdf/1812.11735v2},
}

@article{luo2020distortion,
  title = {Distortion Agnostic Deep Watermarking},
  author = {Xiyang Luo and Ruohan Zhan and Huiwen Chang and Feng Yang and Peyman Milanfar},
  journal = {arXiv preprint 2001.04580},
  year = {2020},
  url = {http://arxiv.org/pdf/2001.04580v1},
}

@article{nam2020wan,
  title = {WAN: Watermarking Attack Network},
  author = {Seung-Hun Nam and In-Jae Yu and Seung-Min Mun and Daesik Kim and Wonhyuk Ahn},
  journal = {arXiv preprint 2008.06255},
  year = {2020},
  url = {http://arxiv.org/pdf/2008.06255v3},
}

@article{bukhari2013wave,
  title = {Wave Atom Based Watermarking},
  author = {Ijaz Bukhari and Nuhman-ul-Haq and Khizar Hyat},
  journal = {arXiv preprint 1305.3021},
  year = {2013},
  url = {http://arxiv.org/pdf/1305.3021v2},
}

@article{meng2024latent,
  title = {Latent Watermark: Inject and Detect Watermarks in Latent Diffusion Space},
  author = {Zheling Meng and Bo Peng and Jing Dong},
  journal = {arXiv preprint 2404.00230},
  year = {2024},
  url = {http://arxiv.org/pdf/2404.00230v1},
}

@article{chen2023wavmark,
  title={Wavmark: Watermarking for audio generation},
  author={Chen, Guangyu and Wu, Yu and Liu, Shujie and Liu, Tao and Du, Xiaoyong and Wei, Furu},
  journal={arXiv preprint arXiv:2308.12770},
  year={2023}
}

@article{agostinelli2023musiclm,
  title={Musiclm: Generating music from text},
  author={Agostinelli, Andrea and Denk, Timo I and Borsos, Zal{\'a}n and Engel, Jesse and Verzetti, Mauro and Caillon, Antoine and Huang, Qingqing and Jansen, Aren and Roberts, Adam and Tagliasacchi, Marco and others},
  journal={arXiv preprint arXiv:2301.11325},
  year={2023}
}

@article{liu2023detecting,
  title = {Detecting Voice Cloning Attacks via Timbre Watermarking},
  author = {Chang Liu and Jie Zhang and Tianwei Zhang and Xi Yang and Weiming Zhang and Nenghai Yu},
  journal = {arXiv preprint 2312.03410},
  year = {2023},
  url = {http://arxiv.org/pdf/2312.03410v1},
}

@article{manor2024zero,
  title = {Zero-Shot Unsupervised and Text-Based Audio Editing Using DDPM Inversion},
  author = {Hila Manor and Tomer Michaeli},
  journal = {arXiv preprint 2402.10009},
  year = {2024},
  url = {http://arxiv.org/pdf/2402.10009v4},
}

@article{huberman2024zero,
  title = {An Edit Friendly DDPM Noise Space: Inversion and Manipulations},
  author = {Inbar Huberman-Spiegelglas and Vladimir Kulikov and Tomer Michaeli},
  journal = {arXiv preprint 2304.06140},
  year = {2024},
  url = {http://arxiv.org/pdf/2304.06140v3},
}

@misc{Westerfeld_audiowmark,
  author       = {Stefan Westerfeld},
  title        = {audiowmark: Audio Watermarking},
  year         = {2020},
  howpublished = {\url{https://github.com/swesterfeld/audiowmark}},
  note         = {Accessed: 2025-01-02}
}

@inproceedings{panayotov2015librispeech,
  title={Librispeech: an asr corpus based on public domain audio books},
  author={Panayotov, Vassil and Chen, Guoguo and Povey, Daniel and Khudanpur, Sanjeev},
  booktitle={ICASSP},
  year={2015},
}

@article{FMA2016,
	title={FMA: A dataset for music analysis},
	author={Defferrard, Micha{\"e}l and Benzi, Kirell and Vandergheynst, Pierre and Bresson, Xavier},
	journal={arXiv preprint arXiv:1612.01840},
	year={2016}
}

@inproceedings{Audioset2017,
	title={Audio set: An ontology and human-labeled dataset for audio events},
	author={Gemmeke, Jort F and Ellis, Daniel PW and Freedman, Dylan and Jansen, Aren and Lawrence, Wade and Moore, R Channing and Plakal, Manoj and Ritter, Marvin},
	booktitle={2017 IEEE international conference on acoustics, speech and signal processing (ICASSP)},
	pages={776--780},
	year={2017},
	organization={IEEE}
}

@article{youden1950index,
  title={Index for rating diagnostic tests},
  author={Youden, William J},
  journal={Cancer},
  volume={3},
  number={1},
  pages={32--35},
  year={1950},
  publisher={Wiley Online Library}
}

@inproceedings{rix2001perceptual,
  title={Perceptual evaluation of speech quality (PESQ)-a new method for speech quality assessment of telephone networks and codecs},
  author={Rix, Antony W and Beerends, John G and Hollier, Michael P and Hekstra, Andries P},
  booktitle={2001 IEEE International Conference on Acoustics, Speech, and Signal Processing. Proceedings (Cat. No. 01CH37221)},
  volume={2},
  pages={749--752},
  year={2001},
  organization={IEEE}
}

@inproceedings{hines2012visqol,
  title={ViSQOL: The virtual speech quality objective listener},
  author={Hines, Andrew and Skoglund, Jan and Kokaram, Anil and Harte, Naomi},
  booktitle={IWAENC 2012; International Workshop on Acoustic Signal Enhancement},
  pages={1--4},
  year={2012},
  organization={VDE}
}

@inproceedings{taal2010short,
  title={A short-time objective intelligibility measure for time-frequency weighted noisy speech},
  author={Taal, Cees H and Hendriks, Richard C and Heusdens, Richard and Jensen, Jesper},
  booktitle={2010 IEEE International Conference on Acoustics, Speech and Signal Processing},
  pages={4214--4217},
  year={2010},
  organization={IEEE}
}

@article{galbi2003copyright,
  title = {Copyright and Creativity: Authors and Photographers},
  author = {Douglas A. Galbi},
  journal = {arXiv preprint 0311054},
  year = {2003},
  url = {http://arxiv.org/pdf/cs/0311054v1},
}

@article{el-hadedy2013efficient,
  title = {An Efficient Authorship Protection Scheme for Shared Multimedia Content},
  author = {Mohamed El-Hadedy and Georgios Pitsilis and Svein J. Knapskog},
  journal = {arXiv preprint 1309.7640},
  year = {2013},
  url = {http://arxiv.org/pdf/1309.7640v1},
}

@article{xu2024copyrightmeter,
  title = {CopyrightMeter: Revisiting Copyright Protection in Text-to-image Models},
  author = {Naen Xu and Changjiang Li and Tianyu Du and Minxi Li and Wenjie Luo and Jiacheng Liang and Yuyuan Li and Xuhong Zhang and Meng Han and Jianwei Yin and Ting Wang},
  journal = {arXiv preprint 2411.13144},
  year = {2024},
  url = {http://arxiv.org/pdf/2411.13144v1},
}

@article{lima2024laypeople's,
  title = {Laypeople's Egocentric Perceptions of Copyright for AI-Generated Art},
  author = {Gabriel Lima and Nina Grgić-Hlača and Elissa Redmiles},
  journal = {arXiv preprint 2407.10546},
  year = {2024},
  url = {http://arxiv.org/pdf/2407.10546v1},
}

@article{karamolegkou2023copyright,
  title = {Copyright Violations and Large Language Models},
  author = {Antonia Karamolegkou and Jiaang Li and Li Zhou and Anders Søgaard},
  journal = {arXiv preprint 2310.13771},
  year = {2023},
  url = {http://arxiv.org/pdf/2310.13771v1},
}

@article{chen2021copy,
  title = {Copy, Right? A Testing Framework for Copyright Protection of Deep Learning Models},
  author = {Jialuo Chen and Jingyi Wang and Tinglan Peng and Youcheng Sun and Peng Cheng and Shouling Ji and Xingjun Ma and Bo Li and Dawn Song},
  journal = {arXiv preprint 2112.05588},
  year = {2021},
  url = {http://arxiv.org/pdf/2112.05588v1},
}

@article{abad2024copyright,
  title = {Copyright-Protected Language Generation via Adaptive Model Fusion},
  author = {Javier Abad and Konstantin Donhauser and Francesco Pinto and Fanny Yang},
  journal = {arXiv preprint 2412.06619},
  year = {2024},
  url = {http://arxiv.org/pdf/2412.06619v1},
}

@article{duarte2024de,
  title = {DE-COP: Detecting Copyrighted Content in Language Models Training Data},
  author = {André V. Duarte and Xuandong Zhao and Arlindo L. Oliveira and Lei Li},
  journal = {arXiv preprint 2402.09910},
  year = {2024},
  url = {http://arxiv.org/pdf/2402.09910v2},
}

@article{deng2023computational,
  title = {Computational Copyright: Towards A Royalty Model for Music Generative AI},
  author = {Junwei Deng and Shiyuan Zhang and Jiaqi Ma},
  journal = {arXiv preprint 2312.06646},
  year = {2023},
  url = {http://arxiv.org/pdf/2312.06646v4},
}

@article{chen2024copybench,
  title = {CopyBench: Measuring Literal and Non-Literal Reproduction of Copyright-Protected Text in Language Model Generation},
  author = {Tong Chen and Akari Asai and Niloofar Mireshghallah and Sewon Min and James Grimmelmann and Yejin Choi and Hannaneh Hajishirzi and Luke Zettlemoyer and Pang Wei Koh},
  journal = {arXiv preprint 2407.07087},
  year = {2024},
  url = {http://arxiv.org/pdf/2407.07087v2},
}

@article{du2024sok,
  title = {SoK: Dataset Copyright Auditing in Machine Learning Systems},
  author = {Linkang Du and Xuanru Zhou and Min Chen and Chusong Zhang and Zhou Su and Peng Cheng and Jiming Chen and Zhikun Zhang},
  journal = {arXiv preprint 2410.16618},
  year = {2024},
  url = {http://arxiv.org/pdf/2410.16618v1},
}

@article{zhao2024measuring,
  title = {Measuring Copyright Risks of Large Language Model via Partial Information Probing},
  author = {Weijie Zhao and Huajie Shao and Zhaozhuo Xu and Suzhen Duan and Denghui Zhang},
  journal = {arXiv preprint 2409.13831},
  year = {2024},
  url = {http://arxiv.org/pdf/2409.13831v1},
}

@article{zhou2024©plug,
  title = {©Plug-in Authorization for Human Content Copyright Protection in Text-to-Image Model},
  author = {Chao Zhou and Huishuai Zhang and Jiang Bian and Weiming Zhang and Nenghai Yu},
  journal = {arXiv preprint 2404.11962},
  year = {2024},
  url = {http://arxiv.org/pdf/2404.11962v1},
}

@article{desai2024copyright,
  title = {Between Copyright and Computer Science: The Law and Ethics of Generative AI},
  author = {Deven R. Desai and Mark Riedl},
  journal = {arXiv preprint 2403.14653},
  year = {2024},
  url = {http://arxiv.org/pdf/2403.14653v2},
}

@article{ren2024copyright,
  title = {Copyright Protection in Generative AI: A Technical Perspective},
  author = {Jie Ren and Han Xu and Pengfei He and Yingqian Cui and Shenglai Zeng and Jiankun Zhang and Hongzhi Wen and Jiayuan Ding and Pei Huang and Lingjuan Lyu and Hui Liu and Yi Chang and Jiliang Tang},
  journal = {arXiv preprint 2402.02333},
  year = {2024},
  url = {http://arxiv.org/pdf/2402.02333v2},
}

@article{barnett2024exploring,
  title = {Exploring Musical Roots: Applying Audio Embeddings to Empower Influence Attribution for a Generative Music Model},
  author = {Julia Barnett and Hugo Flores Garcia and Bryan Pardo},
  journal = {arXiv preprint 2401.14542},
  year = {2024},
  url = {http://arxiv.org/pdf/2401.14542v1},
}

@article{lu2024disguised,
  title = {Disguised Copyright Infringement of Latent Diffusion Models},
  author = {Yiwei Lu and Matthew Y. R. Yang and Zuoqiu Liu and Gautam Kamath and Yaoliang Yu},
  journal = {arXiv preprint 2404.06737},
  year = {2024},
  url = {http://arxiv.org/pdf/2404.06737v4},
}

@article{avrahami2021ownership,
  title = {Ownership and Creativity in Generative Models},
  author = {Omri Avrahami and Bar Tamir},
  journal = {arXiv preprint 2112.01516},
  year = {2021},
  url = {http://arxiv.org/pdf/2112.01516v1},
}

@article{agnew2024sound,
  title = {Sound Check: Auditing Audio Datasets},
  author = {William Agnew and Julia Barnett and Annie Chu and Rachel Hong and Michael Feffer and Robin Netzorg and Harry H. Jiang and Ezra Awumey and Sauvik Das},
  journal = {arXiv preprint 2410.13114},
  year = {2024},
  url = {http://arxiv.org/pdf/2410.13114v1},
}

@article{chen2024randomization,
  title = {Randomization Techniques to Mitigate the Risk of Copyright Infringement},
  author = {Wei-Ning Chen and Peter Kairouz and Sewoong Oh and Zheng Xu},
  journal = {arXiv preprint 2408.13278},
  year = {2024},
  url = {http://arxiv.org/pdf/2408.13278v1},
}

@article{juvela2023collaborative,
  title={Collaborative watermarking for adversarial speech synthesis},
  author={Juvela, Lauri and Wang, Xin},
  journal={arXiv preprint arXiv:2309.15224},
  year={2023}
}

@inproceedings{DEAR_Liu0FMZY23,
  title={DEAR: A Deep-Learning-Based Audio Re-Recording Resilient Watermarking},
  author={Liu, Chenxing and Zhang, Jiaming and Fang, Haodong and Ma, Zhiyong and Zhang, Wenqiang and Yu, Ning},
  booktitle={Thirty-Seventh AAAI Conference on Artificial Intelligence (AAAI 2023)},
  pages={13201--13209},
  year={2023},
  organization={AAAI Press},
  doi={10.1609/aaai.v37i11.26550}
}

@article{pavlovic2022robust,
  title={Robust speech watermarking by a jointly trained embedder and detector using a DNN},
  author={Pavlović, Kristina and Kovačević, Stefan and Djurović, Igor and Wojciechowski, Adam},
  journal={Digital Signal Processing},
  volume={122},
  pages={103381},
  year={2022}
}

@article{ren2023speaking,
  title={Who is speaking actually? Robust and versatile speaker traceability for voice conversion},
  author={Ren, Yi and Zhu, Hao and Zhai, Liming and Sun, Zhihong and Shen, Rui and Wang, Le},
  journal={arXiv preprint arXiv:2305.05152},
  year={2023}
}

@article{defossez2022high,
  title={High fidelity neural audio compression},
  author={Defossez, Alexandre and Copet, Jade and Synnaeve, Gabriel and Adi, Yossi},
  journal={arXiv preprint arXiv:2210.13438},
  year={2022}
}
@techreport{mushra,
  author = {Series, B.},
  title = {Method for the subjective assessment of intermediate quality level of audio systems},
  institution = {International Telecommunication Union Radiocommunication Assembly},
  year = {2014}
}




% diffusion models

@article{wang2022,
  title={Anti-Forgery: Towards a Stealthy and Robust DeepFake Disruption Attack via Adversarial Perceptual-aware Perturbations},
  author={Wang, Run and Huang, Ziheng and Chen, Zhikai and Liu, Li and Chen, Jing and Wang, Lina},
  journal={arXiv preprint arXiv:2206.00477},
  year={2022}
}

% Other image cloaking

@INPROCEEDINGS {cw,
author = {N. Carlini and D. Wagner},
booktitle = {2017 IEEE Symposium on Security and Privacy (SP)},
title = {Towards Evaluating the Robustness of Neural Networks},
year = {2017},
volume = {},
issn = {2375-1207},
pages = {39-57},
keywords = {neural networks;robustness;measurement;speech recognition;security;malware;resists},
doi = {10.1109/SP.2017.49},
url = {https://doi.ieeecomputersociety.org/10.1109/SP.2017.49},
publisher = {IEEE Computer Society},
address = {Los Alamitos, CA, USA},
month = {may}
}

@INPROCEEDINGS {deepfool,
author = {S. Moosavi-Dezfooli and A. Fawzi and P. Frossard},
booktitle = {2016 IEEE Conference on Computer Vision and Pattern Recognition (CVPR)},
title = {DeepFool: A Simple and Accurate Method to Fool Deep Neural Networks},
year = {2016},
volume = {},
issn = {1063-6919},
pages = {2574-2582},
doi = {10.1109/CVPR.2016.282},
url = {https://doi.ieeecomputersociety.org/10.1109/CVPR.2016.282},
publisher = {IEEE Computer Society},
address = {Los Alamitos, CA, USA},
month = {jun}
}

@inproceedings{van2023anti,
  title={Anti-dreamBooth: Protecting users from personalized text-to-image synthesis},
  author={Van Le, Thanh and Phung, Hao and Nguyen, Thuan Hoang and Dao, Quan and Tran, Ngoc N and Tran, Anh},
  booktitle={Proceedings of the IEEE/CVF International Conference on Computer Vision},
  pages={2116--2127},
  year={2023}
}

@article{liu2023toward,
  title={Toward Robust Imperceptible Perturbation against Unauthorized Text-to-image Diffusion-based Synthesis},
  author={Liu, Yixin and Fan, Chenrui and Dai, Yutong and Chen, Xun and Zhou, Pan and Sun, Lichao},
  journal={arXiv preprint arXiv:2311.13127},
  volume={3},
  year={2023}
}

@article{madry2017towards,
  title={Towards deep learning models resistant to adversarial attacks},
  author={Madry, Aleksander and Makelov, Aleksandar and Schmidt, Ludwig and Tsipras, Dimitris and Vladu, Adrian},
  journal={arXiv preprint arXiv:1706.06083},
  year={2017}
}

@article{nie2022diffusion,
  title={Diffusion models for adversarial purification},
  author={Nie, Weili and Guo, Brandon and Huang, Yujia and Xiao, Chaowei and Vahdat, Arash and Anandkumar, Anima},
  journal={arXiv preprint arXiv:2205.07460},
  year={2022}
}

@inproceedings{liu2024stable,
  title={Stable Unlearnable Example: Enhancing the Robustness of Unlearnable Examples via Stable Error-Minimizing Noise},
  author={Liu, Yixin and Xu, Kaidi and Chen, Xun and Sun, Lichao},
  booktitle={Proceedings of the AAAI Conference on Artificial Intelligence},
  volume={38},
  number={4},
  pages={3783--3791},
  year={2024}
}

@inproceedings{jiang2023unlearnable,
  title={Unlearnable examples give a false sense of security: Piercing through unexploitable data with learnable examples},
  author={Jiang, Wan and Diao, Yunfeng and Wang, He and Sun, Jianxin and Wang, Meng and Hong, Richang},
  booktitle={Proceedings of the 31st ACM International Conference on Multimedia},
  pages={8910--8921},
  year={2023}
}

@article{geirhos2020shortcut,
  title={Shortcut learning in deep neural networks},
  author={Geirhos, Robert and Jacobsen, J{\"o}rn-Henrik and Michaelis, Claudio and Zemel, Richard and Brendel, Wieland and Bethge, Matthias and Wichmann, Felix A},
  journal={Nature Machine Intelligence},
  volume={2},
  number={11},
  pages={665--673},
  year={2020},
  publisher={Nature Publishing Group UK London}
}

@article{cao2024impress,
  title={IMPRESS: Evaluating the Resilience of Imperceptible Perturbations Against Unauthorized Data Usage in Diffusion-Based Generative AI},
  author={Cao, Bochuan and Li, Changjiang and Wang, Ting and Jia, Jinyuan and Li, Bo and Chen, Jinghui},
  journal={Advances in Neural Information Processing Systems},
  volume={36},
  year={2024}
}

@article{ruiz2023hyperdreambooth,
  title={Hyperdreambooth: Hypernetworks for fast personalization of text-to-image models},
  author={Ruiz, Nataniel and Li, Yuanzhen and Jampani, Varun and Wei, Wei and Hou, Tingbo and Pritch, Yael and Wadhwa, Neal and Rubinstein, Michael and Aberman, Kfir},
  journal={arXiv preprint arXiv:2307.06949},
  year={2023}
}

@article{voronov2024loss,
  title={Is This Loss Informative? Faster Text-to-Image Customization by Tracking Objective Dynamics},
  author={Voronov, Anton and Khoroshikh, Mikhail and Babenko, Artem and Ryabinin, Max},
  journal={Advances in Neural Information Processing Systems},
  volume={36},
  year={2024}
}

@article{xiang2023closer,
  title={A closer look at parameter-efficient tuning in diffusion models},
  author={Xiang, Chendong and Bao, Fan and Li, Chongxuan and Su, Hang and Zhu, Jun},
  journal={arXiv preprint arXiv:2303.18181},
  year={2023}
}

@article{gridpure,
  title={Can Protective Perturbation Safeguard Personal Data from Being Exploited by Stable Diffusion?},
  author={Zhao, Zhengyue and Duan, Jinhao and Xu, Kaidi and Wang, Chenan and Guo, Rui Zhangp Zidong Dup Qi and Hu, Xing},
  journal={arXiv preprint arXiv:2312.00084},
  year={2023}
}

@article{hu2021lora,
  title={Lora: Low-rank adaptation of large language models},
  author={Hu, Edward J and Shen, Yelong and Wallis, Phillip and Allen-Zhu, Zeyuan and Li, Yuanzhi and Wang, Shean and Wang, Lu and Chen, Weizhu},
  journal={arXiv preprint arXiv:2106.09685},
  year={2021}
}

@article{ye2023ip-adapter,
  title={IP-Adapter: Text Compatible Image Prompt Adapter for Text-to-Image Diffusion Models},
  author={Ye, Hu and Zhang, Jun and Liu, Sibo and Han, Xiao and Yang, Wei},
  booktitle={arXiv preprint arxiv:2308.06721},
  year={2023}
}

@article{kingma2013auto,
  title={Auto-encoding variational bayes},
  author={Kingma, Diederik P and Welling, Max},
  journal={arXiv preprint arXiv:1312.6114},
  year={2013}
}

@inproceedings{liu2015deep,
  title={Deep learning face attributes in the wild},
  author={Liu, Ziwei and Luo, Ping and Wang, Xiaogang and Tang, Xiaoou},
  booktitle={Proceedings of the IEEE international conference on computer vision},
  pages={3730--3738},
  year={2015}
}

@article{saleh2015large,
  title={Large-scale classification of fine-art paintings: Learning the right metric on the right feature},
  author={Saleh, Babak and Elgammal, Ahmed},
  journal={arXiv preprint arXiv:1505.00855},
  year={2015}
}

@article{lee2022understanding,
  title={Understanding pure clip guidance for voxel grid nerf models},
  author={Lee, Han-Hung and Chang, Angel X},
  journal={arXiv preprint arXiv:2209.15172},
  year={2022}
}

@inproceedings{zhang2018unreasonable,
  title={The unreasonable effectiveness of deep features as a perceptual metric},
  author={Zhang, Richard and Isola, Phillip and Efros, Alexei A and Shechtman, Eli and Wang, Oliver},
  booktitle={Proceedings of the IEEE conference on computer vision and pattern recognition},
  pages={586--595},
  year={2018}
}

@article{simonyan2014very,
  title={Very deep convolutional networks for large-scale image recognition},
  author={Simonyan, Karen and Zisserman, Andrew},
  journal={arXiv preprint arXiv:1409.1556},
  year={2014}
}

@inproceedings{taigman2014deepface,
  title={Deepface: Closing the gap to human-level performance in face verification},
  author={Taigman, Yaniv and Yang, Ming and Ranzato, Marc'Aurelio and Wolf, Lior},
  booktitle={Proceedings of the IEEE conference on computer vision and pattern recognition},
  pages={1701--1708},
  year={2014}
}

@article{ho2022classifier,
  title={Classifier-free diffusion guidance},
  author={Ho, Jonathan and Salimans, Tim},
  journal={arXiv preprint arXiv:2207.12598},
  year={2022}
}

@article{guo2023smooth,
  title={Smooth Diffusion: Crafting Smooth Latent Spaces in Diffusion Models},
  author={Guo, Jiayi and Xu, Xingqian and Pu, Yifan and Ni, Zanlin and Wang, Chaofei and Vasu, Manushree and Song, Shiji and Huang, Gao and Shi, Humphrey},
  journal={arXiv preprint arXiv:2312.04410},
  year={2023}
}

@article{ilyas2019adversarial,
  title={Adversarial examples are not bugs, they are features},
  author={Ilyas, Andrew and Santurkar, Shibani and Tsipras, Dimitris and Engstrom, Logan and Tran, Brandon and Madry, Aleksander},
  journal={Advances in neural information processing systems},
  volume={32},
  year={2019}
}

@article{liu2023codeformer,
  title={Codeformer: A gnn-nested transformer model for binary code similarity detection},
  author={Liu, Guangming and Zhou, Xin and Pang, Jianmin and Yue, Feng and Liu, Wenfu and Wang, Junchao},
  journal={Electronics},
  volume={12},
  number={7},
  pages={1722},
  year={2023},
  publisher={MDPI}
}

@article{carlini2022certified,
  title={(certified!!) Adversarial robustness for free!},
  author={Carlini, Nicholas and Tramer, Florian and Dvijotham, Krishnamurthy Dj and Rice, Leslie and Sun, Mingjie and Kolter, J Zico},
  journal={arXiv preprint arXiv:2206.10550},
  year={2022}
}

@article{raffel2020exploring,
  title={Exploring the limits of transfer learning with a unified text-to-text transformer},
  author={Raffel, Colin and Shazeer, Noam and Roberts, Adam and Lee, Katherine and Narang, Sharan and Matena, Michael and Zhou, Yanqi and Li, Wei and Liu, Peter J},
  journal={Journal of machine learning research},
  volume={21},
  number={140},
  pages={1--67},
  year={2020}
}

@inproceedings{ronneberger2015u,
  title={U-net: Convolutional networks for biomedical image segmentation},
  author={Ronneberger, Olaf and Fischer, Philipp and Brox, Thomas},
  booktitle={Medical image computing and computer-assisted intervention--MICCAI 2015: 18th international conference, Munich, Germany, October 5-9, 2015, proceedings, part III 18},
  pages={234--241},
  year={2015},
  organization={Springer}
}

@inproceedings{xue2023toward,
  title={Toward effective protection against diffusion-based mimicry through score distillation},
  author={Xue, Haotian and Liang, Chumeng and Wu, Xiaoyu and Chen, Yongxin},
  booktitle={The Twelfth International Conference on Learning Representations},
  year={2023}
}

@article{xu2024perturbing,
  title={Perturbing Attention Gives You More Bang for the Buck: Subtle Imaging Perturbations That Efficiently Fool Customized Diffusion Models},
  author={Xu, Jingyao and Lu, Yuetong and Li, Yandong and Lu, Siyang and Wang, Dongdong and Wei, Xiang},
  journal={arXiv preprint arXiv:2404.15081},
  year={2024}
}

@inproceedings{Deng2020CVPR,
title = {RetinaFace: Single-Shot Multi-Level Face Localisation in the Wild},
author = {Deng, Jiankang and Guo, Jia and Ververas, Evangelos and Kotsia, Irene and Zafeiriou, Stefanos},
booktitle = {CVPR},
year = {2020}
}

@article{shi2024black,
  title={Black-box Backdoor Defense via Zero-shot Image Purification},
  author={Shi, Yucheng and Du, Mengnan and Wu, Xuansheng and Guan, Zihan and Sun, Jin and Liu, Ninghao},
  journal={Advances in Neural Information Processing Systems},
  volume={36},
  year={2024}
}

@article{akrami2020robust,
  title={Robust variational autoencoder for tabular data with beta divergence},
  author={Akrami, Haleh and Aydore, Sergul and Leahy, Richard M and Joshi, Anand A},
  journal={arXiv preprint arXiv:2006.08204},
  year={2020}
}

@article{schlarmann2024robust,
  title={Robust clip: Unsupervised adversarial fine-tuning of vision embeddings for robust large vision-language models},
  author={Schlarmann, Christian and Singh, Naman Deep and Croce, Francesco and Hein, Matthias},
  journal={arXiv preprint arXiv:2402.12336},
  year={2024}
}

@article{pearl2009causal,
  title={Causal inference in statistics: An overview},
  author={Pearl, Judea},
  journal={Statistics surveys},
  volume={3},
  pages={96--146},
  year={2009},
  publisher={Institute of Mathematical Statistics}
}

@article{maaten2008visualizing,
  title={Visualizing data using t-SNE},
  author={Maaten, Laurens van der and Hinton, Geoffrey},
  journal={Journal of machine learning research},
  volume={9},
  number={Nov},
  pages={2579--2605},
  year={2008}
}

@article{halko2011finding,
  title={Finding structure with randomness: Probabilistic algorithms for constructing approximate matrix decompositions},
  author={Halko, Nathan and Martinsson, Per-Gunnar and Tropp, Joel A},
  journal={SIAM review},
  volume={53},
  number={2},
  pages={217--288},
  year={2011},
  publisher={SIAM}
}

@article{mcinnes2018umap,
  title={UMAP: Uniform manifold approximation and projection for dimension reduction},
  author={McInnes, Leland and Healy, John and Melville, James},
  journal={arXiv preprint arXiv:1802.03426},
  year={2018}
}

@article{wang2021deep,
  title={Deep learning for image super-resolution: A survey},
  author={Wang, Zhihao and Chen, Jian and Hoi, Steven CH},
  journal={IEEE transactions on pattern analysis and machine intelligence},
  volume={43},
  number={10},
  pages={3365--3387},
  year={2021},
  publisher={IEEE}
}

@inproceedings{huimproving,
  title={Improving Interpretation Faithfulness for Vision Transformers},
  author={Hu, Lijie and Liu, Yixin and Liu, Ninghao and Huai, Mengdi and Sun, Lichao and Wang, Di},
  booktitle={Forty-first International Conference on Machine Learning}
}

@inproceedings{an2024rethinking,
  title={Rethinking the invisible protection against unauthorized image usage in stable diffusion},
  author={An, Shengwei and Yan, Lu and Cheng, Siyuan and Shen, Guangyu and Zhang, Kaiyuan and Xu, Qiuling and Tao, Guanhong and Zhang, Xiangyu},
  booktitle={33rd USENIX Security Symposium (USENIX Security 24)},
  pages={3621--3638},
  year={2024}
}

@InProceedings{Liu_2024_CVPR,
    author    = {Liu, Yixin and Fan, Chenrui and Dai, Yutong and Chen, Xun and Zhou, Pan and Sun, Lichao},
    title     = {MetaCloak: Preventing Unauthorized Subject-driven Text-to-image Diffusion-based Synthesis via Meta-learning},
    booktitle = {Proceedings of the IEEE/CVF Conference on Computer Vision and Pattern Recognition (CVPR)},
    month     = {June},
    year      = {2024},
    pages     = {24219-24228}
}

@article{mi2024visual,
  title={Visual-Friendly Concept Protection via Selective Adversarial Perturbations},
  author={Mi, Xiaoyue and Tang, Fan and Cao, Juan and Li, Peng and Liu, Yang},
  journal={arXiv preprint arXiv:2408.08518},
  year={2024}
}

@article{vsarvcevic2024u,
  title={U Can't Gen This? A Survey of Intellectual Property Protection Methods for Data in Generative AI},
  author={{\v{S}}ar{\v{c}}evi{\'c}, Tanja and Karlowicz, Alicja and Mayer, Rudolf and Baeza-Yates, Ricardo and Rauber, Andreas},
  journal={arXiv preprint arXiv:2406.15386},
  year={2024}
}

@article{deng2024survey,
  title={A Survey of Defenses against AI-generated Visual Media: Detection, Disruption, and Authentication},
  author={Deng, Jingyi and Lin, Chenhao and Zhao, Zhengyu and Liu, Shuai and Wang, Qian and Shen, Chao},
  journal={arXiv preprint arXiv:2407.10575},
  year={2024}
}

@article{wang2024replication,
  title={Replication in Visual Diffusion Models: A Survey and Outlook},
  author={Wang, Wenhao and Sun, Yifan and Yang, Zongxin and Hu, Zhengdong and Tan, Zhentao and Yang, Yi},
  journal={arXiv preprint arXiv:2408.00001},
  year={2024}
}

@inproceedings{zhao2024can,
  title={Can Protective Perturbation Safeguard Personal Data from Being Exploited by Stable Diffusion?},
  author={Zhao, Zhengyue and Duan, Jinhao and Xu, Kaidi and Wang, Chenan and Zhang, Rui and Du, Zidong and Guo, Qi and Hu, Xing},
  booktitle={Proceedings of the IEEE/CVF Conference on Computer Vision and Pattern Recognition},
  pages={24398--24407},
  year={2024}
}

@article{pearl2010causal,
  title={Causal inference},
  author={Pearl, Judea},
  journal={Causality: objectives and assessment},
  pages={39--58},
  year={2010},
  publisher={PMLR}
}

@article{brendel2019approximating,
  title={Approximating cnns with bag-of-local-features models works surprisingly well on imagenet},
  author={Brendel, Wieland and Bethge, Matthias},
  journal={arXiv preprint arXiv:1904.00760},
  year={2019}
}

@article{scholkopf2021toward,
  title={Toward causal representation learning},
  author={Sch{\"o}lkopf, Bernhard and Locatello, Francesco and Bauer, Stefan and Ke, Nan Rosemary and Kalchbrenner, Nal and Goyal, Anirudh and Bengio, Yoshua},
  journal={Proceedings of the IEEE},
  volume={109},
  number={5},
  pages={612--634},
  year={2021},
  publisher={IEEE}
}

@article{arjovsky2019invariant,
  title={Invariant risk minimization},
  author={Arjovsky, Martin and Bottou, L{\'e}on and Gulrajani, Ishaan and Lopez-Paz, David},
  journal={arXiv preprint arXiv:1907.02893},
  year={2019}
}

@inproceedings{teney2021unshuffling,
  title={Unshuffling data for improved generalization in visual question answering},
  author={Teney, Damien and Abbasnejad, Ehsan and van den Hengel, Anton},
  booktitle={Proceedings of the IEEE/CVF international conference on computer vision},
  pages={1417--1427},
  year={2021}
}

@article{kaddour2022causal,
  title={Causal machine learning: A survey and open problems},
  author={Kaddour, Jean and Lynch, Aengus and Liu, Qi and Kusner, Matt J and Silva, Ricardo},
  journal={arXiv preprint arXiv:2206.15475},
  year={2022}
}

@article{sengar2024generative,
  title = {Generative Artificial Intelligence: A Systematic Review and Applications},
  author = {Sandeep Singh Sengar and Affan Bin Hasan and Sanjay Kumar and Fiona Carroll},
  journal = {arXiv preprint 2405.11029},
  year = {2024},
  url = {http://arxiv.org/pdf/2405.11029v1},
}

@article{crimaldi2023ai,
  title = {AI and the creative realm: A short review of current and future applications},
  author = {Fabio Crimaldi and Manuele Leonelli},
  journal = {arXiv preprint 2306.01795},
  year = {2023},
  url = {http://arxiv.org/pdf/2306.01795v1},
}

@article{nath2024characterising,
  title = {Characterising the Creative Process in Humans and Large Language Models},
  author = {Surabhi S. Nath and Peter Dayan and Claire Stevenson},
  journal = {arXiv preprint 2405.00899},
  year = {2024},
  url = {http://arxiv.org/pdf/2405.00899v2},
}

@article{pei2024deepfake,
  title = {Deepfake Generation and Detection: A Benchmark and Survey},
  author = {Gan Pei and Jiangning Zhang and Menghan Hu and Zhenyu Zhang and Chengjie Wang and Yunsheng Wu and Guangtao Zhai and Jian Yang and Chunhua Shen and Dacheng Tao},
  journal = {arXiv preprint 2403.17881},
  year = {2024},
  url = {http://arxiv.org/pdf/2403.17881v4},
}

@article{ch2024media,
  title = {Media Forensics and Deepfake Systematic Survey},
  author = {Nadeem Jabbar CH and Aqib Saghir and Ayaz Ahmad Meer and Salman Ahmad Sahi and Bilal Hassan and Siddiqui Muhammad Yasir},
  journal = {arXiv preprint 2406.13295},
  year = {2024},
  url = {http://arxiv.org/pdf/2406.13295v1},
}

@article{amerini2024deepfake,
  title = {Deepfake Media Forensics: State of the Art and Challenges Ahead},
  author = {Irene Amerini and Mauro Barni and Sebastiano Battiato and Paolo Bestagini and Giulia Boato and Tania Sari Bonaventura and Vittoria Bruni and Roberto Caldelli and Francesco De Natale and Rocco De Nicola and Luca Guarnera and Sara Mandelli and Gian Luca Marcialis and Marco Micheletto and Andrea Montibeller and Giulia Orru' and Alessandro Ortis and Pericle Perazzo and Giovanni Puglisi and Davide Salvi and Stefano Tubaro and Claudia Melis Tonti and Massimo Villari and Domenico Vitulano},
  journal = {arXiv preprint 2408.00388},
  year = {2024},
  url = {http://arxiv.org/pdf/2408.00388v2},
}

@article{pu2021deepfake,
  title = {Deepfake Videos in the Wild: Analysis and Detection},
  author = {Jiameng Pu and Neal Mangaokar and Lauren Kelly and Parantapa Bhattacharya and Kavya Sundaram and Mobin Javed and Bolun Wang and Bimal Viswanath},
  journal = {arXiv preprint 2103.04263},
  year = {2021},
  url = {http://arxiv.org/pdf/2103.04263v2},
}

@article{masood2021deepfakes,
  title = {Deepfakes Generation and Detection: State-of-the-art, open challenges, countermeasures, and way forward},
  author = {Momina Masood and Marriam Nawaz and Khalid Mahmood Malik and Ali Javed and Aun Irtaza},
  journal = {arXiv preprint 2103.00484},
  year = {2021},
  url = {http://arxiv.org/pdf/2103.00484v2},
}

@article{xu2023generative,
  title = {Generative AI-empowered Simulation for Autonomous Driving in Vehicular Mixed Reality Metaverses},
  author = {Minrui Xu and Dusit Niyato and Junlong Chen and Hongliang Zhang and Jiawen Kang and Zehui Xiong and Shiwen Mao and Zhu Han},
  journal = {arXiv preprint 2302.08418},
  year = {2023},
  url = {http://arxiv.org/pdf/2302.08418v1},
}

@article{zhao2024exploring,
  title = {Exploring Generative AI for Sim2Real in Driving Data Synthesis},
  author = {Haonan Zhao and Yiting Wang and Thomas Bashford-Rogers and Valentina Donzella and Kurt Debattista},
  journal = {arXiv preprint 2404.09111},
  year = {2024},
  url = {http://arxiv.org/pdf/2404.09111v1},
}

@article{zhang2023generative,
  title = {Generative AI-enabled Vehicular Networks: Fundamentals, Framework, and Case Study},
  author = {Ruichen Zhang and Ke Xiong and Hongyang Du and Dusit Niyato and Jiawen Kang and Xuemin Shen and H. Vincent Poor},
  journal = {arXiv preprint 2304.11098},
  year = {2023},
  url = {http://arxiv.org/pdf/2304.11098v1},
}

@article{yan2023survey,
  title = {A Survey of Generative AI for Intelligent Transportation Systems: Road Transportation Perspective},
  author = {Huan Yan and Yong Li},
  journal = {arXiv preprint 2312.08248},
  year = {2023},
  url = {http://arxiv.org/pdf/2312.08248v2},
}

@article{shu2024generative,
  title = {Generative Models and Connected and Automated Vehicles: A Survey in Exploring the Intersection of Transportation and AI},
  author = {Dong Shu and Zhouyao Zhu},
  journal = {arXiv preprint 2403.10559},
  year = {2024},
  url = {http://arxiv.org/pdf/2403.10559v1},
}

@article{xu2024leveraging,
  title = {Leveraging Generative AI for Urban Digital Twins: A Scoping Review on the Autonomous Generation of Urban Data, Scenarios, Designs, and 3D City Models for Smart City Advancement},
  author = {Haowen Xu and Femi Omitaomu and Soheil Sabri and Sisi Zlatanova and Xiao Li and Yongze Song},
  journal = {arXiv preprint 2405.19464},
  year = {2024},
  url = {http://arxiv.org/pdf/2405.19464v2},
}

@article{liu2024sora,
  title={Sora: A review on background, technology, limitations, and opportunities of large vision models},
  author={Liu, Yixin and Zhang, Kai and Li, Yuan and Yan, Zhiling and Gao, Chujie and Chen, Ruoxi and Yuan, Zhengqing and Huang, Yue and Sun, Hanchi and Gao, Jianfeng and others},
  journal={arXiv preprint arXiv:2402.17177},
  year={2024}
}

@misc{openai2022chatgpt,
  title={ChatGPT: Get instant answers, find creative inspiration, learn something new.},
  author={OpenAI},
  year={2022},
  howpublished={\url{https://openai.com/chatgpt}},
}

@misc{midjourney2023,
  title={Midjourney: Text To Image with AI Art Generator},
  author={Midjourney AI},
  year={2023},
  howpublished={\url{https://www.midjourneyai.ai/en}},
}

@misc{pika2023,
  title={Pika is the idea-to-video platform that sets your creativity in motion.},
  author={PIKA AI},
  year={2023},
  howpublished={\url{https://pika.art/home}},
}

@misc{gen22023,
  title={Gen-2: Gen-2: The Next Step Forward for Generative AI},
  author={Runaway AI},
  year={2023},
  howpublished={\url{https://research.runwayml.com/gen2}},
}
sanh2021multitask

@misc{openai2024sora,
  title={Sora: Creating video from text},
  author={OpenAI},
  year={2024},
  howpublished={\url{https://openai.com/sora}},
}

@misc{openai2024sorasafety,
  title={Sora Safety},
  author={OpenAI},
  year={2024},
  howpublished={\url{https://openai.com/sora#safety}},
}

@article{pan2023risk,
  title = {On the Risk of Misinformation Pollution with Large Language Models},
  author = {Yikang Pan and Liangming Pan and Wenhu Chen and Preslav Nakov and Min-Yen Kan and William Yang Wang},
  journal = {arXiv preprint 2305.13661},
  year = {2023},
  url = {http://arxiv.org/pdf/2305.13661v2},
}

@article{shoaib2023deepfakes,
  title = {Deepfakes, Misinformation, and Disinformation in the Era of Frontier AI, Generative AI, and Large AI Models},
  author = {Mohamed R. Shoaib and Zefan Wang and Milad Taleby Ahvanooey and Jun Zhao},
  journal = {arXiv preprint 2311.17394},
  year = {2023},
  url = {http://arxiv.org/pdf/2311.17394v1},
}

@article{park2023ai,
  title = {AI Deception: A Survey of Examples, Risks, and Potential Solutions},
  author = {Peter S. Park and Simon Goldstein and Aidan O'Gara and Michael Chen and Dan Hendrycks},
  journal = {arXiv preprint 2308.14752},
  year = {2023},
  url = {http://arxiv.org/pdf/2308.14752v1},
}

@article{wenger2021hello,
  title = {"Hello, It's Me": Deep Learning-based Speech Synthesis Attacks in the Real World},
  author = {Emily Wenger and Max Bronckers and Christian Cianfarani and Jenna Cryan and Angela Sha and Haitao Zheng and Ben Y. Zhao},
  journal = {arXiv preprint 2109.09598},
  year = {2021},
  url = {http://arxiv.org/pdf/2109.09598v1},
}

@article{buo2020emerging,
  title = {The Emerging Threats of Deepfake Attacks and Countermeasures},
  author = {Shadrack Awah Buo},
  journal = {arXiv preprint 2012.07989},
  year = {2020},
  url = {http://arxiv.org/pdf/2012.07989v1},
}

@article{korshunov2023vulnerability,
  title = {Vulnerability of Automatic Identity Recognition to Audio-Visual Deepfakes},
  author = {Pavel Korshunov and Haolin Chen and Philip N. Garner and Sebastien Marcel},
  journal = {arXiv preprint 2311.17655},
  year = {2023},
  url = {http://arxiv.org/pdf/2311.17655v1},
}

@article{müller2022attacker,
  title = {Attacker Attribution of Audio Deepfakes},
  author = {Nicolas M. Müller and Franziska Dieckmann and Jennifer Williams},
  journal = {arXiv preprint 2203.15563},
  year = {2022},
  url = {http://arxiv.org/pdf/2203.15563v1},
}

@article{bilika2023hello,
  title = {Hello Me, Meet the Real Me: Audio Deepfake Attacks on Voice Assistants},
  author = {Domna Bilika and Nikoletta Michopoulou and Efthimios Alepis and Constantinos Patsakis},
  journal = {arXiv preprint 2302.10328},
  year = {2023},
  url = {http://arxiv.org/pdf/2302.10328v1},
}

@article{azmoodeh2022deep,
  title = {Deep Fake Detection, Deterrence and Response: Challenges and Opportunities},
  author = {Amin Azmoodeh and Ali Dehghantanha},
  journal = {arXiv preprint 2211.14667},
  year = {2022},
  url = {http://arxiv.org/pdf/2211.14667v1},
}

@article{kassis2021practical,
  title = {Practical Attacks on Voice Spoofing Countermeasures},
  author = {Andre Kassis and Urs Hengartner},
  journal = {arXiv preprint 2107.14642},
  year = {2021},
  url = {http://arxiv.org/pdf/2107.14642v1},
}

@article{verma2024ai,
    author = {Verma, Pranshu and Tenjarla, Rekha and Sand, Bishop},
    title = {AI is spawning a flood of fake Trump and Harris voices. Here's how to tell what's real},
    journal = {The Washington Post},
    year = {2024},
    month = {October},
    day = {16},
    note = {Retrieved 6:05 a.m.}
}

@article{singer2024deepfake,
    author = {Singer, Natasha},
    title = {Teen Girls Confront an Epidemic of Deepfake Nudes in Schools},
    journal = {The New York Times},
    year = {2024},
    month = {April},
    day = {8},
    url = {https://www.nytimes.com/2024/04/08/technology/deepfake-ai-nudes-westfield-high-school.html},
    note = {Retrieved April 8, 2024}
}

@article{qiwei2024reporting,
  title = {Reporting Non-Consensual Intimate Media: An Audit Study of Deepfakes},
  author = {Li Qiwei and Shihui Zhang and Andrew Timothy Kasper and Joshua Ashkinaze and Asia A. Eaton and Sarita Schoenebeck and Eric Gilbert},
  journal = {arXiv preprint 2409.12138},
  year = {2024},
  url = {http://arxiv.org/pdf/2409.12138v1},
}

@article{brigham2024violation,
  title = {"Violation of my body:" Perceptions of AI-generated non-consensual (intimate) imagery},
  author = {Natalie Grace Brigham and Miranda Wei and Tadayoshi Kohno and Elissa M. Redmiles},
  journal = {arXiv preprint 2406.05520},
  year = {2024},
  url = {http://arxiv.org/pdf/2406.05520v2},
}

@article{vermillio2024wme,
    author = {Vermillio},
    title = {WME Announces First Major AI Partnership with Authenticated AI Company Vermillio to Protect Artists and Create New Revenue Opportunities},
    journal = {Vermillio Blog},
    year = {2024},
    month = {January},
    day = {30},
}

@article{robinson2024umg,
    author = {Robinson, Kristin},
    title = {Will UMG's Lawsuit Against Believe Usher In a New Era of Regulation for DIY Distribution?},
    journal = {Billboard},
    year = {2024},
    month = {November},
    day = {19},
    url = {https://www.billboard.com/pro/umg-lawsuit-believe-regulation-diy-distribution/}
}

@article{cho2024artists,
    author = {Cho, Winston},
    title = {Artists Score Major Win in Copyright Case Against AI Art Generators},
    journal = {The Hollywood Reporter},
    year = {2024},
    month = {August},
    day = {13},
}

@inproceedings{zhang2023backdoor,
  title={Backdoor defense via deconfounded representation learning},
  author={Zhang, Zaixi and Liu, Qi and Wang, Zhicai and Lu, Zepu and Hu, Qingyong},
  booktitle={Proceedings of the IEEE/CVF Conference on Computer Vision and Pattern Recognition},
  pages={12228--12238},
  year={2023}
}

@article{perwej2012adaptive,
  title = {An Adaptive Watermarking Technique for the copyright of digital images and Digital Image Protection},
  author = {Yusuf Perwej and Firoj Parwej and Asif Perwej},
  journal = {arXiv preprint 1205.2800},
  year = {2012},
  url = {http://arxiv.org/pdf/1205.2800v1},
}

@article{jang2024waterf,
  title = {WateRF: Robust Watermarks in Radiance Fields for Protection of Copyrights},
  author = {Youngdong Jang and Dong In Lee and MinHyuk Jang and Jong Wook Kim and Feng Yang and Sangpil Kim},
  journal = {arXiv preprint 2405.02066},
  year = {2024},
  url = {http://arxiv.org/pdf/2405.02066v3},
}

@article{saberi2024drew,
  title = {DREW : Towards Robust Data Provenance by Leveraging Error-Controlled Watermarking},
  author = {Mehrdad Saberi and Vinu Sankar Sadasivan and Arman Zarei and Hessam Mahdavifar and Soheil Feizi},
  journal = {arXiv preprint 2406.02836},
  year = {2024},
  url = {http://arxiv.org/pdf/2406.02836v2},
}

@article{dehghan2010robust,
  title = {Robust Image Watermarking in the Wavelet Domain for Copyright Protection},
  author = {Hamed Dehghan and S. Ebrahim Safavi},
  journal = {arXiv preprint 1001.0282},
  year = {2010},
  url = {http://arxiv.org/pdf/1001.0282v1},
}

@article{zhang2023editguard,
  title = {EditGuard: Versatile Image Watermarking for Tamper Localization and Copyright Protection},
  author = {Xuanyu Zhang and Runyi Li and Jiwen Yu and Youmin Xu and Weiqi Li and Jian Zhang},
  journal = {arXiv preprint 2312.08883},
  year = {2023},
  url = {http://arxiv.org/pdf/2312.08883v1},
}

@article{melman2020authorship,
  title = {An authorship protection technology for electronic documents based on image watermarking},
  author = {Anna Melman and Oleg Evsutin and Alexander Shelupanov},
  journal = {arXiv preprint 2010.00302},
  year = {2020},
  url = {http://arxiv.org/pdf/2010.00302v1},
}

@article{elrowayati2021hevc,
  title = {HEVC Watermarking Techniques for Authentication and Copyright Applications: Challenges and Opportunities},
  author = {Ali A. Elrowayati and Mohamed A. Alrshah and M. F. L. Abdullah and Rohaya Latip},
  journal = {arXiv preprint 2102.07195},
  year = {2021},
  url = {http://arxiv.org/pdf/2102.07195v1},
}

@article{eppstein2016models,
  title = {Models and Algorithms for Graph Watermarking},
  author = {David Eppstein and Michael T. Goodrich and Jenny Lam and Nil Mamano and Michael Mitzenmacher and Manuel Torres},
  journal = {arXiv preprint 1605.09425},
  year = {2016},
  url = {http://arxiv.org/pdf/1605.09425v1},
}

@article{merhav2007optimal,
  title = {Optimal Watermark Embedding and Detection Strategies Under Limited Detection Resources},
  author = {Neri Merhav and Erez Sabbag},
  journal = {arXiv preprint 0705.1919},
  year = {2007},
  url = {http://arxiv.org/pdf/0705.1919v1},
}

@article{kamran2018comprehensive,
  title = {A Comprehensive Survey of Watermarking Relational Databases Research},
  author = {Muhammad Kamran and Muddassar Farooq},
  journal = {arXiv preprint 1801.08271},
  year = {2018},
  url = {http://arxiv.org/pdf/1801.08271v1},
}

@article{zhong2007watermark,
  title = {Watermark Embedding and Detection},
  author = {Jidong Zhong},
  journal = {arXiv preprint 0706.0427},
  year = {2007},
  url = {http://arxiv.org/pdf/0706.0427v1},
}

@article{hsieh2010perceptual,
  title = {Perceptual Copyright Protection Using Multiresolution Wavelet-Based Watermarking And Fuzzy Logic},
  author = {Ming-Shing Hsieh},
  journal = {arXiv preprint 1007.5136},
  year = {2010},
  url = {http://arxiv.org/pdf/1007.5136v1},
}

@article{singh2024secure,
  title = {Towards Secure and Usable 3D Assets: A Novel Framework for Automatic Visible Watermarking},
  author = {Gursimran Singh and Tianxi Hu and Mohammad Akbari and Qiang Tang and Yong Zhang},
  journal = {arXiv preprint 2409.00314},
  year = {2024},
  url = {http://arxiv.org/pdf/2409.00314v2},
}

@article{barbier2015image,
  title = {Image Watermaking With Biometric Data For Copyright Protection},
  author = {Morgan Barbier and Jean-Marie Le Bars and Christophe Rosenberger},
  journal = {arXiv preprint 1503.04624},
  year = {2015},
  url = {http://arxiv.org/pdf/1503.04624v1},
}

@article{chroni2015watermarking,
  title = {Watermarking PDF Documents using Various Representations of Self-inverting Permutations},
  author = {Maria Chroni and Stavros D. Nikolopoulos},
  journal = {arXiv preprint 1501.02686},
  year = {2015},
  url = {http://arxiv.org/pdf/1501.02686v1},
}

@article{semyonov2023remark,
  title = {ReMark: Receptive Field based Spatial WaterMark Embedding Optimization using Deep Network},
  author = {Natan Semyonov and Rami Puzis and Asaf Shabtai and Gilad Katz},
  journal = {arXiv preprint 2305.06786},
  year = {2023},
  url = {http://arxiv.org/pdf/2305.06786v1},
}

@article{bahi2008watermarking,
  title = {A watermarking algorithm satisfying topological chaos properties},
  author = {Jacques M. Bahi and Christophe Guyeux},
  journal = {arXiv preprint 0810.4713},
  year = {2008},
  url = {http://arxiv.org/pdf/0810.4713v1},
}

@article{pan2024finding,
  title = {Finding needles in a haystack: A Black-Box Approach to Invisible Watermark Detection},
  author = {Minzhou Pan and Zhenting Wang and Xin Dong and Vikash Sehwag and Lingjuan Lyu and Xue Lin},
  journal = {arXiv preprint 2403.15955},
  year = {2024},
  url = {http://arxiv.org/pdf/2403.15955v3},
}

@article{sengupta2012self,
  title = {Self Authentication of color image through Wavelet Transformation Technique (SAWT)},
  author = {Madhumita Sengupta and J. K. Mandal},
  journal = {arXiv preprint 1212.2582},
  year = {2012},
  url = {http://arxiv.org/pdf/1212.2582v1},
}

@article{yi-zhou2013optical,
  title = {An Optical Watermarking Solution for Color Personal Identification Pictures},
  author = {Tan Yi-zhou and Liu Hai-bo and Huang Shui-hua and Sheng Ben-jian and Pan Zhong-ming},
  journal = {arXiv preprint 1302.4784},
  year = {2013},
  url = {http://arxiv.org/pdf/1302.4784v1},
}

@article{lei2023aparecium,
  title = {Aparecium: Revealing Secrets from Physical Photographs},
  author = {Zhe Lei and Jie Zhang and Jingtao Li and Weiming Zhang and Nenghai Yu},
  journal = {arXiv preprint 2308.12141},
  year = {2023},
  url = {http://arxiv.org/pdf/2308.12141v1},
}

@article{mehta2016mpdf,
  title = {mPDF: Framework for Watermarking PDF Files using Image Watermarking Algorithms},
  author = {Sachin Mehta and Balakrishnan Prabhakaran and Rajarathnam Nallusamy and Derrick Newton},
  journal = {arXiv preprint 1610.02443},
  year = {2016},
  url = {http://arxiv.org/pdf/1610.02443v1},
}

@article{fan2019[extended,
  title = {[Extended version] Rethinking Deep Neural Network Ownership Verification: Embedding Passports to Defeat Ambiguity Attacks},
  author = {Lixin Fan and Kam Woh Ng and Chee Seng Chan},
  journal = {arXiv preprint 1909.07830},
  year = {2019},
  url = {http://arxiv.org/pdf/1909.07830v3},
}

@article{chen2023marknerf,
  title = {MarkNerf:Watermarking for Neural Radiance Field},
  author = {Lifeng Chen and Jia Liu and Yan Ke and Wenquan Sun and Weina Dong and Xiaozhong Pan},
  journal = {arXiv preprint 2309.11747},
  year = {2023},
  url = {http://arxiv.org/pdf/2309.11747v1},
}

@article{d'amore2021traitor,
  title = {Traitor-Proof PDF Watermarking},
  author = {Fabrizio d'Amore and Alessandro Serpi},
  journal = {arXiv preprint 2109.09712},
  year = {2021},
  url = {http://arxiv.org/pdf/2109.09712v1},
}

@article{shao2024explanation,
  title = {Explanation as a Watermark: Towards Harmless and Multi-bit Model Ownership Verification via Watermarking Feature Attribution},
  author = {Shuo Shao and Yiming Li and Hongwei Yao and Yiling He and Zhan Qin and Kui Ren},
  journal = {arXiv preprint 2405.04825},
  year = {2024},
  url = {http://arxiv.org/pdf/2405.04825v2},
}

@article{xue2023turn,
  title = {Turn Passive to Active: A Survey on Active Intellectual Property Protection of Deep Learning Models},
  author = {Mingfu Xue and Leo Yu Zhang and Yushu Zhang and Weiqiang Liu},
  journal = {arXiv preprint 2310.09822},
  year = {2023},
  url = {http://arxiv.org/pdf/2310.09822v1},
}

@article{singla2023simple,
  title = {A Simple and Efficient Baseline for Data Attribution on Images},
  author = {Vasu Singla and Pedro Sandoval-Segura and Micah Goldblum and Jonas Geiping and Tom Goldstein},
  journal = {arXiv preprint 2311.03386},
  year = {2023},
  url = {http://arxiv.org/pdf/2311.03386v1},
}

@article{li2024protect,
  title = {Protect-Your-IP: Scalable Source-Tracing and Attribution against Personalized Generation},
  author = {Runyi Li and Xuanyu Zhang and Zhipei Xu and Yongbing Zhang and Jian Zhang},
  journal = {arXiv preprint 2405.16596},
  year = {2024},
  url = {http://arxiv.org/pdf/2405.16596v1},
}

@article{zhang2024dataset,
  title = {Beyond Dataset Watermarking: Model-Level Copyright Protection for Code Summarization Models},
  author = {Jiale Zhang and Haoxuan Li and Di Wu and Xiaobing Sun and Qinghua Lu and Guodong Long},
  journal = {arXiv preprint 2410.14102},
  year = {2024},
  url = {http://arxiv.org/pdf/2410.14102v1},
}

@article{xue2024datasafe,
  title = {DataSafe: Copyright Protection with PUF Watermarking and Blockchain Tracking},
  author = {Xiaolong Xue and Guangyong Shang and Zhen Ma and Minghui Xu and Hechuan Guo and Kun Li and Xiuzhen Cheng},
  journal = {arXiv preprint 2405.19099},
  year = {2024},
  url = {http://arxiv.org/pdf/2405.19099v1},
}

@article{deng2024dattri,
  title = {$\texttt{dattri}$: A Library for Efficient Data Attribution},
  author = {Junwei Deng and Ting-Wei Li and Shiyuan Zhang and Shixuan Liu and Yijun Pan and Hao Huang and Xinhe Wang and Pingbang Hu and Xingjian Zhang and Jiaqi W. Ma},
  journal = {arXiv preprint 2410.04555},
  year = {2024},
  url = {http://arxiv.org/pdf/2410.04555v1},
}

@article{luan2024protecting,
  title = {Protecting Deep Learning Model Copyrights with Adversarial Example-Free Reuse Detection},
  author = {Xiaokun Luan and Xiyue Zhang and Jingyi Wang and Meng Sun},
  journal = {arXiv preprint 2407.03883},
  year = {2024},
  url = {http://arxiv.org/pdf/2407.03883v1},
}

@article{li2023tracing,
  title = {Towards Tracing Code Provenance with Code Watermarking},
  author = {Wei Li and Borui Yang and Yujie Sun and Suyu Chen and Ziyun Song and Liyao Xiang and Xinbing Wang and Chenghu Zhou},
  journal = {arXiv preprint 2305.12461},
  year = {2023},
  url = {http://arxiv.org/pdf/2305.12461v1},
}

@article{nie2023attributing,
  title = {Attributing Image Generative Models using Latent Fingerprints},
  author = {Guangyu Nie and Changhoon Kim and Yezhou Yang and Yi Ren},
  journal = {arXiv preprint 2304.09752},
  year = {2023},
  url = {http://arxiv.org/pdf/2304.09752v2},
}

@article{cui2023diffusionshield,
  title = {DiffusionShield: A Watermark for Copyright Protection against Generative Diffusion Models},
  author = {Yingqian Cui and Jie Ren and Han Xu and Pengfei He and Hui Liu and Lichao Sun and Yue Xing and Jiliang Tang},
  journal = {arXiv preprint 2306.04642},
  year = {2023},
  url = {http://arxiv.org/pdf/2306.04642v4},
}

@article{peng2023you,
  title = {Are You Copying My Model? Protecting the Copyright of Large Language Models for EaaS via Backdoor Watermark},
  author = {Wenjun Peng and Jingwei Yi and Fangzhao Wu and Shangxi Wu and Bin Zhu and Lingjuan Lyu and Binxing Jiao and Tong Xu and Guangzhong Sun and Xing Xie},
  journal = {arXiv preprint 2305.10036},
  year = {2023},
  url = {http://arxiv.org/pdf/2305.10036v3},
}

@article{peng2023intellectual,
  title = {Intellectual Property Protection of Diffusion Models via the Watermark Diffusion Process},
  author = {Sen Peng and Yufei Chen and Cong Wang and Xiaohua Jia},
  journal = {arXiv preprint 2306.03436},
  year = {2023},
  url = {http://arxiv.org/pdf/2306.03436v2},
}

@article{wang2023evaluating,
  title = {Evaluating Data Attribution for Text-to-Image Models},
  author = {Sheng-Yu Wang and Alexei A. Efros and Jun-Yan Zhu and Richard Zhang},
  journal = {arXiv preprint 2306.09345},
  year = {2023},
  url = {http://arxiv.org/pdf/2306.09345v2},
}

@article{bogomolov2020authorship,
  title = {Authorship Attribution of Source Code: A Language-Agnostic Approach and Applicability in Software Engineering},
  author = {Egor Bogomolov and Vladimir Kovalenko and Yurii Rebryk and Alberto Bacchelli and Timofey Bryksin},
  journal = {arXiv preprint 2001.11593},
  year = {2020},
  url = {http://arxiv.org/pdf/2001.11593v2},
}

@article{sun2024deepcore,
  title = {DeepCore: Simple Fingerprint Construction for Differentiating Homologous and Piracy Models},
  author = {Haifeng Sun and Lan Zhang and Xiang-Yang Li},
  journal = {arXiv preprint 2411.00380},
  year = {2024},
  url = {http://arxiv.org/pdf/2411.00380v1},
}

@article{wang2023plug,
  title = {A Plug-and-Play Defensive Perturbation for Copyright Protection of DNN-based Applications},
  author = {Donghua Wang and Wen Yao and Tingsong Jiang and Weien Zhou and Lang Lin and Xiaoqian Chen},
  journal = {arXiv preprint 2304.10679},
  year = {2023},
  url = {http://arxiv.org/pdf/2304.10679v2},
}

@article{luo2023steal,
  title = {Steal My Artworks for Fine-tuning? A Watermarking Framework for Detecting Art Theft Mimicry in Text-to-Image Models},
  author = {Ge Luo and Junqiang Huang and Manman Zhang and Zhenxing Qian and Sheng Li and Xinpeng Zhang},
  journal = {arXiv preprint 2311.13619},
  year = {2023},
  url = {http://arxiv.org/pdf/2311.13619v1},
}

@article{livni2024credit,
  title = {Credit Attribution and Stable Compression},
  author = {Roi Livni and Shay Moran and Kobbi Nissim and Chirag Pabbaraju},
  journal = {arXiv preprint 2406.15916},
  year = {2024},
  url = {http://arxiv.org/pdf/2406.15916v1},
}

@article{zhou2023copyscope,
  title = {CopyScope: Model-level Copyright Infringement Quantification in the Diffusion Workflow},
  author = {Junlei Zhou and Jiashi Gao and Ziwei Wang and Xuetao Wei},
  journal = {arXiv preprint 2311.12847},
  year = {2023},
  url = {http://arxiv.org/pdf/2311.12847v1},
}

@article{chen2023fedright,
  title = {FedRight: An Effective Model Copyright Protection for Federated Learning},
  author = {Jinyin Chen and Mingjun Li and Mingjun Li and Haibin Zheng},
  journal = {arXiv preprint 2303.10399},
  year = {2023},
  url = {http://arxiv.org/pdf/2303.10399v1},
}

@article{abuhamad2023shield,
  title = {SHIELD: Thwarting Code Authorship Attribution},
  author = {Mohammed Abuhamad and Changhun Jung and David Mohaisen and DaeHun Nyang},
  journal = {arXiv preprint 2304.13255},
  year = {2023},
  url = {http://arxiv.org/pdf/2304.13255v1},
}

@article{jiang2024watermark,
  title = {Watermark-based Detection and Attribution of AI-Generated Content},
  author = {Zhengyuan Jiang and Moyang Guo and Yuepeng Hu and Neil Zhenqiang Gong},
  journal = {arXiv preprint 2404.04254},
  year = {2024},
  url = {http://arxiv.org/pdf/2404.04254v1},
}

@article{sun2023codemark,
  title = {CodeMark: Imperceptible Watermarking for Code Datasets against Neural Code Completion Models},
  author = {Zhensu Sun and Xiaoning Du and Fu Song and Li Li},
  journal = {arXiv preprint 2308.14401},
  year = {2023},
  url = {http://arxiv.org/pdf/2308.14401v1},
}

@article{hu2024learn,
  title = {Learn What You Want to Unlearn: Unlearning Inversion Attacks against Machine Unlearning},
  author = {Hongsheng Hu and Shuo Wang and Tian Dong and Minhui Xue},
  journal = {arXiv preprint 2404.03233},
  year = {2024},
  url = {http://arxiv.org/pdf/2404.03233v1},
}

@article{liu2024survey,
  title = {A Survey on Machine Unlearning: Techniques and New Emerged Privacy Risks},
  author = {Hengzhu Liu and Ping Xiong and Tianqing Zhu and Philip S. Yu},
  journal = {arXiv preprint 2406.06186},
  year = {2024},
  url = {http://arxiv.org/pdf/2406.06186v1},
}

@article{gogineni2024efficient,
  title = {Efficient Knowledge Deletion from Trained Models through Layer-wise Partial Machine Unlearning},
  author = {Vinay Chakravarthi Gogineni and Esmaeil S. Nadimi},
  journal = {arXiv preprint 2403.07611},
  year = {2024},
  url = {http://arxiv.org/pdf/2403.07611v1},
}

@article{liu2024game,
  title = {Game-Theoretic Machine Unlearning: Mitigating Extra Privacy Leakage},
  author = {Hengzhu Liu and Tianqing Zhu and Lefeng Zhang and Ping Xiong},
  journal = {arXiv preprint 2411.03914},
  year = {2024},
  url = {http://arxiv.org/pdf/2411.03914v1},
}

@article{zuo2024machine,
  title = {Machine unlearning through fine-grained model parameters perturbation},
  author = {Zhiwei Zuo and Zhuo Tang and Kenli Li and Anwitaman Datta},
  journal = {arXiv preprint 2401.04385},
  year = {2024},
  url = {http://arxiv.org/pdf/2401.04385v3},
}

@article{huang2024unlearn,
  title = {Unlearn and Burn: Adversarial Machine Unlearning Requests Destroy Model Accuracy},
  author = {Yangsibo Huang and Daogao Liu and Lynn Chua and Badih Ghazi and Pritish Kamath and Ravi Kumar and Pasin Manurangsi and Milad Nasr and Amer Sinha and Chiyuan Zhang},
  journal = {arXiv preprint 2410.09591},
  year = {2024},
  url = {http://arxiv.org/pdf/2410.09591v1},
}

@article{bertran2024reconstruction,
  title = {Reconstruction Attacks on Machine Unlearning: Simple Models are Vulnerable},
  author = {Martin Bertran and Shuai Tang and Michael Kearns and Jamie Morgenstern and Aaron Roth and Zhiwei Steven Wu},
  journal = {arXiv preprint 2405.20272},
  year = {2024},
  url = {http://arxiv.org/pdf/2405.20272v1},
}

@article{chourasia2022forget,
  title = {Forget Unlearning: Towards True Data-Deletion in Machine Learning},
  author = {Rishav Chourasia and Neil Shah},
  journal = {arXiv preprint 2210.08911},
  year = {2022},
  url = {http://arxiv.org/pdf/2210.08911v2},
}

@article{jeon2024information,
  title = {An Information Theoretic Metric for Evaluating Unlearning Models},
  author = {Dongjae Jeon and Wonje Jeung and Taeheon Kim and Albert No and Jonghyun Choi},
  journal = {arXiv preprint 2405.17878},
  year = {2024},
  url = {http://arxiv.org/pdf/2405.17878v1},
}

@article{foster2024information,
  title = {An Information Theoretic Approach to Machine Unlearning},
  author = {Jack Foster and Kyle Fogarty and Stefan Schoepf and Cengiz Öztireli and Alexandra Brintrup},
  journal = {arXiv preprint 2402.01401},
  year = {2024},
  url = {http://arxiv.org/pdf/2402.01401v3},
}

@article{kim2023layer,
  title = {Layer Attack Unlearning: Fast and Accurate Machine Unlearning via Layer Level Attack and Knowledge Distillation},
  author = {Hyunjune Kim and Sangyong Lee and Simon S. Woo},
  journal = {arXiv preprint 2312.16823},
  year = {2023},
  url = {http://arxiv.org/pdf/2312.16823v1},
}

@article{liu2024threats,
  title = {Threats, Attacks, and Defenses in Machine Unlearning: A Survey},
  author = {Ziyao Liu and Huanyi Ye and Chen Chen and Yongsen Zheng and Kwok-Yan Lam},
  journal = {arXiv preprint 2403.13682},
  year = {2024},
  url = {http://arxiv.org/pdf/2403.13682v4},
}

@article{shi2023deepclean,
  title = {DeepClean: Machine Unlearning on the Cheap by Resetting Privacy Sensitive Weights using the Fisher Diagonal},
  author = {Jiaeli Shi and Najah Ghalyan and Kostis Gourgoulias and John Buford and Sean Moran},
  journal = {arXiv preprint 2311.10448},
  year = {2023},
  url = {http://arxiv.org/pdf/2311.10448v2},
}

@article{lee2024protecting,
  title = {Protecting Privacy Through Approximating Optimal Parameters for Sequence Unlearning in Language Models},
  author = {Dohyun Lee and Daniel Rim and Minseok Choi and Jaegul Choo},
  journal = {arXiv preprint 2406.14091},
  year = {2024},
  url = {http://arxiv.org/pdf/2406.14091v1},
}

@article{zhao2024pseudo,
  title = {Pseudo-Probability Unlearning: Towards Efficient and Privacy-Preserving Machine Unlearning},
  author = {Zihao Zhao and Yijiang Li and Yuchen Yang and Wenqing Zhang and Nuno Vasconcelos and Yinzhi Cao},
  journal = {arXiv preprint 2411.02622},
  year = {2024},
  url = {http://arxiv.org/pdf/2411.02622v1},
}

@article{xu2024don't,
  title = {Don't Forget Too Much: Towards Machine Unlearning on Feature Level},
  author = {Heng Xu and Tianqing Zhu and Wanlei Zhou and Wei Zhao},
  journal = {arXiv preprint 2406.10951},
  year = {2024},
  url = {http://arxiv.org/pdf/2406.10951v1},
}

@article{panda2024partially,
  title = {Partially Blinded Unlearning: Class Unlearning for Deep Networks a Bayesian Perspective},
  author = {Subhodip Panda and Shashwat Sourav and Prathosh A. P},
  journal = {arXiv preprint 2403.16246},
  year = {2024},
  url = {http://arxiv.org/pdf/2403.16246v1},
}

@article{grimes2024gone,
  title = {Gone but Not Forgotten: Improved Benchmarks for Machine Unlearning},
  author = {Keltin Grimes and Collin Abidi and Cole Frank and Shannon Gallagher},
  journal = {arXiv preprint 2405.19211},
  year = {2024},
  url = {http://arxiv.org/pdf/2405.19211v1},
}

@article{qiao2024efficient,
  title = {Efficient and Generalizable Certified Unlearning: A Hessian-free Recollection Approach},
  author = {Xinbao Qiao and Meng Zhang and Ming Tang and Ermin Wei},
  journal = {arXiv preprint 2404.01712},
  year = {2024},
  url = {http://arxiv.org/pdf/2404.01712v3},
}

@article{chen2020machine,
  title = {When Machine Unlearning Jeopardizes Privacy},
  author = {Min Chen and Zhikun Zhang and Tianhao Wang and Michael Backes and Mathias Humbert and Yang Zhang},
  journal = {arXiv preprint 2005.02205},
  year = {2020},
  url = {http://arxiv.org/pdf/2005.02205v2},
}

@article{hoang2023learn,
  title = {Learn to Unlearn for Deep Neural Networks: Minimizing Unlearning Interference with Gradient Projection},
  author = {Tuan Hoang and Santu Rana and Sunil Gupta and Svetha Venkatesh},
  journal = {arXiv preprint 2312.04095},
  year = {2023},
  url = {http://arxiv.org/pdf/2312.04095v1},
}

@article{chen2023boundary,
  title = {Boundary Unlearning},
  author = {Min Chen and Weizhuo Gao and Gaoyang Liu and Kai Peng and Chen Wang},
  journal = {arXiv preprint 2303.11570},
  year = {2023},
  url = {http://arxiv.org/pdf/2303.11570v1},
}

@article{dang2023flew,
  title = {Flew Over Learning Trap: Learn Unlearnable Samples by Progressive Staged Training},
  author = {Pucheng Dang and Xing Hu and Kaidi Xu and Jinhao Duan and Di Huang and Husheng Han and Rui Zhang and Zidong Du and Qi Guo and Yunji Chen},
  journal = {arXiv preprint 2306.02064},
  year = {2023},
  url = {http://arxiv.org/pdf/2306.02064v1},
}

@article{du2024textual,
  title = {Textual Unlearning Gives a False Sense of Unlearning},
  author = {Jiacheng Du and Zhibo Wang and Kui Ren},
  journal = {arXiv preprint 2406.13348},
  year = {2024},
  url = {http://arxiv.org/pdf/2406.13348v1},
}

@article{wang2024machine,
  title = {Machine Unlearning: A Comprehensive Survey},
  author = {Weiqi Wang and Zhiyi Tian and Chenhan Zhang and Shui Yu},
  journal = {arXiv preprint 2405.07406},
  year = {2024},
  url = {http://arxiv.org/pdf/2405.07406v2},
}

@article{wang2023kga,
  title = {KGA: A General Machine Unlearning Framework Based on Knowledge Gap Alignment},
  author = {Lingzhi Wang and Tong Chen and Wei Yuan and Xingshan Zeng and Kam-Fai Wong and Hongzhi Yin},
  journal = {arXiv preprint 2305.06535},
  year = {2023},
  url = {http://arxiv.org/pdf/2305.06535v1},
}

@article{varshney2024efficient,
  title = {Efficient Federated Unlearning under Plausible Deniability},
  author = {Ayush K. Varshney and Vicenç Torra},
  journal = {arXiv preprint 2410.09947},
  year = {2024},
  url = {http://arxiv.org/pdf/2410.09947v1},
}

@article{suriyakumar2022algorithms,
  title = {Algorithms that Approximate Data Removal: New Results and Limitations},
  author = {Vinith M. Suriyakumar and Ashia C. Wilson},
  journal = {arXiv preprint 2209.12269},
  year = {2022},
  url = {http://arxiv.org/pdf/2209.12269v1},
}

@article{shah2023unlearning,
  title = {Unlearning via Sparse Representations},
  author = {Vedant Shah and Frederik Träuble and Ashish Malik and Hugo Larochelle and Michael Mozer and Sanjeev Arora and Yoshua Bengio and Anirudh Goyal},
  journal = {arXiv preprint 2311.15268},
  year = {2023},
  url = {http://arxiv.org/pdf/2311.15268v1},
}

@article{sula2024silver,
  title = {Silver Linings in the Shadows: Harnessing Membership Inference for Machine Unlearning},
  author = {Nexhi Sula and Abhinav Kumar and Jie Hou and Han Wang and Reza Tourani},
  journal = {arXiv preprint 2407.00866},
  year = {2024},
  url = {http://arxiv.org/pdf/2407.00866v2},
}

@article{chen2022recommendation,
  title = {Recommendation Unlearning},
  author = {Chong Chen and Fei Sun and Min Zhang and Bolin Ding},
  journal = {arXiv preprint 2201.06820},
  year = {2022},
  url = {http://arxiv.org/pdf/2201.06820v2},
}

@article{xue2021protect,
  title = {Protect the Intellectual Property of Dataset against Unauthorized Use},
  author = {Mingfu Xue and Yinghao Wu and Yushu Zhang and Jian Wang and Weiqiang Liu},
  journal = {arXiv preprint 2109.07921},
  year = {2021},
  url = {http://arxiv.org/pdf/2109.07921v1},
}

@article{wu2024scissorhands,
  title = {Scissorhands: Scrub Data Influence via Connection Sensitivity in Networks},
  author = {Jing Wu and Mehrtash Harandi},
  journal = {arXiv preprint 2401.06187},
  year = {2024},
  url = {http://arxiv.org/pdf/2401.06187v2},
}

@article{truex2018demystifying,
  title = {Towards Demystifying Membership Inference Attacks},
  author = {Stacey Truex and Ling Liu and Mehmet Emre Gursoy and Lei Yu and Wenqi Wei},
  journal = {arXiv preprint 1807.09173},
  year = {2018},
  url = {http://arxiv.org/pdf/1807.09173v2},
}

@article{rezaei2022discredibility,
  title = {On the Discredibility of Membership Inference Attacks},
  author = {Shahbaz Rezaei and Xin Liu},
  journal = {arXiv preprint 2212.02701},
  year = {2022},
  url = {http://arxiv.org/pdf/2212.02701v2},
}

@article{carlini2021membership,
  title = {Membership Inference Attacks From First Principles},
  author = {Nicholas Carlini and Steve Chien and Milad Nasr and Shuang Song and Andreas Terzis and Florian Tramer},
  journal = {arXiv preprint 2112.03570},
  year = {2021},
  url = {http://arxiv.org/pdf/2112.03570v2},
}

@article{aubinais2023fundamental,
  title = {Fundamental Limits of Membership Inference Attacks on Machine Learning Models},
  author = {Eric Aubinais and Elisabeth Gassiat and Pablo Piantanida},
  journal = {arXiv preprint 2310.13786},
  year = {2023},
  url = {http://arxiv.org/pdf/2310.13786v4},
}

@article{humphries2020investigating,
  title = {Investigating Membership Inference Attacks under Data Dependencies},
  author = {Thomas Humphries and Simon Oya and Lindsey Tulloch and Matthew Rafuse and Ian Goldberg and Urs Hengartner and Florian Kerschbaum},
  journal = {arXiv preprint 2010.12112},
  year = {2020},
  url = {http://arxiv.org/pdf/2010.12112v4},
}

@article{bernau2019assessing,
  title = {Assessing differentially private deep learning with Membership Inference},
  author = {Daniel Bernau and Philip-William Grassal and Jonas Robl and Florian Kerschbaum},
  journal = {arXiv preprint 1912.11328},
  year = {2019},
  url = {http://arxiv.org/pdf/1912.11328v4},
}

@article{shateri2023preserving,
  title = {Preserving Privacy in GANs Against Membership Inference Attack},
  author = {Mohammadhadi Shateri and Francisco Messina and Fabrice Labeau and Pablo Piantanida},
  journal = {arXiv preprint 2311.03172},
  year = {2023},
  url = {http://arxiv.org/pdf/2311.03172v1},
}

@article{laszkiewicz2023set,
  title = {Set-Membership Inference Attacks using Data Watermarking},
  author = {Mike Laszkiewicz and Denis Lukovnikov and Johannes Lederer and Asja Fischer},
  journal = {arXiv preprint 2307.15067},
  year = {2023},
  url = {http://arxiv.org/pdf/2307.15067v1},
}

@article{shokri2016membership,
  title = {Membership Inference Attacks against Machine Learning Models},
  author = {Reza Shokri and Marco Stronati and Congzheng Song and Vitaly Shmatikov},
  journal = {arXiv preprint 1610.05820},
  year = {2016},
  url = {http://arxiv.org/pdf/1610.05820v2},
}

@article{li2020membership,
  title = {Membership Inference Attacks and Defenses in Classification Models},
  author = {Jiacheng Li and Ninghui Li and Bruno Ribeiro},
  journal = {arXiv preprint 2002.12062},
  year = {2020},
  url = {http://arxiv.org/pdf/2002.12062v3},
}

@article{jayaraman2020revisiting,
  title = {Revisiting Membership Inference Under Realistic Assumptions},
  author = {Bargav Jayaraman and Lingxiao Wang and Katherine Knipmeyer and Quanquan Gu and David Evans},
  journal = {arXiv preprint 2005.10881},
  year = {2020},
  url = {http://arxiv.org/pdf/2005.10881v5},
}

@article{hu2022membership,
  title = {Membership Inference Attacks Against Latent Factor Model},
  author = {Dazhi Hu},
  journal = {arXiv preprint 2301.03596},
  year = {2022},
  url = {http://arxiv.org/pdf/2301.03596v1},
}

@article{yang2022privacy,
  title = {Privacy-preserving Generative Framework Against Membership Inference Attacks},
  author = {Ruikang Yang and Jianfeng Ma and Yinbin Miao and Xindi Ma},
  journal = {arXiv preprint 2202.05469},
  year = {2022},
  url = {http://arxiv.org/pdf/2202.05469v1},
}

@article{hyeong2022empirical,
  title = {An Empirical Study on the Membership Inference Attack against Tabular Data Synthesis Models},
  author = {Jihyeon Hyeong and Jayoung Kim and Noseong Park and Sushil Jajodia},
  journal = {arXiv preprint 2208.08114},
  year = {2022},
  url = {http://arxiv.org/pdf/2208.08114v2},
}

@article{zhang2021membership,
  title = {Membership Inference Attacks Against Recommender Systems},
  author = {Minxing Zhang and Zhaochun Ren and Zihan Wang and Pengjie Ren and Zhumin Chen and Pengfei Hu and Yang Zhang},
  journal = {arXiv preprint 2109.08045},
  year = {2021},
  url = {http://arxiv.org/pdf/2109.08045v1},
}

@article{truex2019effects,
  title = {Effects of Differential Privacy and Data Skewness on Membership Inference Vulnerability},
  author = {Stacey Truex and Ling Liu and Mehmet Emre Gursoy and Wenqi Wei and Lei Yu},
  journal = {arXiv preprint 1911.09777},
  year = {2019},
  url = {http://arxiv.org/pdf/1911.09777v1},
}

@article{zarifzadeh2023low,
  title = {Low-Cost High-Power Membership Inference Attacks},
  author = {Sajjad Zarifzadeh and Philippe Liu and Reza Shokri},
  journal = {arXiv preprint 2312.03262},
  year = {2023},
  url = {http://arxiv.org/pdf/2312.03262v3},
}

@article{long2018understanding,
  title = {Understanding Membership Inferences on Well-Generalized Learning Models},
  author = {Yunhui Long and Vincent Bindschaedler and Lei Wang and Diyue Bu and Xiaofeng Wang and Haixu Tang and Carl A. Gunter and Kai Chen},
  journal = {arXiv preprint 1802.04889},
  year = {2018},
  url = {http://arxiv.org/pdf/1802.04889v1},
}

@article{bernau2022assessing,
  title = {Assessing Differentially Private Variational Autoencoders under Membership Inference},
  author = {Daniel Bernau and Jonas Robl and Florian Kerschbaum},
  journal = {arXiv preprint 2204.07877},
  year = {2022},
  url = {http://arxiv.org/pdf/2204.07877v1},
}

@article{hui2021practical,
  title = {Practical Blind Membership Inference Attack via Differential Comparisons},
  author = {Bo Hui and Yuchen Yang and Haolin Yuan and Philippe Burlina and Neil Zhenqiang Gong and Yinzhi Cao},
  journal = {arXiv preprint 2101.01341},
  year = {2021},
  url = {http://arxiv.org/pdf/2101.01341v2},
}

@article{salem2018ml,
  title = {ML-Leaks: Model and Data Independent Membership Inference Attacks and Defenses on Machine Learning Models},
  author = {Ahmed Salem and Yang Zhang and Mathias Humbert and Pascal Berrang and Mario Fritz and Michael Backes},
  journal = {arXiv preprint 1806.01246},
  year = {2018},
  url = {http://arxiv.org/pdf/1806.01246v2},
}

@article{jia2019memguard,
  title = {MemGuard: Defending against Black-Box Membership Inference Attacks via Adversarial Examples},
  author = {Jinyuan Jia and Ahmed Salem and Michael Backes and Yang Zhang and Neil Zhenqiang Gong},
  journal = {arXiv preprint 1909.10594},
  year = {2019},
  url = {http://arxiv.org/pdf/1909.10594v3},
}

@article{he2022membership,
  title = {Membership-Doctor: Comprehensive Assessment of Membership Inference Against Machine Learning Models},
  author = {Xinlei He and Zheng Li and Weilin Xu and Cory Cornelius and Yang Zhang},
  journal = {arXiv preprint 2208.10445},
  year = {2022},
  url = {http://arxiv.org/pdf/2208.10445v1},
}

@article{wang2022debiasing,
  title = {Debiasing Learning for Membership Inference Attacks Against Recommender Systems},
  author = {Zihan Wang and Na Huang and Fei Sun and Pengjie Ren and Zhumin Chen and Hengliang Luo and Maarten de Rijke and Zhaochun Ren},
  journal = {arXiv preprint 2206.12401},
  year = {2022},
  url = {http://arxiv.org/pdf/2206.12401v2},
}

@article{niu2023sok,
  title = {SoK: Comparing Different Membership Inference Attacks with a Comprehensive Benchmark},
  author = {Jun Niu and Xiaoyan Zhu and Moxuan Zeng and Ge Zhang and Qingyang Zhao and Chunhui Huang and Yangming Zhang and Suyu An and Yangzhong Wang and Xinghui Yue and Zhipeng He and Weihao Guo and Kuo Shen and Peng Liu and Yulong Shen and Xiaohong Jiang and Jianfeng Ma and Yuqing Zhang},
  journal = {arXiv preprint 2307.06123},
  year = {2023},
  url = {http://arxiv.org/pdf/2307.06123v1},
}

@article{song2020systematic,
  title = {Systematic Evaluation of Privacy Risks of Machine Learning Models},
  author = {Liwei Song and Prateek Mittal},
  journal = {arXiv preprint 2003.10595},
  year = {2020},
  url = {http://arxiv.org/pdf/2003.10595v2},
}

@article{nasr2018machine,
  title = {Machine Learning with Membership Privacy using Adversarial Regularization},
  author = {Milad Nasr and Reza Shokri and Amir Houmansadr},
  journal = {arXiv preprint 1807.05852},
  year = {2018},
  url = {http://arxiv.org/pdf/1807.05852v1},
}

@article{rahimian2020sampling,
  title = {Sampling Attacks: Amplification of Membership Inference Attacks by Repeated Queries},
  author = {Shadi Rahimian and Tribhuvanesh Orekondy and Mario Fritz},
  journal = {arXiv preprint 2009.00395},
  year = {2020},
  url = {http://arxiv.org/pdf/2009.00395v1},
}

@article{chen2024catch,
  title = {Catch Me if You Can: Detecting Unauthorized Data Use in Deep Learning Models},
  author = {Zitao Chen and Karthik Pattabiraman},
  journal = {arXiv preprint 2409.06280},
  year = {2024},
  url = {http://arxiv.org/pdf/2409.06280v1},
}

@article{hu2023membership,
  title = {Membership Inference of Diffusion Models},
  author = {Hailong Hu and Jun Pang},
  journal = {arXiv preprint 2301.09956},
  year = {2023},
  url = {http://arxiv.org/pdf/2301.09956v1},
}

@article{chi2024shadow,
  title = {Shadow-Free Membership Inference Attacks: Recommender Systems Are More Vulnerable Than You Thought},
  author = {Xiaoxiao Chi and Xuyun Zhang and Yan Wang and Lianyong Qi and Amin Beheshti and Xiaolong Xu and Kim-Kwang Raymond Choo and Shuo Wang and Hongsheng Hu},
  journal = {arXiv preprint 2405.07018},
  year = {2024},
  url = {http://arxiv.org/pdf/2405.07018v1},
}

@article{sablayrolles2019white,
  title = {White-box vs Black-box: Bayes Optimal Strategies for Membership Inference},
  author = {Alexandre Sablayrolles and Matthijs Douze and Yann Ollivier and Cordelia Schmid and Hervé Jégou},
  journal = {arXiv preprint 1908.11229},
  year = {2019},
  url = {http://arxiv.org/pdf/1908.11229v1},
}

@article{hermann2023foundations,
  title={On the foundations of shortcut learning},
  author={Hermann, Katherine L and Mobahi, Hossein and Fel, Thomas and Mozer, Michael C},
  journal={arXiv preprint arXiv:2310.16228},
  year={2023}
}

@inproceedings{zhu2024watermark,
  title={Watermark-embedded Adversarial Examples for Copyright Protection against Diffusion Models},
  author={Zhu, Peifei and Takahashi, Tsubasa and Kataoka, Hirokatsu},
  booktitle={Proceedings of the IEEE/CVF Conference on Computer Vision and Pattern Recognition},
  pages={24420--24430},
  year={2024}
}

@inproceedings{chenself,
  title={Self-Ensemble Protection: Training Checkpoints Are Good Data Protectors},
  author={Chen, Sizhe and Yuan, Geng and Cheng, Xinwen and Gong, Yifan and Qin, Minghai and Wang, Yanzhi and Huang, Xiaolin},
  booktitle={The Eleventh International Conference on Learning Representations},
  year={2022}
}

@article{hönig2024adversarial,
  title = {Adversarial Perturbations Cannot Reliably Protect Artists From Generative AI},
  author = {Robert Hönig and Javier Rando and Nicholas Carlini and Florian Tramèr},
  journal = {arXiv preprint 2406.12027},
  year = {2024},
  url = {http://arxiv.org/pdf/2406.12027v1},
}

@article{shan2023nightshade,
  title = {Nightshade: Prompt-Specific Poisoning Attacks on Text-to-Image Generative Models},
  author = {Shawn Shan and Wenxin Ding and Josephine Passananti and Stanley Wu and Haitao Zheng and Ben Y. Zhao},
  journal = {arXiv preprint 2310.13828},
  year = {2023},
  url = {http://arxiv.org/pdf/2310.13828v3},
}

@article{li2024quality,
  title={Quality-aware Masked Diffusion Transformer for Enhanced Music Generation},
  author={Li, Chang and Wang, Ruoyu and Liu, Lijuan and Du, Jun and Sun, Yixuan and Guo, Zilu and Zhang, Zhenrong and Jiang, Yuan},
  journal={arXiv preprint arXiv:2405.15863},
  year={2024}
}

@article{copet2024simple,
  title={Simple and controllable music generation},
  author={Copet, Jade and Kreuk, Felix and Gat, Itai and Remez, Tal and Kant, David and Synnaeve, Gabriel and Adi, Yossi and D{\'e}fossez, Alexandre},
  journal={Advances in Neural Information Processing Systems},
  volume={36},
  year={2024}
}

@article{executiveorder,
  author = {{Executive Office of the President}},
  title = {Executive Order 14110: Safe, Secure, and Trustworthy Development and Use of Artificial Intelligence},
  journal = {Federal Register},
  volume = {88},
  pages = {75191--75226},
  year = {2023}
}

@article{jia2024audioeditor,
  title = {AudioEditor: A Training-Free Diffusion-Based Audio Editing Framework},
  author = {Yuhang Jia and Yang Chen and Jinghua Zhao and Shiwan Zhao and Wenjia Zeng and Yong Chen and Yong Qin},
  journal = {arXiv preprint 2409.12466},
  year = {2024},
  url = {http://arxiv.org/pdf/2409.12466v2},
}

@article{xu2024prompt,
  title = {Prompt-guided Precise Audio Editing with Diffusion Models},
  author = {Manjie Xu and Chenxing Li and Duzhen zhang and Dan Su and Wei Liang and Dong Yu},
  journal = {arXiv preprint 2406.04350},
  year = {2024},
  url = {http://arxiv.org/pdf/2406.04350v1},
}


@article{omura1969viterbi,
  title={On the Viterbi decoding algorithm},
  author={Omura, J},
  journal={IEEE transactions on information theory},
  volume={15},
  number={1},
  pages={177--179},
  year={1969},
  publisher={IEEE}
}

@article{jacobsen2018revnet,
  title={i-revnet: Deep invertible networks},
  author={Jacobsen, J{\"o}rn-Henrik and Smeulders, Arnold and Oyallon, Edouard},
  journal={arXiv preprint arXiv:1802.07088},
  year={2018}
}

@article{wang2021voxpopuli,
  title={VoxPopuli: A large-scale multilingual speech corpus for representation learning, semi-supervised learning and interpretation},
  author={Wang, Changhan and Riviere, Morgane and Lee, Ann and Wu, Anne and Talnikar, Chaitanya and Haziza, Daniel and Williamson, Mary and Pino, Juan and Dupoux, Emmanuel},
  journal={arXiv preprint arXiv:2101.00390},
  year={2021}
}


@book{gelfand2017hearing,
  title={Hearing: An introduction to psychological and physiological acoustics},
  author={Gelfand, Stanley A},
  year={2017},
  publisher={CRC Press}
}


@article{moore2004introduction,
  title={An Introduction to the Psychology of Hearing},
  author={Moore, Brian CJ},
  year={2004},
  publisher={Elsevier Academic Press},
  address={London},
  edition={5}
}

@article{moore1986frequency,
  title={Frequency Selectivity in Hearing},
  author={Moore, Brian CJ},
  year={1986},
  publisher={Academic Press},
  address={London}
}

@article{moore1995perceptual,
  title={Perceptual Consequences of Cochlear Damage},
  author={Moore, Brian CJ},
  year={1995},
  publisher={Oxford University Press},
  address={Oxford}
}

@article{moore1998cochlear,
  title={Cochlear Hearing Loss},
  author={Moore, Brian CJ},
  year={1998},
  publisher={Whurr Publishers Ltd},
  address={London}
}

@article{oxenham1998suppression,
  title={Suppression and the upward spread of masking},
  author={Oxenham, Andrew J and Plack, Christopher J},
  journal={Journal of the Acoustical Society of America},
  volume={104},
  number={6},
  pages={3500--3510},
  year={1998}
}





@book{zwicker2013psychoacoustics,
  title={Psychoacoustics: Facts and Models},
  author={Zwicker, Eberhard and Fastl, Hugo},
  year={2013},
  publisher={Springer Science \& Business Media},
  month={mar},
  day={14}
}


@article{necciari2016auditory,
  title={Auditory time-frequency masking for spectrally and temporally maximally-compact stimuli},
  author={Necciari, Thibaud and Laback, Bernhard and Savel, Sophie and Ystad, S{\o}lvi and Balazs, Peter and Meunier, Sabine and Kronland-Martinet, Richard},
  journal={PloS one},
  volume={11},
  number={11},
  pages={e0166937},
  year={2016},
  month={nov},
  day={22}
}



@incollection{lin2015principles,
  title={Principles of psychoacoustics},
  author={Lin, Yiqing and Abdulla, Waleed H and Lin, Yiqing and Abdulla, Waleed H},
  booktitle={Audio Watermark: A Comprehensive Foundation Using MATLAB},
  pages={15--49},
  year={2015}
}


@article{holdsworth1988implementing,
  title={Implementing a gammatone filter bank},
  author={Holdsworth, John and Nimmo-Smith, Ian and Patterson, Roy and Rice, Peter},
  journal={Annex C of the SVOS Final Report: Part A: The Auditory Filterbank},
  volume={1},
  pages={1--5},
  year={1988}
}

@article{bosi1997iso,
  title={ISO/IEC MPEG-2 advanced audio coding},
  author={Bosi, Marina and Brandenburg, Karlheinz and Quackenbush, Schuyler and Fielder, Louis and Akagiri, Kenzo and Fuchs, Hendrik and Dietz, Martin},
  journal={Journal of the Audio engineering society},
  volume={45},
  number={10},
  pages={789--814},
  year={1997},
  publisher={Audio Engineering Society}
}



@inproceedings{peebles2023scalable,
  title={Scalable diffusion models with transformers},
  author={Peebles, William and Xie, Saining},
  booktitle={Proceedings of the IEEE/CVF International Conference on Computer Vision},
  pages={4195--4205},
  year={2023}
}


@article{kingma2014adam,
  title={Adam: A method for stochastic optimization},
  author={Kingma, Diederik P and Ba, Jimmy},
  journal={arXiv preprint:1412.6980},
  year={2014}
}

@inproceedings{series2011algorithms,
  title={Algorithms to measure audio programme loudness and true-peak audio level},
  author={Series, B. S.},
  booktitle={International Telecommunication Union Radiocommunication Assembly},
  year={2011}
}


@inproceedings{yang2024can,
  title={Can Simple Averaging Defeat Modern Watermarks?},
  author={Yang, Pei and Ci, Hai and Song, Yiren and Shou, Mike Zheng},
  booktitle={The Thirty-eighth Annual Conference on Neural Information Processing Systems},
  year={2024}
}


@article{liu2024audioldm,
  title={Audioldm 2: Learning holistic audio generation with self-supervised pretraining},
  author={Liu, Haohe and Yuan, Yi and Liu, Xubo and Mei, Xinhao and Kong, Qiuqiang and Tian, Qiao and Wang, Yuping and Wang, Wenwu and Wang, Yuxuan and Plumbley, Mark D},
  journal={IEEE/ACM Transactions on Audio, Speech, and Language Processing},
  year={2024}
}


@article{evans2024stable,
  title={Stable audio open},
  author={Evans, Zach and Parker, Julian D. and Carr, C. J. and Zukowski, Zack and Taylor, Josiah and Pons, Jordi},
  journal={arXiv preprint arXiv:2407.14358},
  year={2024}
}



@inproceedings{hopskipjump,
  title={Hopskipjumpattack: A query-efficient decision-based attack},
  author={Chen, Jianbo and Jordan, Michael I and Wainwright, Martin J},
  booktitle={S\&P},
  year={2020}
}


@misc{uscopyright2023ai,
  author       = {U.S. Copyright Office},
  title        = {Copyright and Artificial Intelligence: Part 1 – Digital Replicas Report},
  year         = {2023},
  url          = {https://www.copyright.gov/ai/Copyright-and-Artificial-Intelligence-Part-1-Digital-Replicas-Report.pdf},
  note         = {Accessed: 2025-01-23}
}


@article{abbott2023disrupting,
  title={Disrupting creativity: Copyright law in the age of generative artificial intelligence},
  author={Abbott, Ryan and Rothman, Elizabeth},
  journal={Fla. L. Rev.},
  volume={75},
  pages={1141},
  year={2023},
  publisher={HeinOnline}
}

@article{clevert2015fast,
  title={Fast and accurate deep network learning by exponential linear units (elus)},
  author={Clevert, Djork-Arn{\'e}},
  journal={arXiv preprint arXiv:1511.07289},
  year={2015}
}


@article{liu2023asvspoof,
  title={Asvspoof 2021: Towards spoofed and deepfake speech detection in the wild},
  author={Liu, Xuanbin and Wang, Xin and Sahidullah, Md and Patino, Jose and Delgado, H{\'e}ctor and Kinnunen, Tomi and Todisco, Massimiliano and Yamagishi, Junichi and Evans, Nicholas and Nautsch, Andreas and others},
  journal={IEEE/ACM Transactions on Audio, Speech, and Language Processing},
  year={2023}
}

@inproceedings{copet2023simple,
    title={Simple and Controllable Music Generation},
    author={Jade Copet and Felix Kreuk and Itai Gat and Tal Remez and David Kant and Gabriel Synnaeve and Yossi Adi and Alexandre Défossez},
    booktitle={Thirty-seventh Conference on Neural Information Processing Systems},
    year={2023},
}



@inproceedings{ardila2019common,
  title={Common voice: A massively-multilingual speech corpus},
  author={Ardila, Rosana and Branson, Megan and Davis, Kelly and Henretty, Michael and Kohler, Michael and Meyer, Josh and Morais, Reuben and Saunders, Lindsay and Tyers, Francis M and Weber, Gregor},
  booktitle={LREC},
  year={2020}
}


@misc{musdb18,
  author       = {Rafii, Zafar and
                  Liutkus, Antoine and
                  Fabian-Robert St{\"o}ter and
                  Mimilakis, Stylianos Ioannis and
                  Bittner, Rachel},
  title        = {The {MUSDB18} corpus for music separation},
  month        = dec,
  year         = 2017,
  doi          = {10.5281/zenodo.1117372},
  url          = {https://doi.org/10.5281/zenodo.1117372}
}

@article{vaswani2017attention,
  title={Attention is all you need},
  author={Vaswani, A},
  journal={Advances in Neural Information Processing Systems},
  year={2017}
}
