@misc{EasyOCR2024,
    author = {{JaidedAI}},
    title = {{EasyOCR}: Ready-to-Use {OCR} with 80+ Supported Languages},
    year = {2024},
    url = {https://github.com/JaidedAI/EasyOCR}
}

@misc{RapidOCR2021,
    author = {{RapidAI} Team},
    title = {{RapidOCR}: A Lightweight {OCR} Framework},
    year = {2021},
    url = {https://github.com/RapidAI/RapidOCR},
    note = {Open-source {OCR} solution}
}

@inproceedings{baek2019character,
  title={Character region awareness for text detection},
  author={Baek, Youngmin and Lee, Bado and Han, Dongyoon and Yun, Sangdoo and Lee, Hwalsuk},
  booktitle={Proceedings of the IEEE/CVF conference on computer vision and pattern recognition},
  pages={9365--9374},
  year={2019}
}

@article{graves2012connectionist,
  title={Connectionist temporal classification},
  author={Graves, Alex and Graves, Alex},
  journal={Supervised sequence labelling with recurrent neural networks},
  pages={61--93},
  year={2012},
  publisher={Springer}
}

@misc{paddleocr2023,
    author = {{PaddlePaddle} Team},
    title = {{PaddleOCR}: An {OCR} Toolset Based on {PaddlePaddle}},
    year = {2023},
    url = {https://github.com/PaddlePaddle/PaddleOCR}
}

