% \title{GLaMM \includegraphics[width=0.04\linewidth]{Figures/GlamImage-min.png}: Pixel Grounding Large Multimodal Model}
@inproceedings{amizadeh2020neuro,
  title={Neuro-symbolic visual reasoning: Disentangling},
  author={Amizadeh, Saeed and Palangi, Hamid and Polozov, Alex and Huang, Yichen and Koishida, Kazuhito},
  booktitle={International Conference on Machine Learning},
  pages={279--290},
  year={2020},
  organization={Pmlr}
}

@article{chiu2024culturalbench,
  title={Culturalbench: a robust, diverse and challenging benchmark on measuring the (lack of) cultural knowledge of llms},
  author={Chiu, Yu Ying and Jiang, Liwei and Lin, Bill Yuchen and Park, Chan Young and Li, Shuyue Stella and Ravi, Sahithya and Bhatia, Mehar and Antoniak, Maria and Tsvetkov, Yulia and Shwartz, Vered and others},
  journal={arXiv preprint arXiv:2410.02677},
  year={2024}
}

@article{nayak2024benchmarking,
  title={Benchmarking vision language models for cultural understanding},
  author={Nayak, Shravan and Jain, Kanishk and Awal, Rabiul and Reddy, Siva and van Steenkiste, Sjoerd and Hendricks, Lisa Anne and Sta{\'n}czak, Karolina and Agrawal, Aishwarya},
  journal={arXiv preprint arXiv:2407.10920},
  year={2024}
}

@article{alwajih2024peacock,
  title={Peacock: A Family of Arabic Multimodal Large Language Models and Benchmarks},
  author={Alwajih, Fakhraddin and Nagoudi, El Moatez Billah and Bhatia, Gagan and Mohamed, Abdelrahman and Abdul-Mageed, Muhammad},
  journal={arXiv preprint arXiv:2403.01031},
  year={2024}
}

@incollection{tully2020british,
  title={British Museum},
  author={Tully, Caroline},
  booktitle={Encyclopedia of Global Archaeology},
  pages={1618--1620},
  year={2020},
  publisher={Springer}
}


@article{wang2022oracle,
  title={Oracle-MNIST: a realistic image dataset for benchmarking machine learning algorithms},
  author={Wang, Mei and Deng, Weihong},
  journal={arXiv preprint arXiv:2205.09442},
  year={2022}
}

@article{murray2023landscape,
  title={The Landscape of Early Greek Religion: GIS, Big Data, and the Complexity of the Archaeological Record},
  author={Murray, Sarah},
  journal={Data Science, Human Science, and Ancient Gods: Conversations in Theory and Method},
  volume={3},
  pages={205},
  year={2023},
  publisher={Lockwood Press}
}

@inproceedings{wang2021ensemble,
  title={An ensemble approach for art face recognition problem},
  author={Wang, Cunzheng},
  booktitle={Journal of Physics: Conference Series},
  volume={1848},
  number={1},
  pages={012067},
  year={2021},
  organization={IOP Publishing}
}

@article{jiang2024oraclesage,
  title={Oraclesage: Towards unified visual-linguistic understanding of oracle bone scripts through cross-modal knowledge fusion},
  author={Jiang, Hanqi and Pan, Yi and Chen, Junhao and Liu, Zhengliang and Zhou, Yifan and Shu, Peng and Li, Yiwei and Zhao, Huaqin and Mihm, Stephen and Howe, Lewis C and others},
  journal={arXiv preprint arXiv:2411.17837},
  year={2024}
}


@inproceedings{vedantam2015cider,
  title={Cider: Consensus-based image description evaluation},
  author={Vedantam, Ramakrishna and Lawrence Zitnick, C and Parikh, Devi},
  booktitle={Proceedings of the IEEE conference on computer vision and pattern recognition},
  pages={4566--4575},
  year={2015}
}

@inproceedings{anderson2016spice,
  title={Spice: Semantic propositional image caption evaluation},
  author={Anderson, Peter and Fernando, Basura and Johnson, Mark and Gould, Stephen},
  booktitle={Computer Vision--ECCV 2016: 14th European Conference, Amsterdam, The Netherlands, October 11-14, 2016, Proceedings, Part V 14},
  pages={382--398},
  year={2016},
  organization={Springer}
}

#BERTScore
@article{zhang2019bertscore,
  title={Bertscore: Evaluating text generation with bert},
  author={Zhang, Tianyi and Kishore, Varsha and Wu, Felix and Weinberger, Kilian Q and Artzi, Yoav},
  journal={arXiv preprint arXiv:1904.09675},
  year={2019}
}

@article{lu2024llamax,
  title={Llamax: Scaling linguistic horizons of llm by enhancing translation capabilities beyond 100 languages},
  author={Lu, Yinquan and Zhu, Wenhao and Li, Lei and Qiao, Yu and Yuan, Fei},
  journal={arXiv preprint arXiv:2407.05975},
  year={2024}
}

@article{brown2020language,
  title={Language models are few-shot learners},
  author={Brown, Tom and Mann, Benjamin and Ryder, Nick and Subbiah, Melanie and Kaplan, Jared D and Dhariwal, Prafulla and Neelakantan, Arvind and Shyam, Pranav and Sastry, Girish and Askell, Amanda and others},
  journal={Advances in neural information processing systems},
  volume={33},
  pages={1877--1901},
  year={2020}
}

@article{zhang2022opt,
  title={Opt: Open pre-trained transformer language models},
  author={Zhang, Susan and Roller, Stephen and Goyal, Naman and Artetxe, Mikel and Chen, Moya and Chen, Shuohui and Dewan, Christopher and Diab, Mona and Li, Xian and Lin, Xi Victoria and others},
  journal={arXiv preprint arXiv:2205.01068},
  year={2022}
}

@article{touvron2023llama,
  title={Llama: Open and efficient foundation language models},
  author={Touvron, Hugo and Lavril, Thibaut and Izacard, Gautier and Martinet, Xavier and Lachaux, Marie-Anne and Lacroix, Timoth{\'e}e and Rozi{\`e}re, Baptiste and Goyal, Naman and Hambro, Eric and Azhar, Faisal and others},
  journal={arXiv preprint arXiv:2302.13971},
  year={2023}
}

@article{le2023bloom,
  title={Bloom: A 176b-parameter open-access multilingual language model},
  author={Le Scao, Teven and Fan, Angela and Akiki, Christopher and Pavlick, Ellie and Ili{\'c}, Suzana and Hesslow, Daniel and Castagn{\'e}, Roman and Luccioni, Alexandra Sasha and Yvon, Fran{\c{c}}ois and Gall{\'e}, Matthias and others},
  year={2023}
}
@article{touvron2023llama2,
  title={Llama 2: Open foundation and fine-tuned chat models},
  author={Touvron, Hugo and Martin, Louis and Stone, Kevin and Albert, Peter and Almahairi, Amjad and Babaei, Yasmine and Bashlykov, Nikolay and Batra, Soumya and Bhargava, Prajjwal and Bhosale, Shruti and others},
  journal={arXiv preprint arXiv:2307.09288},
  year={2023}
}

@article{yao2024mulberry,
  title={Mulberry: Empowering MLLM with o1-like Reasoning and Reflection via Collective Monte Carlo Tree Search},
  author={Yao, Huanjin and Huang, Jiaxing and Wu, Wenhao and Zhang, Jingyi and Wang, Yibo and Liu, Shunyu and Wang, Yingjie and Song, Yuxin and Feng, Haocheng and Shen, Li and others},
  journal={arXiv preprint arXiv:2412.18319},
  year={2024}
}

@article{liu2024nvila,
  title={NVILA: Efficient Frontier Visual Language Models},
  author={Liu, Zhijian and Zhu, Ligeng and Shi, Baifeng and Zhang, Zhuoyang and Lou, Yuming and Yang, Shang and Xi, Haocheng and Cao, Shiyi and Gu, Yuxian and Li, Dacheng and others},
  journal={arXiv preprint arXiv:2412.04468},
  year={2024}
}

@inproceedings{chen2024internvl,
    title={Internvl: Scaling up vision foundation models and aligning for generic visual-linguistic tasks},
    author={Chen, Zhe and Wu, Jiannan and Wang, Wenhai and Su, Weijie and Chen, Guo and Xing, Sen and Zhong, Muyan and Zhang, Qinglong and Zhu, Xizhou and Lu, Lewei and others},
    booktitle={Proceedings of the IEEE/CVF Conference on Computer Vision and Pattern Recognition},
    pages={24185--24198},
    year={2024}
  }

@article{chowdhery2023palm,
  title={Palm: Scaling language modeling with pathways},
  author={Chowdhery, Aakanksha and Narang, Sharan and Devlin, Jacob and Bosma, Maarten and Mishra, Gaurav and Roberts, Adam and Barham, Paul and Chung, Hyung Won and Sutton, Charles and Gehrmann, Sebastian and others},
  journal={Journal of Machine Learning Research},
  volume={24},
  number={240},
  pages={1--113},
  year={2023}
}

@article{goyal2022news,
  title={News summarization and evaluation in the era of gpt-3},
  author={Goyal, Tanya and Li, Junyi Jessy and Durrett, Greg},
  journal={arXiv preprint arXiv:2209.12356},
  year={2022}
}

@article{zhang2024benchmarking,
  title={Benchmarking large language models for news summarization},
  author={Zhang, Tianyi and Ladhak, Faisal and Durmus, Esin and Liang, Percy and McKeown, Kathleen and Hashimoto, Tatsunori B},
  journal={Transactions of the Association for Computational Linguistics},
  volume={12},
  pages={39--57},
  year={2024},
  publisher={MIT Press One Broadway, 12th Floor, Cambridge, Massachusetts 02142, USA~â€¦}
}

@article{wang2023element,
  title={Element-aware summarization with large language models: Expert-aligned evaluation and chain-of-thought method},
  author={Wang, Yiming and Zhang, Zhuosheng and Wang, Rui},
  journal={arXiv preprint arXiv:2305.13412},
  year={2023}
}

@article{mmstar,
  title={Are We on the Right Way for Evaluating Large Vision-Language Models?},
  author={Chen, Lin and Li, Jinsong and Dong, Xiaoyi and Zhang, Pan and Zang, Yuhang and Chen, Zehui and Duan, Haodong and Wang, Jiaqi and Qiao, Yu and Lin, Dahua and others},
  journal={arXiv preprint arXiv:2403.20330},
  year={2024}
}

@inproceedings{mmbench,
  title={Mmbench: Is your multi-modal model an all-around player?},
  author={Liu, Yuan and Duan, Haodong and Zhang, Yuanhan and Li, Bo and Zhang, Songyang and Zhao, Wangbo and Yuan, Yike and Wang, Jiaqi and He, Conghui and Liu, Ziwei and others},
  booktitle={European Conference on Computer Vision},
  pages={216--233},
  year={2025},
  organization={Springer}
}

@article{mmvet,
  title={Mm-vet: Evaluating large multimodal models for integrated capabilities},
  author={Yu, Weihao and Yang, Zhengyuan and Li, Linjie and Wang, Jianfeng and Lin, Kevin and Liu, Zicheng and Wang, Xinchao and Wang, Lijuan},
  journal={arXiv preprint arXiv:2308.02490},
  year={2023}
}

@inproceedings{mathvista,
  author    = {Lu, Pan and Bansal, Hritik and Xia, Tony and Liu, Jiacheng and Li, Chunyuan and Hajishirzi, Hannaneh and Cheng, Hao and Chang, Kai-Wei and Galley, Michel and Gao, Jianfeng},
  title     = {MathVista: Evaluating Mathematical Reasoning of Foundation Models in Visual Contexts},
  booktitle={International Conference on Learning Representations (ICLR)},
  year      = {2024}
}

@inproceedings{ai2d,
  title={A diagram is worth a dozen images},
  author={Kembhavi, Aniruddha and Salvato, Mike and Kolve, Eric and Seo, Minjoon and Hajishirzi, Hannaneh and Farhadi, Ali},
  booktitle={Computer Vision--ECCV 2016: 14th European Conference, Amsterdam, The Netherlands, October 11--14, 2016, Proceedings, Part IV 14},
  pages={235--251},
  year={2016},
  organization={Springer}
}

@InProceedings{hallusionbench,
    author    = {Guan, Tianrui and Liu, Fuxiao and Wu, Xiyang and Xian, Ruiqi and Li, Zongxia and Liu, Xiaoyu and Wang, Xijun and Chen, Lichang and Huang, Furong and Yacoob, Yaser and Manocha, Dinesh and Zhou, Tianyi},
    title     = {HallusionBench: An Advanced Diagnostic Suite for Entangled Language Hallucination and Visual Illusion in Large Vision-Language Models},
    booktitle = {Proceedings of the IEEE/CVF Conference on Computer Vision and Pattern Recognition (CVPR)},
    month     = {June},
    year      = {2024},
    pages     = {14375-14385}
}


@inproceedings{wan2024towards,
  title={Towards cognitive ai systems: Workload and characterization of neuro-symbolic ai},
  author={Wan, Zishen and Liu, Che-Kai and Yang, Hanchen and Raj, Ritik and Li, Chaojian and You, Haoran and Fu, Yonggan and Wan, Cheng and Samajdar, Ananda and Lin, Yingyan Celine and others},
  booktitle={2024 IEEE International Symposium on Performance Analysis of Systems and Software (ISPASS)},
  pages={268--279},
  year={2024},
  organization={IEEE}
}

@inproceedings{kembhavi2017you,
  title={Are you smarter than a sixth grader? textbook question answering for multimodal machine comprehension},
  author={Kembhavi, Aniruddha and Seo, Minjoon and Schwenk, Dustin and Choi, Jonghyun and Farhadi, Ali and Hajishirzi, Hannaneh},
  booktitle={Proceedings of the IEEE Conference on Computer Vision and Pattern recognition},
  pages={4999--5007},
  year={2017}
}

@inproceedings{johnson2016densecap,
  title={Densecap: Fully convolutional localization networks for dense captioning},
  author={Johnson, Justin and Karpathy, Andrej and Fei-Fei, Li},
  booktitle={Proceedings of the IEEE conference on computer vision and pattern recognition},
  pages={4565--4574},
  year={2016}
}

@article{deitke2024molmo,
  title={Molmo and pixmo: Open weights and open data for state-of-the-art multimodal models},
  author={Deitke, Matt and Clark, Christopher and Lee, Sangho and Tripathi, Rohun and Yang, Yue and Park, Jae Sung and Salehi, Mohammadreza and Muennighoff, Niklas and Lo, Kyle and Soldaini, Luca and others},
  journal={arXiv preprint arXiv:2409.17146},
  year={2024}
}

@article{llava_cot,
  title={LLaVA-o1: Let Vision Language Models Reason Step-by-Step},
  author={Xu, Guowei and Jin, Peng and Hao, Li and Song, Yibing and Sun, Lichao and Yuan, Li},
  journal={arXiv preprint arXiv:2411.10440},
  year={2024}
}

@inproceedings{chen2025sharegpt4v,
  title={Sharegpt4v: Improving large multi-modal models with better captions},
  author={Chen, Lin and Li, Jinsong and Dong, Xiaoyi and Zhang, Pan and He, Conghui and Wang, Jiaqi and Zhao, Feng and Lin, Dahua},
  booktitle={European Conference on Computer Vision},
  pages={370--387},
  year={2025},
  organization={Springer}
}

@article{masry2022chartqa,
  title={Chartqa: A benchmark for question answering about charts with visual and logical reasoning},
  author={Masry, Ahmed and Long, Do Xuan and Tan, Jia Qing and Joty, Shafiq and Hoque, Enamul},
  journal={arXiv preprint arXiv:2203.10244},
  year={2022}
}

@inproceedings{schwenk2022okvqa,
  title={A-okvqa: A benchmark for visual question answering using world knowledge},
  author={Schwenk, Dustin and Khandelwal, Apoorv and Clark, Christopher and Marino, Kenneth and Mottaghi, Roozbeh},
  booktitle={European conference on computer vision},
  pages={146--162},
  year={2022},
  organization={Springer}
}

@inproceedings{mathew2021docvqa,
  title={Docvqa: A dataset for vqa on document images},
  author={Mathew, Minesh and Karatzas, Dimosthenis and Jawahar, CV},
  booktitle={Proceedings of the IEEE/CVF winter conference on applications of computer vision},
  pages={2200--2209},
  year={2021}
}

@article{junnan2017people,
  title={People in Social Context (PISC) Dataset},
  author={Junnan, Li and Kang, Wong Yong and Qi, Zhao and Kankanhalli, Mohan S},
  year={2017}
}

@inproceedings{johnson2017clevr,
  title={Clevr: A diagnostic dataset for compositional language and elementary visual reasoning},
  author={Johnson, Justin and Hariharan, Bharath and Van Der Maaten, Laurens and Fei-Fei, Li and Lawrence Zitnick, C and Girshick, Ross},
  booktitle={Proceedings of the IEEE conference on computer vision and pattern recognition},
  pages={2901--2910},
  year={2017}
}

@inproceedings{cao2022augmented,
  title={An augmented benchmark dataset for geometric question answering through dual parallel text encoding},
  author={Cao, Jie and Xiao, Jing},
  booktitle={Proceedings of the 29th International Conference on Computational Linguistics},
  pages={1511--1520},
  year={2022}
}

@inproceedings{kembhavi2016diagram,
  title={A diagram is worth a dozen images},
  author={Kembhavi, Aniruddha and Salvato, Mike and Kolve, Eric and Seo, Minjoon and Hajishirzi, Hannaneh and Farhadi, Ali},
  booktitle={Computer Vision--ECCV 2016: 14th European Conference, Amsterdam, The Netherlands, October 11--14, 2016, Proceedings, Part IV 14},
  pages={235--251},
  year={2016},
  organization={Springer}
}

@article{lu2022learn,
  title={Learn to explain: Multimodal reasoning via thought chains for science question answering},
  author={Lu, Pan and Mishra, Swaroop and Xia, Tanglin and Qiu, Liang and Chang, Kai-Wei and Zhu, Song-Chun and Tafjord, Oyvind and Clark, Peter and Kalyan, Ashwin},
  journal={Advances in Neural Information Processing Systems},
  volume={35},
  pages={2507--2521},
  year={2022}
}

@article{lindstrom2022clevr,
  title={Clevr-math: A dataset for compositional language, visual and mathematical reasoning},
  author={Lindstr{\"o}m, Adam Dahlgren and Abraham, Savitha Sam},
  journal={arXiv preprint arXiv:2208.05358},
  year={2022}
}

@misc{llama3.2,
  author       = {{Meta AI}},
  title        = {Llama 3.2: Revolutionizing Edge AI and Vision with Open, Customizable Models},
  year         = {2024},
  url={https://ai.meta.com/blog/llama-3-2-connect-2024-vision-edge-mobile-devices/}}
}

@inproceedings{roy-roth-2015-solving,
    title = "Solving General Arithmetic Word Problems",
    author = "Roy, Subhro  and
      Roth, Dan",
    editor = "M{\`a}rquez, Llu{\'\i}s  and
      Callison-Burch, Chris  and
      Su, Jian",
    booktitle = "Proceedings of the 2015 Conference on Empirical Methods in Natural Language Processing",
    month = sep,
    year = "2015",
    address = "Lisbon, Portugal",
    publisher = "Association for Computational Linguistics",
    url = "https://aclanthology.org/D15-1202",
    doi = "10.18653/v1/D15-1202",
    pages = "1743--1752",
}

@inproceedings{chiang-chen-2019-semantically,
    title = "Semantically-Aligned Equation Generation for Solving and Reasoning Math Word Problems",
    author = "Chiang, Ting-Rui  and
      Chen, Yun-Nung",
    editor = "Burstein, Jill  and
      Doran, Christy  and
      Solorio, Thamar",
    booktitle = "Proceedings of the 2019 Conference of the North {A}merican Chapter of the Association for Computational Linguistics: Human Language Technologies, Volume 1 (Long and Short Papers)",
    month = jun,
    year = "2019",
    address = "Minneapolis, Minnesota",
    publisher = "Association for Computational Linguistics",
    url = "https://aclanthology.org/N19-1272",
    doi = "10.18653/v1/N19-1272",
    pages = "2656--2668"
}

@inproceedings{amini-etal-2019-mathqa,
    title = "{M}ath{QA}: Towards Interpretable Math Word Problem Solving with Operation-Based Formalisms",
    author = "Amini, Aida  and
      Gabriel, Saadia  and
      Lin, Shanchuan  and
      Koncel-Kedziorski, Rik  and
      Choi, Yejin  and
      Hajishirzi, Hannaneh",
    editor = "Burstein, Jill  and
      Doran, Christy  and
      Solorio, Thamar",
    booktitle = "Proceedings of the 2019 Conference of the North {A}merican Chapter of the Association for Computational Linguistics: Human Language Technologies, Volume 1 (Long and Short Papers)",
    month = jun,
    year = "2019",
    address = "Minneapolis, Minnesota",
    publisher = "Association for Computational Linguistics",
    url = "https://aclanthology.org/N19-1245",
    doi = "10.18653/v1/N19-1245",
    pages = "2357--2367"
}

@article{wu2024comparative,
  title={A Comparative Study on Reasoning Patterns of OpenAI's o1 Model},
  author={Wu, Siwei and Peng, Zhongyuan and Du, Xinrun and Zheng, Tuney and Liu, Minghao and Wu, Jialong and Ma, Jiachen and Li, Yizhi and Yang, Jian and Zhou, Wangchunshu and others},
  journal={arXiv preprint arXiv:2410.13639},
  year={2024}
}

@misc{openai2024o1,
  author = {OpenAI},
  title = {Introducing OpenAI o1-preview},
  year = {2024},
  url = {https://openai.com/index/introducing-openai-o1-preview/},
  note = {Accessed: 2024-12-16}
}

@article{huang2022large,
  title={Large language models can self-improve},
  author={Huang, Jiaxin and Gu, Shixiang Shane and Hou, Le and Wu, Yuexin and Wang, Xuezhi and Yu, Hongkun and Han, Jiawei},
  journal={arXiv preprint arXiv:2210.11610},
  year={2022}
}

@article{weng2022large,
  title={Large language models are better reasoners with self-verification},
  author={Weng, Yixuan and Zhu, Minjun and Xia, Fei and Li, Bin and He, Shizhu and Liu, Shengping and Sun, Bin and Liu, Kang and Zhao, Jun},
  journal={arXiv preprint arXiv:2212.09561},
  year={2022}
}

@article{xiong2024llava,
  title={Llava-critic: Learning to evaluate multimodal models},
  author={Xiong, Tianyi and Wang, Xiyao and Guo, Dong and Ye, Qinghao and Fan, Haoqi and Gu, Quanquan and Huang, Heng and Li, Chunyuan},
  journal={arXiv preprint arXiv:2410.02712},
  year={2024}
}

@article{wei2022chain,
  title={Chain-of-thought prompting elicits reasoning in large language models},
  author={Wei, Jason and Wang, Xuezhi and Schuurmans, Dale and Bosma, Maarten and Xia, Fei and Chi, Ed and Le, Quoc V and Zhou, Denny and others},
  journal={Advances in neural information processing systems},
  volume={35},
  pages={24824--24837},
  year={2022}
}

@article{yao2024tree,
  title={Tree of thoughts: Deliberate problem solving with large language models},
  author={Yao, Shunyu and Yu, Dian and Zhao, Jeffrey and Shafran, Izhak and Griffiths, Tom and Cao, Yuan and Narasimhan, Karthik},
  journal={Advances in Neural Information Processing Systems},
  volume={36},
  year={2024}
}


@article{xu2024llava,
  title={LLaVA-o1: Let Vision Language Models Reason Step-by-Step},
  author={Xu, Guowei and Jin, Peng and Hao, Li and Song, Yibing and Sun, Lichao and Yuan, Li},
  journal={arXiv preprint arXiv:2411.10440},
  year={2024}
}

@article{madaan2024self,
  title={Self-refine: Iterative refinement with self-feedback},
  author={Madaan, Aman and Tandon, Niket and Gupta, Prakhar and Hallinan, Skyler and Gao, Luyu and Wiegreffe, Sarah and Alon, Uri and Dziri, Nouha and Prabhumoye, Shrimai and Yang, Yiming and others},
  journal={Advances in Neural Information Processing Systems},
  volume={36},
  year={2024}
}
@misc{vlmevalkit,
      title={VLMEvalKit: An Open-Source Toolkit for Evaluating Large Multi-Modality Models},
      author={Haodong Duan and Junming Yang and Yuxuan Qiao and Xinyu Fang and Lin Chen and Yuan Liu and Xiaoyi Dong and Yuhang Zang and Pan Zhang and Jiaqi Wang and Dahua Lin and Kai Chen},
      year={2024},
      eprint={2407.11691},
      archivePrefix={arXiv},
      primaryClass={cs.CV},
      url={https://arxiv.org/abs/2407.11691},
}



@article{geva2021did,
  title={Did aristotle use a laptop? a question answering benchmark with implicit reasoning strategies},
  author={Geva, Mor and Khashabi, Daniel and Segal, Elad and Khot, Tushar and Roth, Dan and Berant, Jonathan},
  journal={Transactions of the Association for Computational Linguistics},
  volume={9},
  pages={346--361},
  year={2021},
  publisher={MIT Press One Rogers Street, Cambridge, MA 02142-1209, USA journals-info~â€¦}
}


@article{lu2023mathvista,
  title={Mathvista: Evaluating mathematical reasoning of foundation models in visual contexts},
  author={Lu, Pan and Bansal, Hritik and Xia, Tony and Liu, Jiacheng and Li, Chunyuan and Hajishirzi, Hannaneh and Cheng, Hao and Chang, Kai-Wei and Galley, Michel and Gao, Jianfeng},
  journal={arXiv preprint arXiv:2310.02255},
  year={2023}
}

@article{zhang2024improve,
  title={Improve vision language model chain-of-thought reasoning},
  author={Zhang, Ruohong and Zhang, Bowen and Li, Yanghao and Zhang, Haotian and Sun, Zhiqing and Gan, Zhe and Yang, Yinfei and Pang, Ruoming and Yang, Yiming},
  journal={arXiv preprint arXiv:2410.16198},
  year={2024}
}

@article{garcez2019neural,
  title={Neural-symbolic computing: An effective methodology for principled integration of machine learning and reasoning},
  author={Garcez, Artur d'Avila and Gori, Marco and Lamb, Luis C and Serafini, Luciano and Spranger, Michael and Tran, Son N},
  journal={arXiv preprint arXiv:1905.06088},
  year={2019}
}

@article{gao2023g,
  title={G-llava: Solving geometric problem with multi-modal large language model},
  author={Gao, Jiahui and Pi, Renjie and Zhang, Jipeng and Ye, Jiacheng and Zhong, Wanjun and Wang, Yufei and Hong, Lanqing and Han, Jianhua and Xu, Hang and Li, Zhenguo and others},
  journal={arXiv preprint arXiv:2312.11370},
  year={2023}
}

@inproceedings{andreas2016neural,
  title={Neural module networks},
  author={Andreas, Jacob and Rohrbach, Marcus and Darrell, Trevor and Klein, Dan},
  booktitle={Proceedings of the IEEE conference on computer vision and pattern recognition},
  pages={39--48},
  year={2016}
}

@inproceedings{vedantam2019probabilistic,
  title={Probabilistic neural symbolic models for interpretable visual question answering},
  author={Vedantam, Ramakrishna and Desai, Karan and Lee, Stefan and Rohrbach, Marcus and Batra, Dhruv and Parikh, Devi},
  booktitle={International Conference on Machine Learning},
  pages={6428--6437},
  year={2019},
  organization={PMLR}
}

@inproceedings{gupta2023visual,
  title={Visual programming: Compositional visual reasoning without training},
  author={Gupta, Tanmay and Kembhavi, Aniruddha},
  booktitle={Proceedings of the IEEE/CVF Conference on Computer Vision and Pattern Recognition},
  pages={14953--14962},
  year={2023}
}

@inproceedings{golovnevaroscoe,
  title={ROSCOE: A Suite of Metrics for Scoring Step-by-Step Reasoning},
  author={Golovneva, Olga and Chen, Moya Peng and Poff, Spencer and Corredor, Martin and Zettlemoyer, Luke and Fazel-Zarandi, Maryam and Celikyilmaz, Asli},
  booktitle={The Eleventh International Conference on Learning Representations}
}

@inproceedings{prasad2023receval,
  title={ReCEval: Evaluating Reasoning Chains via Correctness and Informativeness},
  author={Prasad, Archiki and Saha, Swarnadeep and Zhou, Xiang and Bansal, Mohit},
  booktitle={The 2023 Conference on Empirical Methods in Natural Language Processing}
}

@inproceedings{lampinen2022tell,
  title={Tell me why! explanations support learning relational and causal structure},
  author={Lampinen, Andrew K and Roy, Nicholas and Dasgupta, Ishita and Chan, Stephanie CY and Tam, Allison and Mcclelland, James and Yan, Chen and Santoro, Adam and Rabinowitz, Neil C and Wang, Jane and others},
  booktitle={International Conference on Machine Learning},
  pages={11868--11890},
  year={2022},
  organization={PMLR}
}

@inproceedings{wang2023selfconsistency,
title={Self-Consistency Improves Chain of Thought Reasoning in Language Models},
author={Xuezhi Wang and Jason Wei and Dale Schuurmans and Quoc V Le and Ed H. Chi and Sharan Narang and Aakanksha Chowdhery and Denny Zhou},
booktitle={The Eleventh International Conference on Learning Representations },
year={2023},
}

@inproceedings{lu2024mathvista,
  author    = {Lu, Pan and Bansal, Hritik and Xia, Tony and Liu, Jiacheng and Li, Chunyuan and Hajishirzi, Hannaneh and Cheng, Hao and Chang, Kai-Wei and Galley, Michel and Gao, Jianfeng},
  title     = {MathVista: Evaluating Mathematical Reasoning of Foundation Models in Visual Contexts},
  booktitle={International Conference on Learning Representations (ICLR)},
  year      = {2024}
}

@article{rafailov2024direct,
  title={Direct preference optimization: Your language model is secretly a reward model},
  author={Rafailov, Rafael and Sharma, Archit and Mitchell, Eric and Manning, Christopher D and Ermon, Stefano and Finn, Chelsea},
  journal={Advances in Neural Information Processing Systems},
  volume={36},
  year={2024}
}

@inproceedings{khan2014geometry,
  title={Geometry driven semantic labeling of indoor scenes},
  author={Khan, Salman Hameed and Bennamoun, Mohammed and Sohel, Ferdous and Togneri, Roberto},
  booktitle={Computer Vision--ECCV 2014: 13th European Conference, Zurich, Switzerland, September 6-12, 2014, Proceedings, Part I 13},
  pages={679--694},
  year={2014},
  organization={Springer}
}

@article{hu2023look,
      title={Look Before You Leap: Unveiling the Power of GPT-4V in Robotic Vision-Language Planning},
      author={Yingdong Hu and Fanqi Lin and Tong Zhang and Li Yi and Yang Gao},
      journal={arXiv preprint arXiv:2311.17842},
      year={2023}
    }

@misc{zou2024dynamic,
      title={DynaMath: A Dynamic Visual Benchmark for Evaluating Mathematical Reasoning Robustness of Vision Language Models}, 
      author={Chengke Zou and Xingang Guo and Rui Yang and Junyu Zhang and Bin Hu and Huan Zhang},
      year={2024},
      archivePrefix={arXiv},
      primaryClass={cs.CL},
}



@misc{vayani2024alm,
      title={All Languages Matter: Evaluating LMMs on Culturally Diverse 100 Languages}, 
      author={Ashmal Vayani and Dinura Dissanayake and Hasindri Watawana and Noor Ahsan and Nevasini Sasikumar and Omkar Thawakar and Henok Biadglign Ademtew and Yahya Hmaiti and Amandeep Kumar and Kartik Kuckreja and Mykola Maslych and Wafa Al Ghallabi and Mihail Mihaylov and Chao Qin and Abdelrahman M Shaker and Mike Zhang and Mahardika Krisna Ihsani and Amiel Esplana and Monil Gokani and Shachar Mirkin and Harsh Singh and Ashay Srivastava and Endre Hamerlik and Fathinah Asma Izzati and Fadillah Adamsyah Maani and Sebastian Cavada and Jenny Chim and Rohit Gupta and Sanjay Manjunath and Kamila Zhumakhanova and Feno Heriniaina Rabevohitra and Azril Amirudin and Muhammad Ridzuan and Daniya Kareem and Ketan More and Kunyang Li and Pramesh Shakya and Muhammad Saad and Amirpouya Ghasemaghaei and Amirbek Djanibekov and Dilshod Azizov and Branislava Jankovic and Naman Bhatia and Alvaro Cabrera and Johan Obando-Ceron and Olympiah Otieno and Fabian Farestam and Muztoba Rabbani and Sanoojan Baliah and Santosh Sanjeev and Abduragim Shtanchaev and Maheen Fatima and Thao Nguyen and Amrin Kareem and Toluwani Aremu and Nathan Xavier and Amit Bhatkal and Hawau Toyin and Aman Chadha and Hisham Cholakkal and Rao Muhammad Anwer and Michael Felsberg and Jorma Laaksonen and Thamar Solorio and Monojit Choudhury and Ivan Laptev and Mubarak Shah and Salman Khan and Fahad Khan},
      year={2024},
      eprint={2411.16508},
      archivePrefix={arXiv},
      primaryClass={cs.CV},
      url={https://arxiv.org/abs/2411.16508}, 
}

@misc{xiao2024logicvistamultimodalllmlogical,
      title={LogicVista: Multimodal LLM Logical Reasoning Benchmark in Visual Contexts}, 
      author={Yijia Xiao and Edward Sun and Tianyu Liu and Wei Wang},
      year={2024},
      eprint={2407.04973},
      archivePrefix={arXiv},
      primaryClass={cs.AI},
      url={https://arxiv.org/abs/2407.04973}, 
}


@article{fu2024blink,
  title={BLINK: Multimodal Large Language Models Can See but Not Perceive},
  author={Fu, Xingyu and Hu, Yushi and Li, Bangzheng and Feng, Yu and Wang, Haoyu and Lin, Xudong and Roth, Dan and Smith, Noah A and Ma, Wei-Chiu and Krishna, Ranjay},
  journal={arXiv preprint arXiv:2404.12390},
  year={2024}
}


@article{mathew2020docvqa,
  title={DocVQA: A Dataset for VQA on Document Images. CoRR abs/2007.00398 (2020)},
  author={Mathew, Minesh and Karatzas, Dimosthenis and Manmatha, R and Jawahar, CV},
  journal={arXiv preprint arXiv:2007.00398},
  year={2020}
}


@article{yao2024minicpm,
  title={MiniCPM-V: A GPT-4V Level MLLM on Your Phone},
  author={Yao, Yuan and Yu, Tianyu and Zhang, Ao and Wang, Chongyi and Cui, Junbo and Zhu, Hongji and Cai, Tianchi and Li, Haoyu and Zhao, Weilin and He, Zhihui and others},
  journal={arXiv preprint arXiv:2408.01800},
  year={2024}
}


@article{lu2024ovis,
  title={Ovis: Structural Embedding Alignment for Multimodal Large Language Model}, 
  author={Shiyin Lu and Yang Li and Qing-Guo Chen and Zhao Xu and Weihua Luo and Kaifu Zhang and Han-Jia Ye},
  year={2024},
  journal={arXiv:2405.20797}
}


#GPT4o
@misc{openai2024gpt4ocard,
      title={GPT-4o System Card}, 
      author={OpenAI},
      year={2024},
      eprint={2410.21276},
      archivePrefix={arXiv},
      primaryClass={cs.CL},
      url={https://arxiv.org/abs/2410.21276}, 
}

 #CAMEL
@article{ghaboura2024camel,
  title={CAMEL-Bench: A Comprehensive Arabic LMM Benchmark},
  author={Ghaboura, Sara and Heakl, Ahmed and Thawakar, Omkar and Alharthi, Ali Husain Salem Abdulla and Riahi, Ines and Saif, Abduljalil and Laaksonen, Jorma and Khan, Fahad Shahbaz and Khan, Salman H and Anwer, Rao Muhammad},
  journal={NAACL},
  year={2025}
}
#MMMU
@inproceedings{yue2023mmmu,
  title={MMMU: A Massive Multi-discipline Multimodal Understanding and Reasoning Benchmark for Expert AGI},
  author={Xiang Yue and Yuansheng Ni and Kai Zhang and Tianyu Zheng and Ruoqi Liu and Ge Zhang and Samuel Stevens and Dongfu Jiang and Weiming Ren and Yuxuan Sun and Cong Wei and Botao Yu and Ruibin Yuan and Renliang Sun and Ming Yin and Boyuan Zheng and Zhenzhu Yang and Yibo Liu and Wenhao Huang and Huan Sun and Yu Su and Wenhu Chen},
  booktitle={Proceedings of CVPR},
  year={2024},
}

#LlaVA
@inproceedings{liu2023llava,
    author      = {Liu, Haotian and Li, Chunyuan and Wu, Qingyang and Lee, Yong Jae},
    title       = {Visual Instruction Tuning},
    booktitle   = {NeurIPS},
    year        = {2023}
  }

#Claude
@misc{claude3.5sonnet_blog,
  title = {Claude 3.5 Sonnet},
  note = {Available at: \url{https://www.anthropic.com/news/claude-3-5-sonnet}},
  year = {2024}
}


#Gemini1.5
@misc{gemini1.5,
      title={Gemini 1.5: Unlocking multimodal understanding across millions of tokens of context}, 
      author={Machel Reid and Nikolay Savinov and Denis Teplyashin and Dmitry Lepikhin and Timothy Lillicrap and Jean-baptiste Alayrac and Radu Soricut and Angeliki Lazaridou and Orhan Firat and Julian Schrittwieser and et al.},
      year={2024},
      eprint={2403.05530},
      archivePrefix={arXiv},
      primaryClass={cs.CL},
      url={https://arxiv.org/abs/2403.05530}, 
}


#gpt4o-mini
@misc{gpt4omini,
  title = {GPT-4o mini: advancing cost-efficient intelligence},
  author = {{OpenAI}},
  year = {2024},
   url={https://openai.com/index/gpt-4o-mini-advancing-cost-efficient-intelligence/}}
}


#AIN
@misc{heakl2025ainarabicinclusivelarge,
      title={AIN: The Arabic INclusive Large Multimodal Model}, 
      author={Ahmed Heakl and Sara Ghaboura and Omkar Thawkar and Fahad Shahbaz Khan and Hisham Cholakkal and Rao Muhammad Anwer and Salman Khan},
      year={2025},
      eprint={2502.00094},
      url={https://arxiv.org/abs/2502.00094}, 
}

#Hust-OBS
@article{wang2024open,
  title={An open dataset for oracle bone script recognition and decipherment},
  author={Wang, Pengjie and Zhang, Kaile and Wang, Xinyu and Han, Shengwei and Liu, Yongge and Wan, Jinpeng and Guan, Haisu and Kuang, Zhebin and Jin, Lianwen and Bai, Xiang and others},
  journal={arXiv preprint arXiv:2401.15365},
  year={2024}
}


#KoaKore
@article{tian2020kaokore,
  title={Kaokore: A pre-modern japanese art facial expression dataset},
  author={Tian, Yingtao and Suzuki, Chikahiko and Clanuwat, Tarin and Bober-Irizar, Mikel and Lamb, Alex and Kitamoto, Asanobu},
  journal={arXiv preprint arXiv:2002.08595},
  year={2020}
}


BLEU
@inproceedings{papineni2002bleu,
  title={Bleu: a method for automatic evaluation of machine translation},
  author={Papineni, Kishore and Roukos, Salim and Ward, Todd and Zhu, Wei-Jing},
  booktitle={Proceedings of the 40th annual meeting of the Association for Computational Linguistics},
  pages={311--318},
  year={2002}
}


ROUGE
@inproceedings{lin2004rouge,
  title={Rouge: A package for automatic evaluation of summaries},
  author={Lin, Chin-Yew},
  booktitle={Text summarization branches out},
  pages={74--81},
  year={2004}
}

METEOR
@inproceedings{banerjee2005meteor,
  title={METEOR: An automatic metric for MT evaluation with improved correlation with human judgments},
  author={Banerjee, Satanjeev and Lavie, Alon},
  booktitle={Proceedings of the acl workshop on intrinsic and extrinsic evaluation measures for machine translation and/or summarization},
  pages={65--72},
  year={2005}
}


llavanext
@misc{liu2024llavanext,
    title={LLaVA-NeXT: Improved reasoning, OCR, and world knowledge},
    url={https://llava-vl.github.io/blog/2024-01-30-llava-next/},
    author={Liu, Haotian and Li, Chunyuan and Li, Yuheng and Li, Bo and Zhang, Yuanhan and Shen, Sheng and Lee, Yong Jae},
    month={January},
    year={2024}
}

Qwen2.5-VL
@misc{Qwen2.5-VL,
    title = {Qwen2.5-VL},
    url = {https://qwenlm.github.io/blog/qwen2.5-vl/},
    author = {Qwen Team},
    month = {January},
    year = {2025}
}



Lit Rev 
1- culture in LLM
@article{adilazuarda2024towards,
  title={Towards measuring and modeling" culture" in llms: A survey},
  author={Adilazuarda, Muhammad Farid and Mukherjee, Sagnik and Lavania, Pradhyumna and Singh, Siddhant and Aji, Alham Fikri and O'Neill, Jacki and Modi, Ashutosh and Choudhury, Monojit},
  journal={arXiv preprint arXiv:2403.15412},
  year={2024}
}


2- LLM historical
@article{varnum2024large,
  title={Large Language Models based on historical text could offer informative tools for behavioral science},
  author={Varnum, Michael EW and Baumard, Nicolas and Atari, Mohammad and Gray, Kurt},
  journal={Proceedings of the National Academy of Sciences},
  volume={121},
  number={42},
  pages={e2407639121},
  year={2024},
  publisher={National Academy of Sciences}
}

3- #clutural bias
@article{tao2024cultural,
  title={Cultural bias and cultural alignment of large language models},
  author={Tao, Yan and Viberg, Olga and Baker, Ryan S and Kizilcec, Ren{\'e} F},
  journal={PNAS nexus},
  volume={3},
  number={9},
  pages={pgae346},
  year={2024},
  publisher={Oxford University Press US}
}


4- LLM misalign Cult Heritage 
@article{bu2025investigation,
  title={An Investigation into Value Misalignment in LLM-Generated Texts for Cultural Heritage},
  author={Bu, Fan and Wang, Zheng and Wang, Siyi and Liu, Ziyao},
  journal={arXiv preprint arXiv:2501.02039},
  year={2025}
}

5- CulturalVLM
@article{liu2025culturevlm,
  title={CultureVLM: Characterizing and Improving Cultural Understanding of Vision-Language Models for over 100 Countries},
  author={Liu, Shudong and Jin, Yiqiao and Li, Cheng and Wong, Derek F and Wen, Qingsong and Sun, Lichao and Chen, Haipeng and Xie, Xing and Wang, Jindong},
  journal={arXiv preprint arXiv:2501.01282},
  year={2025}
}

6- culturalLLm
@article{li2024culturellm,
  title={Culturellm: Incorporating cultural differences into large language models},
  author={Li, Cheng and Chen, Mengzhou and Wang, Jindong and Sitaram, Sunayana and Xie, Xing},
  journal={arXiv preprint arXiv:2402.10946},
  year={2024}
}

7- CVQA
@article{romero2024cvqa,
  title={Cvqa: Culturally-diverse multilingual visual question answering benchmark},
  author={Romero, David and Lyu, Chenyang and Wibowo, Haryo Akbarianto and Lynn, Teresa and Hamed, Injy and Kishore, Aditya Nanda and Mandal, Aishik and Dragonetti, Alina and Abzaliev, Artem and Tonja, Atnafu Lambebo and others},
  journal={arXiv preprint arXiv:2406.05967},
  year={2024}
}

#8 Value misalign
@inproceedings{Bu2025AnII,
  title={An Investigation into Value Misalignment in LLM-Generated Texts for Cultural Heritage},
  author={Fan Bu and Zheng Wang and Siyi Wang and Ziyao Liu},
  year={2025},
  url={https://api.semanticscholar.org/CorpusID:275336220}
}

#LR 9 Moral Norms 
@article{Ramezani2023KnowledgeOC,
  title={Knowledge of cultural moral norms in large language models},
  author={Aida Ramezani and Yang Xu},
  journal={ArXiv},
  year={2023},
  volume={abs/2306.01857},
  url={https://api.semanticscholar.org/CorpusID:259075607}
}

#LR 10 Cultural Align
@article{AlKhamissi2024InvestigatingCA,
  title={Investigating Cultural Alignment of Large Language Models},
  author={Badr AlKhamissi and Muhammad N. ElNokrashy and Mai AlKhamissi and Mona Diab},
  journal={ArXiv},
  year={2024},
  volume={abs/2402.13231},
  url={https://api.semanticscholar.org/CorpusID:267759574}
}

#LR 11 Ithaca
@article{Assael2022RestoringAA,
  title={Restoring and attributing ancient texts using deep neural networks},
  author={Yannis Assael and Thea Sommerschield and Brendan Shillingford and Mahyar Bordbar and John Pavlopoulos and Marita Chatzipanagiotou and Ion Androutsopoulos and J. Prag and Nando de Freitas},
  journal={Nature},
  year={2022},
  volume={603},
  pages={280 - 283},
  url={https://api.semanticscholar.org/CorpusID:247361067}
}