@article{AlKhamissi2024InvestigatingCA,
  title={Investigating Cultural Alignment of Large Language Models},
  author={Badr AlKhamissi and Muhammad N. ElNokrashy and Mai AlKhamissi and Mona Diab},
  journal={ArXiv},
  year={2024},
  volume={abs/2402.13231},
  url={https://api.semanticscholar.org/CorpusID:267759574}
}

@article{Assael2022RestoringAA,
  title={Restoring and attributing ancient texts using deep neural networks},
  author={Yannis Assael and Thea Sommerschield and Brendan Shillingford and Mahyar Bordbar and John Pavlopoulos and Marita Chatzipanagiotou and Ion Androutsopoulos and J. Prag and Nando de Freitas},
  journal={Nature},
  year={2022},
  volume={603},
  pages={280 - 283},
  url={https://api.semanticscholar.org/CorpusID:247361067}
}

@article{Ramezani2023KnowledgeOC,
  title={Knowledge of cultural moral norms in large language models},
  author={Aida Ramezani and Yang Xu},
  journal={ArXiv},
  year={2023},
  volume={abs/2306.01857},
  url={https://api.semanticscholar.org/CorpusID:259075607}
}

@article{adilazuarda2024towards,
  title={Towards measuring and modeling" culture" in llms: A survey},
  author={Adilazuarda, Muhammad Farid and Mukherjee, Sagnik and Lavania, Pradhyumna and Singh, Siddhant and Aji, Alham Fikri and O'Neill, Jacki and Modi, Ashutosh and Choudhury, Monojit},
  journal={arXiv preprint arXiv:2403.15412},
  year={2024}
}

@article{bu2025investigation,
  title={An Investigation into Value Misalignment in LLM-Generated Texts for Cultural Heritage},
  author={Bu, Fan and Wang, Zheng and Wang, Siyi and Liu, Ziyao},
  journal={arXiv preprint arXiv:2501.02039},
  year={2025}
}

@article{li2024culturellm,
  title={Culturellm: Incorporating cultural differences into large language models},
  author={Li, Cheng and Chen, Mengzhou and Wang, Jindong and Sitaram, Sunayana and Xie, Xing},
  journal={arXiv preprint arXiv:2402.10946},
  year={2024}
}

@article{liu2025culturevlm,
  title={CultureVLM: Characterizing and Improving Cultural Understanding of Vision-Language Models for over 100 Countries},
  author={Liu, Shudong and Jin, Yiqiao and Li, Cheng and Wong, Derek F and Wen, Qingsong and Sun, Lichao and Chen, Haipeng and Xie, Xing and Wang, Jindong},
  journal={arXiv preprint arXiv:2501.01282},
  year={2025}
}

@article{romero2024cvqa,
  title={Cvqa: Culturally-diverse multilingual visual question answering benchmark},
  author={Romero, David and Lyu, Chenyang and Wibowo, Haryo Akbarianto and Lynn, Teresa and Hamed, Injy and Kishore, Aditya Nanda and Mandal, Aishik and Dragonetti, Alina and Abzaliev, Artem and Tonja, Atnafu Lambebo and others},
  journal={arXiv preprint arXiv:2406.05967},
  year={2024}
}

@article{tao2024cultural,
  title={Cultural bias and cultural alignment of large language models},
  author={Tao, Yan and Viberg, Olga and Baker, Ryan S and Kizilcec, Ren{\'e} F},
  journal={PNAS nexus},
  volume={3},
  number={9},
  pages={pgae346},
  year={2024},
  publisher={Oxford University Press US}
}

@article{varnum2024large,
  title={Large Language Models based on historical text could offer informative tools for behavioral science},
  author={Varnum, Michael EW and Baumard, Nicolas and Atari, Mohammad and Gray, Kurt},
  journal={Proceedings of the National Academy of Sciences},
  volume={121},
  number={42},
  pages={e2407639121},
  year={2024},
  publisher={National Academy of Sciences}
}

