@misc{borges2021combiningonpolicytrainingmodelbased,
      title={Combining Off and On-Policy Training in Model-Based Reinforcement Learning}, 
      author={Alexandre Borges and Arlindo Oliveira},
      year={2021},
      eprint={2102.12194},
      archivePrefix={arXiv},
      primaryClass={cs.LG},
      url={https://arxiv.org/abs/2102.12194}, 
}

@inproceedings{coulom2006efficient,
  title={Efficient selectivity and backup operators in Monte-Carlo tree search},
  author={Coulom, R{\'e}mi},
  booktitle={International conference on computers and games},
  pages={72--83},
  year={2006},
  organization={Springer}
}

@inproceedings{dudik2011doubly,
  title={Doubly robust policy evaluation and learning},
  author={Dud{\'\i}k, Miroslav and Langford, John and Li, Lihong},
  booktitle={Proceedings of the 28th International Conference on Machine Learning},
  pages={1097--1104},
  year={2011}
}

@inproceedings{farajtabar2018more,
  title={More robust doubly robust off-policy evaluation},
  author={Farajtabar, Mehrdad and Chow, Yinlam and Ghavamzadeh, Mohammad},
  booktitle={International Conference on Machine Learning},
  pages={1447--1456},
  year={2018},
  organization={PMLR}
}

@inproceedings{jiang2016doubly,
  title={Doubly robust off-policy value evaluation for reinforcement learning},
  author={Jiang, Nan and Li, Lihong},
  booktitle={International Conference on Machine Learning},
  pages={652--661},
  year={2016},
  organization={PMLR}
}

@inproceedings{kallus2020double,
  title={Double reinforcement learning for efficient off-policy evaluation in markov decision processes},
  author={Kallus, Nathan and Uehara, Masatoshi},
  booktitle={International Conference on Machine Learning},
  pages={5168--5178},
  year={2020},
  organization={PMLR}
}

@inproceedings{precup2000eligibility,
  title={Eligibility traces for off-policy policy evaluation},
  author={Precup, Doina and Sutton, Richard S and Singh, Satinder P},
  booktitle={Proceedings of the Seventeenth International Conference on Machine Learning},
  pages={759--766},
  year={2000}
}

@article{robins1995semiparametric,
  title={Semiparametric efficiency in multivariate regression models with missing data},
  author={Robins, James M and Rotnitzky, Andrea},
  journal={Journal of the American Statistical Association},
  volume={90},
  number={429},
  pages={122--129},
  year={1995},
  publisher={Taylor \& Francis}
}

@article{schrittwieser2020mastering,
  title={Mastering atari, go, chess and shogi by planning with a learned model},
  author={Schrittwieser, Julian and Antonoglou, Ioannis and Hubert, Thomas and Simonyan, Karen and Sifre, Laurent and Schmitt, Simon and Guez, Arthur and Lockhart, Edward and Hassabis, Demis and Graepel, Thore and others},
  journal={Nature},
  volume={588},
  number={7839},
  pages={604--609},
  year={2020},
  publisher={Nature Publishing Group}
}

@article{silver2016mastering,
  title={Mastering the game of Go with deep neural networks and tree search},
  author={Silver, David and Huang, Aja and Maddison, Chris J and Guez, Arthur and Sifre, Laurent and Van Den Driessche, George and Schrittwieser, Julian and Antonoglou, Ioannis and Panneershelvam, Veda and Lanctot, Marc and others},
  journal={nature},
  volume={529},
  number={7587},
  pages={484--489},
  year={2016},
  publisher={Nature Publishing Group}
}

@article{silver2018general,
  title={A general reinforcement learning algorithm that masters chess, shogi, and Go through self-play},
  author={Silver, David and Hubert, Thomas and Schrittwieser, Julian and Antonoglou, Ioannis and Lai, Matthew and Guez, Arthur and Lanctot, Marc and Sifre, Laurent and Kumaran, Dharshan and Graepel, Thore and others},
  journal={Science},
  volume={362},
  number={6419},
  pages={1140--1144},
  year={2018},
  publisher={American Association for the Advancement of Science}
}

@inproceedings{thomas2016data,
  title={Data-efficient off-policy policy evaluation for reinforcement learning},
  author={Thomas, Philip and Brunskill, Emma},
  booktitle={International Conference on Machine Learning},
  pages={2139--2148},
  year={2016},
  organization={PMLR}
}

