@article{browne2012survey,
  title={A survey of monte carlo tree search methods},
  author={Browne, Cameron B and Powley, Edward and Whitehouse, Daniel and Lucas, Simon M and Cowling, Peter I and Rohlfshagen, Philipp and Tavener, Stephen and Perez, Diego and Samothrakis, Spyridon and Colton, Simon},
  journal={IEEE Transactions on Computational Intelligence and AI in Games},
  volume={4},
  number={1},
  pages={1--43},
  year={2012},
  publisher={IEEE}
}

@inproceedings{precup2000eligibility,
  title={Eligibility traces for off-policy policy evaluation},
  author={Precup, Doina and Sutton, Richard S and Singh, Satinder P},
  booktitle={Proceedings of the Seventeenth International Conference on Machine Learning},
  pages={759--766},
  year={2000}
}

@inproceedings{jiang2016doubly,
  title={Doubly robust off-policy value evaluation for reinforcement learning},
  author={Jiang, Nan and Li, Lihong},
  booktitle={International Conference on Machine Learning},
  pages={652--661},
  year={2016},
  organization={PMLR}
}

@inproceedings{coulom2006efficient,
  title={Efficient selectivity and backup operators in Monte-Carlo tree search},
  author={Coulom, R{\'e}mi},
  booktitle={International conference on computers and games},
  pages={72--83},
  year={2006},
  organization={Springer}
}

@article{silver2016mastering,
  title={Mastering the game of Go with deep neural networks and tree search},
  author={Silver, David and Huang, Aja and Maddison, Chris J and Guez, Arthur and Sifre, Laurent and Van Den Driessche, George and Schrittwieser, Julian and Antonoglou, Ioannis and Panneershelvam, Veda and Lanctot, Marc and others},
  journal={nature},
  volume={529},
  number={7587},
  pages={484--489},
  year={2016},
  publisher={Nature Publishing Group}
}

@inproceedings{gelly2007combining,
  title={Combining online and offline knowledge in UCT},
  author={Gelly, Sylvain and Silver, David},
  booktitle={Proceedings of the 24th international conference on Machine learning},
  pages={273--280},
  year={2007}
}

@article{gelly2011monte,
  title={Monte-Carlo tree search and rapid action value estimation in computer Go},
  author={Gelly, Sylvain and Silver, David},
  journal={Artificial Intelligence},
  volume={175},
  number={11},
  pages={1856--1875},
  year={2011},
  publisher={Elsevier}
}

@inproceedings{thomas2016data,
  title={Data-efficient off-policy policy evaluation for reinforcement learning},
  author={Thomas, Philip and Brunskill, Emma},
  booktitle={International Conference on Machine Learning},
  pages={2139--2148},
  year={2016},
  organization={PMLR}
}

@inproceedings{kallus2020double,
  title={Double reinforcement learning for efficient off-policy evaluation in markov decision processes},
  author={Kallus, Nathan and Uehara, Masatoshi},
  booktitle={International Conference on Machine Learning},
  pages={5168--5178},
  year={2020},
  organization={PMLR}
}

@inproceedings{dudik2011doubly,
  title={Doubly robust policy evaluation and learning},
  author={Dud{\'\i}k, Miroslav and Langford, John and Li, Lihong},
  booktitle={Proceedings of the 28th International Conference on Machine Learning},
  pages={1097--1104},
  year={2011}
}

@inproceedings{xu2021doubly,
  title={Doubly robust off-policy actor-critic: Convergence and optimality},
  author={Xu, Tengyang and Wang, Zhuoran and Liang, Yingbin},
  booktitle={International Conference on Learning Representations},
  year={2021}
}

@inproceedings{farajtabar2018more,
  title={More robust doubly robust off-policy evaluation},
  author={Farajtabar, Mehrdad and Chow, Yinlam and Ghavamzadeh, Mohammad},
  booktitle={International Conference on Machine Learning},
  pages={1447--1456},
  year={2018},
  organization={PMLR}
}

@inproceedings{xie2019towards,
  title={Towards off-policy evaluation as a prerequisite for real-world reinforcement learning},
  author={Xie, Yifan and Liu, Baharan and Liu, Qiang and Wang, Zhaoran and Zhou, Yuan and Peng, Jian},
  booktitle={NeurIPS 2019 Workshop on Safety and Robustness in Decision-Making},
  year={2019}
}

@inproceedings{yao2023tree,
 author = {Yao, Shunyu and Yu, Dian and Zhao, Jeffrey and Shafran, Izhak and Griffiths, Tom and Cao, Yuan and Narasimhan, Karthik},
 booktitle = {Advances in Neural Information Processing Systems},
 editor = {A. Oh and T. Naumann and A. Globerson and K. Saenko and M. Hardt and S. Levine},
 pages = {11809--11822},
 publisher = {Curran Associates, Inc.},
 title = {Tree of Thoughts: Deliberate Problem Solving with Large Language Models},
 year = {2023}
}


@article{schrittwieser2023efficient,
  title={Efficient Monte Carlo tree search without Monte Carlo},
  author={Schrittwieser, Julian and Hubert, Thomas and Hassabis, Demis and Silver, David},
  journal={arXiv preprint arXiv:2301.13310},
  year={2023}
}

@article{patterson2021carbon,
  title={Carbon emissions and large neural network training},
  author={Patterson, David and Gonzalez, Joseph and Le, Quoc and Liang, Chen and Munguia, Lluis-Miquel and Rothchild, Daniel and So, David and Texier, Maud and Dean, Jeff},
  journal={arXiv preprint arXiv:2104.10350},
  year={2021}
}

@article{robins1995semiparametric,
  title={Semiparametric efficiency in multivariate regression models with missing data},
  author={Robins, James M and Rotnitzky, Andrea},
  journal={Journal of the American Statistical Association},
  volume={90},
  number={429},
  pages={122--129},
  year={1995},
  publisher={Taylor \& Francis}
}


@InProceedings{zhou24r,
  title = 	 {Language Agent Tree Search Unifies Reasoning, Acting, and Planning in Language Models},
  author =       {Zhou, Andy and Yan, Kai and Shlapentokh-Rothman, Michal and Wang, Haohan and Wang, Yu-Xiong},
  booktitle = 	 {Proceedings of the 41st International Conference on Machine Learning},
  pages = 	 {62138--62160},
  year = 	 {2024},
  editor = 	 {Salakhutdinov, Ruslan and Kolter, Zico and Heller, Katherine and Weller, Adrian and Oliver, Nuria and Scarlett, Jonathan and Berkenkamp, Felix},
  volume = 	 {235},
  series = 	 {Proceedings of Machine Learning Research},
  month = 	 {21--27 Jul},
  publisher =    {PMLR},
  pdf = 	 {https://raw.githubusercontent.com/mlresearch/v235/main/assets/zhou24r/zhou24r.pdf}
}

@inproceedings{kocsis2006bandit,
  title={Bandit based monte-carlo planning},
  author={Kocsis, Levente and Szepesv{\'a}ri, Csaba},
  booktitle={European Conference on Machine Learning},
  pages={282--293},
  year={2006},
  organization={Springer}
}

@article{silver2017mastering,
  title={Mastering the game of go without human knowledge},
  author={Silver, David and Schrittwieser, Julian and Simonyan, Karen and Antonoglou, Ioannis and Huang, Aja and Guez, Arthur and Hubert, Thomas and Baker, Lucas and Lai, Matthew and Bolton, Adrian and others},
  journal={Nature},
  volume={550},
  number={7676},
  pages={354--359},
  year={2017},
  publisher={Nature Publishing Group}
}

@inproceedings{thomas2015high,
  title={High-confidence off-policy evaluation},
  author={Thomas, Philip and Theocharous, Georgios and Ghavamzadeh, Mohammad},
  booktitle={Proceedings of the AAAI Conference on Artificial Intelligence},
  volume={29},
  number={1},
  year={2015}
}

@article{stone1974cross,
  title={Cross-validatory choice and assessment of statistical predictions},
  author={Stone, Mervyn},
  journal={Journal of the Royal Statistical Society: Series B (Methodological)},
  volume={36},
  number={2},
  pages={111--133},
  year={1974},
  publisher={Wiley Online Library}
}

@article{arlot2010survey,
  title={A survey of cross-validation procedures for model selection},
  author={Arlot, Sylvain and Celisse, Alain},
  journal={Statistics surveys},
  volume={4},
  pages={40--79},
  year={2010},
  publisher={The author, under a Creative Commons Attribution License}
}

@book{hastie2009elements,
  title={The elements of statistical learning: data mining, inference, and prediction},
  author={Hastie, Trevor and Tibshirani, Robert and Friedman, Jerome H},
  year={2009},
  publisher={Springer}
}

@article{efron1983estimating,
  title={Estimating the error rate of a prediction rule: improvement on cross-validation},
  author={Efron, Bradley},
  journal={Journal of the American statistical association},
  volume={78},
  number={382},
  pages={316--331},
  year={1983},
  publisher={Taylor \& Francis}
}

@article{Chernozhukov2018,
    author = {Chernozhukov, Victor and Chetverikov, Denis and Demirer, Mert and Duflo, Esther and Hansen, Christian and Newey, Whitney and Robins, James},
    title = {Double/debiased machine learning for treatment and structural parameters},
    journal = {The Econometrics Journal},
    volume = {21},
    number = {1},
    pages = {C1-C68},
    year = {2018},
    month = {01},
    issn = {1368-4221},
    doi = {10.1111/ectj.12097},
    url = {https://doi.org/10.1111/ectj.12097},
    eprint = {https://academic.oup.com/ectj/article-pdf/21/1/C1/27684918/ectj00c1.pdf},
}

@inproceedings{puig2018virtualhome,
  title={VirtualHome: Simulating household activities via programs},
  author={Puig, Xavier and Ra, Kevin and Boben, Marko and Li, Jiaman and Wang, Tingwu and Fidler, Sanja and Torralba, Antonio},
  booktitle={Proceedings of the IEEE Conference on Computer Vision and Pattern Recognition},
  pages={8494--8502},
  year={2018}
}


@inproceedings{Zhao2023,
	author = {Zhao, Zirui and Lee, Wee Sun and Hsu, David},
	booktitle = {Advances in Neural Information Processing Systems},
	editor = {A. Oh and T. Naumann and A. Globerson and K. Saenko and M. Hardt and S. Levine},
	pages = {31967--31987},
	publisher = {Curran Associates, Inc.},
	title = {Large Language Models as Commonsense Knowledge for Large-Scale Task Planning},
	volume = {36},
	year = {2023}}

@article{schrittwieser2020mastering,
  title={Mastering atari, go, chess and shogi by planning with a learned model},
  author={Schrittwieser, Julian and Antonoglou, Ioannis and Hubert, Thomas and Simonyan, Karen and Sifre, Laurent and Schmitt, Simon and Guez, Arthur and Lockhart, Edward and Hassabis, Demis and Graepel, Thore and others},
  journal={Nature},
  volume={588},
  number={7839},
  pages={604--609},
  year={2020},
  publisher={Nature Publishing Group}
}

@misc{borges2021combiningonpolicytrainingmodelbased,
      title={Combining Off and On-Policy Training in Model-Based Reinforcement Learning}, 
      author={Alexandre Borges and Arlindo Oliveira},
      year={2021},
      eprint={2102.12194},
      archivePrefix={arXiv},
      primaryClass={cs.LG},
      url={https://arxiv.org/abs/2102.12194}, 
}

@article{silver2018general,
  title={A general reinforcement learning algorithm that masters chess, shogi, and Go through self-play},
  author={Silver, David and Hubert, Thomas and Schrittwieser, Julian and Antonoglou, Ioannis and Lai, Matthew and Guez, Arthur and Lanctot, Marc and Sifre, Laurent and Kumaran, Dharshan and Graepel, Thore and others},
  journal={Science},
  volume={362},
  number={6419},
  pages={1140--1144},
  year={2018},
  publisher={American Association for the Advancement of Science}
}

@article{jumper2021highly,
  title={Highly accurate protein structure prediction with AlphaFold},
  author={Jumper, John and Evans, Richard and Pritzel, Alexander and Green, Tim and Figurnov, Michael and Ronneberger, Olaf and Tunyasuvunakool, Kathryn and Bates, Russ and {\v{Z}}{\'\i}dek, Augustin and Potapenko, Anna and others},
  journal={Nature},
  volume={596},
  number={7873},
  pages={583--589},
  year={2021},
  publisher={Nature Publishing Group}
}