%%% ====================================================================
%%%  BibTeX-file{
%%%     author          = "Gerry Murray",
%%%     version         = "1.2",
%%%     date            = "2 April 2012",
%%%     filename        = "acmsmall-sample-bibfile.bib",
%%%     address         = "ACM, NY",
%%%     email           = "murray at hq.acm.org",
%%%     codetable       = "ISO/ASCII",
%%%     keywords        = "ACM Reference Format, bibliography, citation, references",
%%%     supported       = "yes",
%%%     docstring       = "This BibTeX database file contains 'bibdata' entries
%%%                        that 'match' the examples provided in the Specifications Document
%%%                        AND, also, 'legacy'-type bibs. It should assist authors in
%%%                        choosing the 'correct' at-bibtype and necessary bib-fields
%%%                        so as to obtain the appropriate ACM Reference Format output.
%%%                        It also contains many 'Standard Abbreviations'. "
%%%  }
%%% ====================================================================

% Journals

% First the Full Name is given, then the abbreviation used in the AMS Math
% Reviews, with an indication if it could not be found there.
% Note the 2nd overwrites the 1st, so swap them if you want the full name.

 %{AMS}
 @String{AMSTrans = "American Mathematical Society Translations" }
 @String{AMSTrans = "Amer. Math. Soc. Transl." }
 @String{BullAMS = "Bulletin of the American Mathematical Society" }
 @String{BullAMS = "Bull. Amer. Math. Soc." }
 @String{ProcAMS = "Proceedings of the American Mathematical Society" }
 @String{ProcAMS = "Proc. Amer. Math. Soc." }
 @String{TransAMS = "Transactions of the American Mathematical Society" }
 @String{TransAMS = "Trans. Amer. Math. Soc." }

 %ACM
 @String{CACM = "Communications of the {ACM}" }
 @String{CACM = "Commun. {ACM}" }
 @String{CompServ = "Comput. Surveys" }
 @String{JACM = "J. ACM" }
 @String{ACMMathSoft = "{ACM} Transactions on Mathematical Software" }
 @String{ACMMathSoft = "{ACM} Trans. Math. Software" }
 @String{SIGNUM = "{ACM} {SIGNUM} Newsletter" }
 @String{SIGNUM = "{ACM} {SIGNUM} Newslett." }

 @String{AmerSocio = "American Journal of Sociology" }
 @String{AmerStatAssoc = "Journal of the American Statistical Association" }
 @String{AmerStatAssoc = "J. Amer. Statist. Assoc." }
 @String{ApplMathComp = "Applied Mathematics and Computation" }
 @String{ApplMathComp = "Appl. Math. Comput." }
 @String{AmerMathMonthly = "American Mathematical Monthly" }
 @String{AmerMathMonthly = "Amer. Math. Monthly" }
 @String{BIT = "{BIT}" }
 @String{BritStatPsych = "British Journal of Mathematical and Statistical
          Psychology" }
 @String{BritStatPsych = "Brit. J. Math. Statist. Psych." }
 @String{CanMathBull = "Canadian Mathematical Bulletin" }
 @String{CanMathBull = "Canad. Math. Bull." }
 @String{CompApplMath = "Journal of Computational and Applied Mathematics" }
 @String{CompApplMath = "J. Comput. Appl. Math." }
 @String{CompPhys = "Journal of Computational Physics" }
 @String{CompPhys = "J. Comput. Phys." }
 @String{CompStruct = "Computers and Structures" }
 @String{CompStruct = "Comput. \& Structures" }
 @String{CompJour = "The Computer Journal" }
 @String{CompJour = "Comput. J." }
 @String{CompSysSci = "Journal of Computer and System Sciences" }
 @String{CompSysSci = "J. Comput. System Sci." }
 @String{Computing = "Computing" }
 @String{ContempMath = "Contemporary Mathematics" }
 @String{ContempMath = "Contemp. Math." }
 @String{Crelle = "Crelle's Journal" }
 @String{GiornaleMath = "Giornale di Mathematiche" }
 @String{GiornaleMath = "Giorn. Mat." } % didn't find in AMS MR., ibid.

 %IEEE
 @String{Computer = "{IEEE} Computer" }
 @String{IEEETransComp = "{IEEE} Transactions on Computers" }
 @String{IEEETransComp = "{IEEE} Trans. Comput." }
 @String{IEEETransAC = "{IEEE} Transactions on Automatic Control" }
 @String{IEEETransAC = "{IEEE} Trans. Automat. Control" }
 @String{IEEESpec = "{IEEE} Spectrum" } % didn't find in AMS MR
 @String{ProcIEEE = "Proceedings of the {IEEE}" }
 @String{ProcIEEE = "Proc. {IEEE}" } % didn't find in AMS MR
 @String{IEEETransAeroElec = "{IEEE} Transactions on Aerospace and Electronic
     Systems" }
 @String{IEEETransAeroElec = "{IEEE} Trans. Aerospace Electron. Systems" }

 @String{IMANumerAna = "{IMA} Journal of Numerical Analysis" }
 @String{IMANumerAna = "{IMA} J. Numer. Anal." }
 @String{InfProcLet = "Information Processing Letters" }
 @String{InfProcLet = "Inform. Process. Lett." }
 @String{InstMathApp = "Journal of the Institute of Mathematics and
     its Applications" }
 @String{InstMathApp = "J. Inst. Math. Appl." }
 @String{IntControl = "International Journal of Control" }
 @String{IntControl = "Internat. J. Control" }
 @String{IntNumerEng = "International Journal for Numerical Methods in
     Engineering" }
 @String{IntNumerEng = "Internat. J. Numer. Methods Engrg." }
 @String{IntSuper = "International Journal of Supercomputing Applications" }
 @String{IntSuper = "Internat. J. Supercomputing Applic." } % didn't find
%% in AMS MR
 @String{Kibernetika = "Kibernetika" }
 @String{JResNatBurStand = "Journal of Research of the National Bureau
     of Standards" }
 @String{JResNatBurStand = "J. Res. Nat. Bur. Standards" }
 @String{LinAlgApp = "Linear Algebra and its Applications" }
 @String{LinAlgApp = "Linear Algebra Appl." }
 @String{MathAnaAppl = "Journal of Mathematical Analysis and Applications" }
 @String{MathAnaAppl = "J. Math. Anal. Appl." }
 @String{MathAnnalen = "Mathematische Annalen" }
 @String{MathAnnalen = "Math. Ann." }
 @String{MathPhys = "Journal of Mathematical Physics" }
 @String{MathPhys = "J. Math. Phys." }
 @String{MathComp = "Mathematics of Computation" }
 @String{MathComp = "Math. Comp." }
 @String{MathScand = "Mathematica Scandinavica" }
 @String{MathScand = "Math. Scand." }
 @String{TablesAidsComp = "Mathematical Tables and Other Aids to Computation" }
 @String{TablesAidsComp = "Math. Tables Aids Comput." }
 @String{NumerMath = "Numerische Mathematik" }
 @String{NumerMath = "Numer. Math." }
 @String{PacificMath = "Pacific Journal of Mathematics" }
 @String{PacificMath = "Pacific J. Math." }
 @String{ParDistComp = "Journal of Parallel and Distributed Computing" }
 @String{ParDistComp = "J. Parallel and Distrib. Comput." } % didn't find
%% in AMS MR
 @String{ParComputing = "Parallel Computing" }
 @String{ParComputing = "Parallel Comput." }
 @String{PhilMag = "Philosophical Magazine" }
 @String{PhilMag = "Philos. Mag." }
 @String{ProcNAS = "Proceedings of the National Academy of Sciences
                    of the USA" }
 @String{ProcNAS = "Proc. Nat. Acad. Sci. U. S. A." }
 @String{Psychometrika = "Psychometrika" }
 @String{QuartMath = "Quarterly Journal of Mathematics, Oxford, Series (2)" }
 @String{QuartMath = "Quart. J. Math. Oxford Ser. (2)" }
 @String{QuartApplMath = "Quarterly of Applied Mathematics" }
 @String{QuartApplMath = "Quart. Appl. Math." }
 @String{RevueInstStat = "Review of the International Statisical Institute" }
 @String{RevueInstStat = "Rev. Inst. Internat. Statist." }

 %SIAM
 @String{JSIAM = "Journal of the Society for Industrial and Applied
     Mathematics" }
 @String{JSIAM = "J. Soc. Indust. Appl. Math." }
 @String{JSIAMB = "Journal of the Society for Industrial and Applied
     Mathematics, Series B, Numerical Analysis" }
 @String{JSIAMB = "J. Soc. Indust. Appl. Math. Ser. B Numer. Anal." }
 @String{SIAMAlgMeth = "{SIAM} Journal on Algebraic and Discrete Methods" }
 @String{SIAMAlgMeth = "{SIAM} J. Algebraic Discrete Methods" }
 @String{SIAMAppMath = "{SIAM} Journal on Applied Mathematics" }
 @String{SIAMAppMath = "{SIAM} J. Appl. Math." }
 @String{SIAMComp = "{SIAM} Journal on Computing" }
 @String{SIAMComp = "{SIAM} J. Comput." }
 @String{SIAMMatrix = "{SIAM} Journal on Matrix Analysis and Applications" }
 @String{SIAMMatrix = "{SIAM} J. Matrix Anal. Appl." }
 @String{SIAMNumAnal = "{SIAM} Journal on Numerical Analysis" }
 @String{SIAMNumAnal = "{SIAM} J. Numer. Anal." }
 @String{SIAMReview = "{SIAM} Review" }
 @String{SIAMReview = "{SIAM} Rev." }
 @String{SIAMSciStat = "{SIAM} Journal on Scientific and Statistical
     Computing" }
 @String{SIAMSciStat = "{SIAM} J. Sci. Statist. Comput." }

 @String{SoftPracExp = "Software Practice and Experience" }
 @String{SoftPracExp = "Software Prac. Experience" } % didn't find in AMS MR
 @String{StatScience = "Statistical Science" }
 @String{StatScience = "Statist. Sci." }
 @String{Techno = "Technometrics" }
 @String{USSRCompMathPhys = "{USSR} Computational Mathematics and Mathematical
     Physics" }
 @String{USSRCompMathPhys = "{U. S. S. R.} Comput. Math. and Math. Phys." }
 @String{VLSICompSys = "Journal of {VLSI} and Computer Systems" }
 @String{VLSICompSys = "J. {VLSI} Comput. Syst." }
 @String{ZAngewMathMech = "Zeitschrift fur Angewandte Mathematik und
     Mechanik" }
 @String{ZAngewMathMech = "Z. Angew. Math. Mech." }
 @String{ZAngewMathPhys = "Zeitschrift fur Angewandte Mathematik und Physik" }
 @String{ZAngewMathPhys = "Z. Angew. Math. Phys." }

% Publishers % ================================================= |

 @String{Academic = "Academic Press" }
 @String{ACMPress = "{ACM} Press" }
 @String{AdamHilger = "Adam Hilger" }
 @String{AddisonWesley = "Addison-Wesley" }
 @String{AllynBacon = "Allyn and Bacon" }
 @String{AMS = "American Mathematical Society" }
 @String{Birkhauser = "Birkha{\"u}ser" }
 @String{CambridgePress = "Cambridge University Press" }
 @String{Chelsea = "Chelsea" }
 @String{ClaredonPress = "Claredon Press" }
 @String{DoverPub = "Dover Publications" }
 @String{Eyolles = "Eyolles" }
 @String{HoltRinehartWinston = "Holt, Rinehart and Winston" }
 @String{Interscience = "Interscience" }
 @String{JohnsHopkinsPress = "The Johns Hopkins University Press" }
 @String{JohnWileySons = "John Wiley and Sons" }
 @String{Macmillan = "Macmillan" }
 @String{MathWorks = "The Math Works Inc." }
 @String{McGrawHill = "McGraw-Hill" }
 @String{NatBurStd = "National Bureau of Standards" }
 @String{NorthHolland = "North-Holland" }
 @String{OxfordPress = "Oxford University Press" }  %address Oxford or London?
 @String{PergamonPress = "Pergamon Press" }
 @String{PlenumPress = "Plenum Press" }
 @String{PrenticeHall = "Prentice-Hall" }
 @String{SIAMPub = "{SIAM} Publications" }
 @String{Springer = "Springer-Verlag" }
 @String{TexasPress = "University of Texas Press" }
 @String{VanNostrand = "Van Nostrand" }
 @String{WHFreeman = "W. H. Freeman and Co." }

%Entries

@Article{Abril07,
  author        = "Patricia S. Abril and Robert Plant",
  title         = "The patent holder's dilemma: Buy, sell, or troll?",
  journal       = "Communications of the ACM",
  volume        = "50",
  number        = "1",
  month         = jan,
  year          = "2007",
  pages         = "36--44",
  doi           = "10.1145/1188913.1188915",
  url           = "http://doi.acm.org/10.1145/1219092.1219093",
  note          = "",
}

@Article{Cohen07,
  author        = "Sarah Cohen and Werner Nutt and Yehoshua Sagic",
  title         = "Deciding equivalances among conjunctive aggregate queries",
  journal       = JACM,
  articleno     = "5",
  numpages      = "50",
  volume        = "54",
  number        = "2",
  month         = apr,
  year          = "2007",
  doi           = "10.1145/1219092.1219093",
  url           = "http://doi.acm.org/10.1145/1219092.1219093",
  acmid         = "1219093",
  note          = "",
}


@periodical{JCohen96,
  key =          "Cohen",
  editor =       "Jacques Cohen",
  title =        "Special issue: Digital Libraries",
  journal =      CACM,
  volume =       "39",
  number =       "11",
  month =        nov,
  year =         "1996",
}


@Book{Kosiur01,
  author =       "David Kosiur",
  title =        "Understanding Policy-Based Networking",
  publisher =    "Wiley",
  year =         "2001",
  address =      "New York, NY",
  edition =      "2nd.",
  editor =       "",
  volume =       "",
  number =       "",
  series =       "",
  month =        "",
  note =         "",
}


@Book{Harel79,
  author =       "David Harel",
  year =         "1979",
  title =        "First-Order Dynamic Logic",
  series =       "Lecture Notes in Computer Science",
  volume =       "68",
  address =      "New York, NY",
  publisher =    "Springer-Verlag",
  doi =          "10.1007/3-540-09237-4",
  url =          "http://dx.doi.org/10.1007/3-540-09237-4",
  editor =       "",
  number =       "",
  month =        "",
  note =         "",
}


@Inbook{Editor00,
  author =       "",
  editor =       "Ian Editor",
  title =        "The title of book one",
  subtitle =     "The book subtitle",
  series =       "The name of the series one",
  year =         "2007",
  volume =       "9",
  address =      "Chicago",
  edition =      "1st.",
  publisher =    "University of Chicago Press",
  doi =          "10.1007/3-540-09237-4",
  url =          "http://dx.doi.org/10.1007/3-540-09456-9",
  chapter =      "",
  pages =        "",
  number =       "",
  type =         "",
  month =        "",
  note =         "",
}

%
@InBook{Editor00a,
  author =       "",
  editor =       "Ian Editor",
  title =        "The title of book two",
  subtitle =     "The book subtitle",
  series =       "The name of the series two",
  year =         "2008",
  address =      "Chicago",
  edition =      "2nd.",
  publisher =    "University of Chicago Press",
  doi =          "10.1007/3-540-09237-4",
  url =          "http://dx.doi.org/10.1007/3-540-09456-9",
  volume =       "",
  chapter =      "100",
  pages =        "",
  number =       "",
  type =         "",
  month =        "",
  note =         "",
}


% incollection (has an editor, title, and possibly a booktitle)
@Incollection{Spector90,
  author =       "Asad Z. Spector",
  title =        "Achieving application requirements",
  booktitle =    "Distributed Systems",
  publisher =    "ACM Press",
  address =      "New York, NY",
  year =         "1990",
  edition =      "2nd.",
  chapter =      "",
  editor =       "Sape Mullender",
  pages =        "19--33",
  doi =          "10.1145/90417.90738",
  url =          "http://doi.acm.org/10.1145/90417.90738",
  volume =       "",
  number =       "",
  series =       "",
  type =         "",
  month =        "",
  note =         "",
}


% incollection (has an editor, title, and possibly a booktitle)
@Incollection{Douglass98,
  author =       "Bruce P. Douglass and David Harel and Mark B. Trakhtenbrot",
  title =        "Statecarts in use: structured analysis and object-orientation",
  series =       "Lecture Notes in Computer Science",
  booktitle =    "Lectures on Embedded Systems",
  publisher =    "Springer-Verlag",
  address =      "London",
  volume =       "1494",
  year =         "1998",
  chapter =      "",
  editor =       "Grzegorz Rozenberg and Frits W. Vaandrager",
  pages =        "368--394",
  doi =          "10.1007/3-540-65193-4_29",
  url =          "http://dx.doi.org/10.1007/3-540-65193-4_29",
  edition =      "",
  number =       "",
  type =         "",
  month =        "",
  note =         "",
}


@Book{Knuth97,
  author =       "Donald E. Knuth",
  title =        "The Art of Computer Programming, Vol. 1: Fundamental Algorithms (3rd. ed.)",
  publisher =    "Addison Wesley Longman Publishing Co., Inc.",
  year =         "1997",
  address =      "",
  edition =      "",
  editor =       "",
  volume =       "",
  number =       "",
  series =       "",
  month =        "",
  note =         "",
}


@Book{Knuth98,
  author =       "Donald E. Knuth",
  year =         "1998",
  title =        "The Art of Computer Programming",
  series =       "Fundamental Algorithms",
  volume =       "1",
  edition =      "3rd",
  address =      "",
  publisher =    "Addison Wesley Longman Publishing Co., Inc.",
  doi =          "",
  url =          "",
  editor =       "",
  number =       "",
  month =        "",
  note =         "(book)",
}

%Inbook{Knuth97,
%  author =       "Donald E. Knuth",
%  title =        "The Art of Computer Programming",
%  booktitle =    "the booktitle",
%  edition =      "3",
%  volume =       "1",
%  year =         "1997",
%  publisher =    "Addison Wesley Longman Publishing Co., Inc.",
%  editor =       "",
%  number =       "",
%  series =       "Fundamental Algorithms",
%  type =         "",
%  chapter =      "",
%  pages =        "",
%  address =      "",
%  month =        "",
%  note =         "(inbook)",
%}

%INBOOK{DK:73-inbook-full,
%   author = "Donald E. Knuth",
%   title = "Fundamental Algorithms (inbook w series)",
%   volume = 1,
%   series = "The Art of Computer Programming",
%   publisher = "Addison-Wesley",
%   address = "Reading, Massachusetts",
%   edition = "Second",
%   month = "10~" # jan,
%   year = "1973",
%   type = "Section",
%   chapter = "1.2",
%   pages = "10--119",
%   note = "Full INBOOK entry (w series)",
%}

%INcollection{DK:74-incoll,
%   author = "Donald E. Knuth",
%   title = "Fundamental Algorithms (incoll)",
%   volume = 1,
%   booktitle = "The Art of Computer Programming",
%   publisher = "Addison-Wesley",
%   address = "Reading, Massachusetts",
%   month = "10~" # jan,
%   year = "1974",
%   pages = "10--119",
%   editor = "Bernard Rous",
%   note = "This is a full incoll entry with an editor",
%}

%INcollection{DK:75-incollws,
%   author = "Donald E. Knuth",
%   title = "Fundamental Algorithms (incoll w series)",
%   volume = 1,
%   booktitle = "The Art of Computer Programming",
%   series = "The Art of Computer Programming",
%   publisher = "Addison-Wesley",
%   address = "Reading, Massachusetts",
%   month = "10~" # jan,
%   year = "1975",
%   pages = "10--119",
%   editor = "Bernard Rous",
%   note = "This is a full incoll entry with an editor and series",
%}


@incollection{GM05,
Author= "Dan Geiger and Christopher Meek",
Title= "Structured Variational Inference Procedures and their Realizations (as incol)",
Year= 2005,
Booktitle="Proceedings of Tenth International Workshop on Artificial Intelligence and Statistics, {\rm The Barbados}",
Publisher="The Society for Artificial Intelligence and Statistics",
Month= jan,
Editors= "Z. Ghahramani and R. Cowell"
}

@Inproceedings{Smith10,
  author =       "Stan W. Smith",
  title =        "An experiment in bibliographic mark-up: Parsing metadata for XML export",
  booktitle =    "Proceedings of the 3rd. annual workshop on Librarians and Computers",
  series =       "LAC '10",
  editor =       "Reginald N. Smythe and Alexander Noble",
  volume =       "3",
  year =         "2010",
  publisher =    "Paparazzi Press",
  address =      "Milan Italy",
  pages =        "422--431",
  doi =          "99.9999/woot07-S422",
  url =          "http://dx.doi.org/99.0000/woot07-S422",
  number =       "",
  month =        "",
  organization = "",
  note =         "",
}

@Inproceedings{VanGundy07,
  author =       "Matthew Van Gundy and Davide Balzarotti and Giovanni Vigna",
  year =         "2007",
  title =        "Catch me, if you can: Evading network signatures with web-based polymorphic worms",
  booktitle =    "Proceedings of the first USENIX workshop on Offensive Technologies",
  series =       "WOOT '07",
  publisher =    "USENIX Association",
  address =      "Berkley, CA",
  articleno =    "7",
  numpages =     "9",
  editor =       "",
  volume =       "",
  number =       "",
  pages =        "",
  month =        "",
  organization = "",
  note =         "",
}

@Inproceedings{VanGundy08,
  author =       "Matthew Van Gundy and Davide Balzarotti and Giovanni Vigna",
  year =         "2008",
  title =        "Catch me, if you can: Evading network signatures with web-based polymorphic worms",
  booktitle =    "Proceedings of the first USENIX workshop on Offensive Technologies",
  series =       "WOOT '08",
  publisher =    "USENIX Association",
  address =      "Berkley, CA",
  articleno =    "7",
  numpages =     "2",
  editor =       "",
  volume =       "",
  number =       "",
  pages =        "99-100",
  month =        "",
  organization = "",
  note =         "",
}

@Inproceedings{VanGundy09,
  author =       "Matthew Van Gundy and Davide Balzarotti and Giovanni Vigna",
  year =         "2009",
  title =        "Catch me, if you can: Evading network signatures with web-based polymorphic worms",
  booktitle =    "Proceedings of the first USENIX workshop on Offensive Technologies",
  series =       "WOOT '09",
  publisher =    "USENIX Association",
  address =      "Berkley, CA",
  articleno =    "",
  numpages =     "",
  editor =       "",
  volume =       "",
  number =       "",
  pages =        "90--100",
  month =        "",
  organization = "",
  note =         "",
}

@Inproceedings{Andler79,
  author =       "Sten Andler",
  title =        "Predicate Path expressions",
  booktitle =    "Proceedings of the 6th. ACM SIGACT-SIGPLAN symposium on Principles of Programming Languages",
  series =       "POPL '79",
  year =         "1979",
  publisher =    "ACM Press",
  address =      "New York, NY",
  pages =        "226--236",
  doi =          "10.1145/567752.567774",
  url =          "http://doi.acm.org/10.1145/567752.567774",
  editor =       "",
  volume =       "",
  number =       "",
  month =        "",
  organization = "",
  note =         "",
}

@Techreport{Harel78,
  author =       "David Harel",
  year =         "1978",
  title =        "LOGICS of Programs: AXIOMATICS and DESCRIPTIVE POWER",
  institution =  "Massachusetts Institute of Technology",
  type =         "MIT Research Lab Technical Report",
  number =       "TR-200",
  address =      "Cambridge, MA",
  month =        "",
  note =         "",
}

@MASTERSTHESIS{anisi03,
author = {David A. Anisi},
title = {Optimal Motion Control of a Ground Vehicle},
school = {Royal Institute of Technology (KTH), Stockholm, Sweden},
intitution = {FOI-R-0961-SE, Swedish Defence Research Agency (FOI)},
year = {2003},
}


@Phdthesis{Clarkson85,
  author =       "Kenneth L. Clarkson",
  year =         "1985",
  title =        "Algorithms for Closest-Point Problems (Computational Geometry)",
  school =       "Stanford University",
  address =      "Palo Alto, CA",
  note =         "UMI Order Number: AAT 8506171",
  type =         "",
  month =        "",
}


@online{Thornburg01,
  author =       "Harry Thornburg",
  year =         "2001",
  title =        "Introduction to Bayesian Statistics",
  url =          "http://ccrma.stanford.edu/~jos/bayes/bayes.html",
  month =        mar,
  lastaccessed = "March 2, 2005",
}


@online{Ablamowicz07,
  author =       "Rafal Ablamowicz and Bertfried Fauser",
  year =         "2007",
  title =        "CLIFFORD: a Maple 11 Package for Clifford Algebra Computations, version 11",
  url =          "http://math.tntech.edu/rafal/cliff11/index.html",
  lastaccessed = "February 28, 2008",
}


@misc{Poker06,
  author =       "Poker-Edge.Com",
  year =         "2006",
  month =        mar,
  title =        "Stats and Analysis",
  lastaccessed = "June 7, 2006",
  url =          "http://www.poker-edge.com/stats.php",
}

@misc{Obama08,
  author        = "Barack Obama",
  year          = "2008",
  title         = "A more perfect union",
  howpublished  = "Video",
  day           = "5",
  url           = "http://video.google.com/videoplay?docid=6528042696351994555",
  month         = mar,
  lastaccessed  = "March 21, 2008",
  note          =  "",
}

@misc{JoeScientist001,
  author =       "Joseph Scientist",
  year =         "2009",
  title =        "The fountain of youth",
  note =         "Patent No. 12345, Filed July 1st., 2008, Issued Aug. 9th., 2009",
  url =          "",
  howpublished = "",
  month =        aug,
  lastaccessed = "",
}


@Inproceedings{Novak03,
  author =       "Dave Novak",
  title =        "Solder man",
  booktitle =    "ACM SIGGRAPH 2003 Video Review on Animation theater Program: Part I - Vol. 145 (July 27--27, 2003)",
  year =         "2003",
  publisher =    "ACM Press",
  address =      "New York, NY",
  pages =        "4",
  month =        "March 21, 2008",
  doi =          "99.9999/woot07-S422",
  url =          "http://video.google.com/videoplay?docid=6528042696351994555",
  note =         "",
  howpublished = "Video",
  editor =       "",
  volume =       "",
  number =       "",
  series =       "",
  organization = "",
}


@article{Lee05,
  author =       "Newton Lee",
  year =         "2005",
  title =        "Interview with Bill Kinder: January 13, 2005",
  journal =      "Comput. Entertain.",
  eid =          "4",
  volume =       "3",
  number =       "1",
  month =        "Jan.-March",
  doi =          "10.1145/1057270.1057278",
  url =          "http://doi.acm.org/10.1145/1057270.1057278",
  howpublished = "Video",
  note =         "",
}

@article{Rous08,
  author =       "Bernard Rous",
  year =         "2008",
  title =        "The Enabling of Digital Libraries",
  journal =      "Digital Libraries",
  volume =       "12",
  number =       "3",
  month =        jul,
  articleno =    "5",
  doi =          "",
  url =          "",
  howpublished = "",
  note =         "To appear",
}

@article{384253,
 author = {Werneck,, Renato and Setubal,, Jo\~{a}o and da Conceic\~{a}o,, Arlindo},
 title = {(old) Finding minimum congestion spanning trees},
 journal = {J. Exp. Algorithmics},
 volume = {5},
 year = {2000},
 issn = {1084-6654},
 pages = {11},
 doi = {http://doi.acm.org/10.1145/351827.384253},
 publisher = {ACM},
 address = {New York, NY, USA},
 }


@article{Werneck:2000:FMC:351827.384253,
 author = {Werneck, Renato and Setubal, Jo\~{a}o and da Conceic\~{a}o, Arlindo},
 title = {(new) Finding minimum congestion spanning trees},
 journal = {J. Exp. Algorithmics},
 volume = {5},
 month = dec,
 year = {2000},
 issn = {1084-6654},
 articleno = {11},
 url = {http://portal.acm.org/citation.cfm?id=351827.384253},
 doi = {10.1145/351827.384253},
 acmid = {384253},
 publisher = {ACM},
 address = {New York, NY, USA},
}

@article{1555162,
 author = {Conti, Mauro and Di Pietro, Roberto and Mancini, Luigi V. and Mei, Alessandro},
 title = {(old) Distributed data source verification in wireless sensor networks},
 journal = {Inf. Fusion},
 volume = {10},
 number = {4},
 year = {2009},
 issn = {1566-2535},
 pages = {342--353},
 doi = {http://dx.doi.org/10.1016/j.inffus.2009.01.002},
 publisher = {Elsevier Science Publishers B. V.},
 address = {Amsterdam, The Netherlands, The Netherlands},
 }

@article{Conti:2009:DDS:1555009.1555162,
 author = {Conti, Mauro and Di Pietro, Roberto and Mancini, Luigi V. and Mei, Alessandro},
 title = {(new) Distributed data source verification in wireless sensor networks},
 journal = {Inf. Fusion},
 volume = {10},
 number = {4},
 month = oct,
 year = {2009},
 issn = {1566-2535},
 pages = {342--353},
 numpages = {12},
 url = {http://portal.acm.org/citation.cfm?id=1555009.1555162},
 doi = {10.1016/j.inffus.2009.01.002},
 acmid = {1555162},
 publisher = {Elsevier Science Publishers B. V.},
 address = {Amsterdam, The Netherlands, The Netherlands},
 keywords = {Clone detection, Distributed protocol, Securing data fusion, Wireless sensor networks},
}

@inproceedings{Li:2008:PUC:1358628.1358946,
 author = {Li, Cheng-Lun and Buyuktur, Ayse G. and Hutchful, David K. and Sant, Natasha B. and Nainwal, Satyendra K.},
 title = {Portalis: using competitive online interactions to support aid initiatives for the homeless},
 booktitle = {CHI '08 extended abstracts on Human factors in computing systems},
 year = {2008},
 isbn = {978-1-60558-012-X},
 location = {Florence, Italy},
 pages = {3873--3878},
 numpages = {6},
 url = {http://portal.acm.org/citation.cfm?id=1358628.1358946},
 doi = {10.1145/1358628.1358946},
 acmid = {1358946},
 publisher = {ACM},
 address = {New York, NY, USA},
 keywords = {cscw, distributed knowledge acquisition, incentive design, online games, recommender systems, reputation systems, user studies, virtual community},
}

@book{Hollis:1999:VBD:519964,
 author = {Hollis, Billy S.},
 title = {Visual Basic 6: Design, Specification, and Objects with Other},
 year = {1999},
 isbn = {0130850845},
 edition = {1st},
 publisher = {Prentice Hall PTR},
 address = {Upper Saddle River, NJ, USA},
 }


@book{Goossens:1999:LWC:553897,
 author = {Goossens, Michel and Rahtz, S. P. and Moore, Ross and Sutor, Robert S.},
 title = {The  Latex Web Companion: Integrating TEX, HTML, and XML},
 year = {1999},
 isbn = {0201433117},
 edition = {1st},
 publisher = {Addison-Wesley Longman Publishing Co., Inc.},
 address = {Boston, MA, USA},
 }

% need to test genres for errant isbn output

% techreport
@techreport{897367,
 author = {Buss, Jonathan F. and Rosenberg, Arnold L. and Knott, Judson D.},
 title = {Vertex Types in Book-Embeddings},
 year = {1987},
 source = {http://www.ncstrl.org:8900/ncstrl/servlet/search?formname=detail\&id=oai%3Ancstrlh%3Aumass_cs%3Ancstrl.umassa_cs%2F%2FUM-CS-1987-018},
 publisher = {University of Massachusetts},
 address = {Amherst, MA, USA},
 }

@techreport{Buss:1987:VTB:897367,
 author = {Buss, Jonathan F. and Rosenberg, Arnold L. and Knott, Judson D.},
 title = {Vertex Types in Book-Embeddings},
 year = {1987},
 source = {http://www.ncstrl.org:8900/ncstrl/servlet/search?formname=detail\&id=oai%3Ancstrlh%3Aumass_cs%3Ancstrl.umassa_cs%2F%2FUM-CS-1987-018},
 publisher = {University of Massachusetts},
 address = {Amherst, MA, USA},
 }

% whole proceedings

@proceedings{Czerwinski:2008:1358628,
 author = {},
 note = {General Chair-Czerwinski, Mary and General Chair-Lund, Arnie and Program Chair-Tan, Desney},
 title = {CHI '08: CHI '08 extended abstracts on Human factors in computing systems},
 year = {2008},
 isbn = {978-1-60558-012-X},
 location = {Florence, Italy},
 order_no = {608085},
 publisher = {ACM},
 address = {New York, NY, USA},
 }

% phdthesis

@phdthesis{Clarkson:1985:ACP:911891,
 author = {Clarkson, Kenneth Lee},
 advisor = {Yao, Andrew C.},
 title = {Algorithms for Closest-Point Problems (Computational Geometry)},
 year = {1985},
 note = {AAT 8506171},
 school = {Stanford University},
 address = {Stanford, CA, USA},
 }
% school is being picked up -- but not publisher (which is OK)
% Also -- the title is NOT being output in italics !!! Arrrrgh! - I fixed it. :-)


%%% compare with 'old'
%%% atsign-Phdthesis{Clarkson85,
%%%  author =       "Kenneth L. Clarkson",
%%%  year =         "1985",
%%%  title =        "Algorithms for Closest-Point Problems (Computational Geometry)",
%%%  school =       "Stanford University",
%%%  address =      "Palo Alto, CA",
%%%  note =         "UMI Order Number: AAT 8506171",
%%%  type =         "",
%%%  month =        "",
%%%}

% A bibliography
@Article{1984:1040142,
 key = {{$\!\!$}},
 journal = {SIGCOMM Comput. Commun. Rev.},
 year = {1984},
 issn = {0146-4833},
 volume = {13-14},
 number = {5-1},
 issue_date = {January/April 1984},
 publisher = {ACM},
 address = {New York, NY, USA},
 }


% grinder
@inproceedings{2004:ITE:1009386.1010128,
 key = {IEEE},
 title = {IEEE TCSC Executive Committee},
 booktitle = {Proceedings of the IEEE International Conference on Web Services},
 series = {ICWS '04},
 year = {2004},
 isbn = {0-7695-2167-3},
 pages = {21--22},
 url = {http://dx.doi.org/10.1109/ICWS.2004.64},
 doi = {http://dx.doi.org/10.1109/ICWS.2004.64},
 acmid = {1010128},
 publisher = {IEEE Computer Society},
 address = {Washington, DC, USA},
}

% div book
@book{Mullender:1993:DS(:302430,
 editor = {Mullender, Sape},
 title = {Distributed systems (2nd Ed.)},
 year = {1993},
 isbn = {0-201-62427-3},
 publisher = {ACM Press/Addison-Wesley Publishing Co.},
 address = {New York, NY, USA},
 }

% master thesis (as techreport and thesis)

@techreport{Petrie:1986:NAD:899644,
 author = {Petrie, Charles J.},
 title = {New Algorithms for Dependency-Directed Backtracking (Master's thesis)},
 year = {1986},
 source = {http://www.ncstrl.org:8900/ncstrl/servlet/search?formname=detail\&id=oai%3Ancstrlh%3Autexas_cs%3AUTEXAS_CS%2F%2FAI86-33},
 publisher = {University of Texas at Austin},
 address = {Austin, TX, USA},
 }

@MASTERSTHESIS{Petrie:1986:NAD:12345,
 author = {Petrie, Charles J.},
 title = {New Algorithms for Dependency-Directed Backtracking (Master's thesis)},
 year = {1986},
 source = {http://www.ncstrl.org:8900/ncstrl/servlet/search?formname=detail\&id=oai%3Ancstrlh%3Autexas_cs%3AUTEXAS_CS%2F%2FAI86-33},
 school = {University of Texas at Austin},
 address = {Austin, TX, USA},
 }




@BOOK{book-minimal,
   author = "Donald E. Knuth",
   title = "Seminumerical Algorithms",
   publisher = "Addison-Wesley",
   year = "1981",
}

% incollection (has an editor, title, and possibly a booktitle)
@INcollection{KA:2001,
 author = {Kong, Wei-Chang},
 Title = {The implementation of electronic commerce in SMEs in Singapore (as Incoll)},
 booktitle = {E-commerce and cultural values},
 year = {2001},
 isbn = {1-59140-056-2},
 pages = {51--74},
 numpages = {24},
 url = {http://portal.acm.org/citation.cfm?id=887006.887010},
 acmid = {887010},
 publisher = {IGI Publishing},
 address = {Hershey, PA, USA},
}


% with bibfield 'type' before chapter (note no editor)
@INBOOK{KAGM:2001,
 author = {Kong, Wei-Chang},
 type = {Name of Chapter:},
 chapter = {The implementation of electronic commerce in SMEs in Singapore (Inbook-w-chap-w-type)},
 title = {E-commerce and cultural values},
 year = {2001},
 isbn = {1-59140-056-2},
 pages = {51--74},
 numpages = {24},
 url = {http://portal.acm.org/citation.cfm?id=887006.887010},
 acmid = {887010},
 publisher = {IGI Publishing},
 address = {Hershey, PA, USA},
}

%%% Notes! This is because the atsign-INBOOK citation type specifies EITHER
%%% editor or author, but not both. In my experiments with the harvard/dcu
%%% bibtex style (and presumably this applies to other styles too), bibtex
%%% ignores the editor information if author information exists in an
%%% atsign-INBOOK entry. atsign-INCOLLECTION is far more commonly used in my references,
%%% and in the absence of an editor I believe most bibtex styles will just
%%% ommit the editor from the reference - the chapter information will not
%%% end up in the in-text citation as you suggest it should be but at least
%%% there is a place to put the editor if necessary.



% was 'Inbook' -- changed to incollection - (editor is different to author) - need to tell Asad to codify as such.
@incollection{Kong:2002:IEC:887006.887010,
  author =      {Kong, Wei-Chang},
  editor =      {Theerasak Thanasankit},
  title =       {Chapter 9},
  booktitle =   {E-commerce and cultural values (Incoll-w-text (chap 9) 'title')},
  year =        {2002},
  address =     {Hershey, PA, USA},
  publisher =   {IGI Publishing},
  url =         {http://portal.acm.org/citation.cfm?id=887006.887010},
  pages =       {51--74},
  numpages =    {24},
  acmid =       {887010},
  isbn =        {1-59140-056-2},
  number =      "",
  type =        "",
  month =       "",
  note =        "",
}

% incol when the chapter is 'text' - due to presence of editor (different to author)
@incollection{Kong:2003:IEC:887006.887011,
 author = {Kong, Wei-Chang},
 title = {The implementation of electronic commerce in SMEs in Singapore (Incoll)},
 booktitle = {E-commerce and cultural values},
 editor = {Thanasankit, Theerasak},
 year = {2003},
 isbn = {1-59140-056-2},
 pages = {51--74},
 numpages = {24},
 url = {http://portal.acm.org/citation.cfm?id=887006.887010},
 acmid = {887010},
 publisher = {IGI Publishing},
 address = {Hershey, PA, USA},
}

% ------ test
%incollection{Kong:2003:IEC:887006.887010,
% author = {Kong, Wei-Chang},
% chapter = {The implementation of electronic commerce in SMEs in Singapore (Incoll-text-in-chap)},
% booktitle = {booktitle E-commerce and cultural values},
% title =   {The title},
% editor = {Thanasankit, Theerasak},
% year = {2003},
% isbn = {1-59140-056-2},
% pages = {51--74},
% numpages = {24},
% url = {http://portal.acm.org/citation.cfm?id=887006.887010},
% acmid = {887010},
% publisher = {IGI Publishing},
% address = {Hershey, PA, USA},
%}


% ---------





% Need inbook with num in chapter

% and inbook with number in chapter
@InBook{Kong:2004:IEC:123456.887010,
  author =      {Kong, Wei-Chang},
  editor =      {Theerasak Thanasankit},
  title =       {E-commerce and cultural values - (InBook-num-in-chap)},
  chapter =     {9},
  year =        {2004},
  address =     {Hershey, PA, USA},
  publisher =   {IGI Publishing},
  url =         {http://portal.acm.org/citation.cfm?id=887006.887010},
  pages =       {51--74},
  numpages =    {24},
  acmid =       {887010},
  isbn =        {1-59140-056-2},
  number =      "",
  type =        "",
  month =       "",
  note =        "",
}


% and inbook with text in chapter
@Inbook{Kong:2005:IEC:887006.887010,
  author =      {Kong, Wei-Chang},
  editor =      {Theerasak Thanasankit},
  title =       {E-commerce and cultural values (Inbook-text-in-chap)},
  chapter =     {The implementation of electronic commerce in SMEs in Singapore},
  year =        {2005},
  address =     {Hershey, PA, USA},
  publisher =   {IGI Publishing},
  url =         {http://portal.acm.org/citation.cfm?id=887006.887010},
  type =        {Chapter:},
  pages =       {51--74},
  numpages =    {24},
  acmid =       {887010},
  isbn =        {1-59140-056-2},
  number =      "",
  month =       "",
  note =        "",
}


% and inbook with a num and type field
@Inbook{Kong:2006:IEC:887006.887010,
  author =      {Kong, Wei-Chang},
  editor =      {Theerasak Thanasankit},
  title =       {E-commerce and cultural values (Inbook-num chap)},
  chapter =     {22},
  year =        {2006},
  address =     {Hershey, PA, USA},
  publisher =   {IGI Publishing},
  url =         {http://portal.acm.org/citation.cfm?id=887006.887010},
  type =        {Chapter (in type field)},
  pages =       {51--74},
  numpages =    {24},
  acmid =       {887010},
  isbn =        {1-59140-056-2},
  number =      "",
  month =       "",
  note =        "",
}


% and incol coz we have a BLANK chapter - due to presence of editor
%atIncollection{Kong:2006:IEC:887006.887011,
%  author =     {Kong, Wei-Chang},
%  editor =     {Theerasak Thanasankit},
%  title =      "The title"
%  booktitle =  {E-commerce and cultural values (Incol-coz-blank-chap)},
%  year =       {2006},
%  address =    {Hershey, PA, USA},
%  publisher =  {IGI Publishing},
%  url =        {http://portal.acm.org/citation.cfm?id=887006.887010},
%  type =       {Type!},
%  chapter =    {},
%  pages =      {51--74},
%  numpages =   {24},
%  acmid =      {887010},
%  isbn =       {1-59140-056-2},
%  number =     "",
%  month =      "",
%  note =       "",
%}

@article{SaeediMEJ10,
            author = {Mehdi Saeedi and Morteza Saheb Zamani and Mehdi Sedighi},
            title = {A library-based synthesis methodology for reversible logic},
            journal = {Microelectron. J.},
            volume = {41},
            number = {4},
            month = apr,
            year = {2010},
            pages = {185--194},
}

@ARTICLE{SaeediJETC10,
            author = {Mehdi Saeedi and Morteza Saheb Zamani and Mehdi Sedighi and Zahra Sasanian},
            title = {Synthesis of Reversible Circuit Using Cycle-Based Approach},
            journal = {J. Emerg. Technol. Comput. Syst.},
            volume = {6},
            number = {4},
            month = dec,
            year = {2010}
            }

% Asad's new version
@article{Kirschmer:2010:AEI:1958016.1958018,
 author = {Kirschmer, Markus and Voight, John},
 title = {Algorithmic Enumeration of Ideal Classes for Quaternion Orders},
 journal = {SIAM J. Comput.},
 issue_date = {January 2010},
 volume = {39},
 number = {5},
 month = jan,
 year = {2010},
 issn = {0097-5397},
 pages = {1714--1747},
 numpages = {34},
 url = {http://dx.doi.org/10.1137/080734467},
 doi = {https://doi.org/10.1137/080734467},
 acmid = {1958018},
 publisher = {Society for Industrial and Applied Mathematics},
 address = {Philadelphia, PA, USA},
 keywords = {ideal classes, maximal orders, number theory, quaternion algebras},
}


% incol due to presence of booktitle
@incollection{Hoare:1972:CIN:1243380.1243382,
 author = {Hoare, C. A. R.},
 title = {Chapter II: Notes on data structuring},
 booktitle = {Structured programming (incoll)},
 editor = {Dahl, O. J. and Dijkstra, E. W. and Hoare, C. A. R.},
 year = {1972},
 isbn = {0-12-200550-3},
 pages = {83--174},
 numpages = {92},
 url = {http://portal.acm.org/citation.cfm?id=1243380.1243382},
 acmid = {1243382},
 publisher = {Academic Press Ltd.},
 address = {London, UK, UK},
}

% incol due to presence of booktitle
@incollection{Lee:1978:TQA:800025.1198348,
 author = {Lee, Jan},
 title = {Transcript of question and answer session},
 booktitle = {History of programming languages I (incoll)},
 editor = {Wexelblat, Richard L.},
 year = {1981},
 isbn = {0-12-745040-8},
 pages = {68--71},
 numpages = {4},
 url = {http://doi.acm.org/10.1145/800025.1198348},
 doi = {http://doi.acm.org/10.1145/800025.1198348},
 acmid = {1198348},
 publisher = {ACM},
 address = {New York, NY, USA},
}

% incol due to booktitle
@incollection{Dijkstra:1979:GSC:1241515.1241518,
 author = {Dijkstra, E.},
 title = {Go to statement considered harmful},
 booktitle = {Classics in software engineering (incoll)},
 year = {1979},
 isbn = {0-917072-14-6},
 pages = {27--33},
 numpages = {7},
 url = {http://portal.acm.org/citation.cfm?id=1241515.1241518},
 acmid = {1241518},
 publisher = {Yourdon Press},
 address = {Upper Saddle River, NJ, USA},
}

% incol due to booktitle
@incollection{Wenzel:1992:TVA:146022.146089,
 author = {Wenzel, Elizabeth M.},
 title = {Three-dimensional virtual acoustic displays},
 booktitle = {Multimedia interface design (incoll)},
 year = {1992},
 isbn = {0-201-54981-6},
 pages = {257--288},
 numpages = {32},
 url = {http://portal.acm.org/citation.cfm?id=146022.146089},
 doi = {10.1145/146022.146089},
 acmid = {146089},
 publisher = {ACM},
 address = {New York, NY, USA},
}

% incol due to booktitle
@incollection{Mumford:1987:MES:54905.54911,
 author = {Mumford, E.},
 title = {Managerial expert systems and organizational change: some critical research issues},
 booktitle = {Critical issues in information systems research (incoll)},
 year = {1987},
 isbn = {0-471-91281-6},
 pages = {135--155},
 numpages = {21},
 url = {http://portal.acm.org/citation.cfm?id=54905.54911},
 acmid = {54911},
 publisher = {John Wiley \& Sons, Inc.},
 address = {New York, NY, USA},
}

@book{McCracken:1990:SSC:575315,
 author = {McCracken, Daniel D. and Golden, Donald G.},
 title = {Simplified Structured COBOL with Microsoft/MicroFocus COBOL},
 year = {1990},
 isbn = {0471514071},
 publisher = {John Wiley \& Sons, Inc.},
 address = {New York, NY, USA},
}

% Let's include Boris / BBeeton entries  (multi-volume works)

@book {MR781537,
    AUTHOR = {H{\"o}rmander, Lars},
     TITLE = {The analysis of linear partial differential operators. {III}},
    SERIES = {Grundlehren der Mathematischen Wissenschaften [Fundamental
              Principles of Mathematical Sciences]},
    VOLUME = {275},
      NOTE = {Pseudodifferential operators},
PUBLISHER = {Springer-Verlag},
   ADDRESS = {Berlin, Germany},
      YEAR = {1985},
     PAGES = {viii+525},
      ISBN = {3-540-13828-5},
   MRCLASS = {35-02 (35Sxx 47G05 58G15)},
  MRNUMBER = {781536 (87d:35002a)},
MRREVIEWER = {Min You Qi},
}

@book {MR781536,
    AUTHOR = {H{\"o}rmander, Lars},
     TITLE = {The analysis of linear partial differential operators. {IV}},
    SERIES = {Grundlehren der Mathematischen Wissenschaften [Fundamental
              Principles of Mathematical Sciences]},
    VOLUME = {275},
      NOTE = {Fourier integral operators},
PUBLISHER = {Springer-Verlag},
   ADDRESS = {Berlin, Germany},
      YEAR = {1985},
     PAGES = {vii+352},
      ISBN = {3-540-13829-3},
   MRCLASS = {35-02 (35Sxx 47G05 58G15)},
  MRNUMBER = {781537 (87d:35002b)},
MRREVIEWER = {Min You Qi},
}

%%%%%%%%%%%%%%%%%%%%%% Start of Aptara sample bib entries

% acmsmall-sam.bib
@InProceedings{Adya-01,
  author        = {A. Adya and P. Bahl and J. Padhye and A.Wolman and L. Zhou},
  title         = {A multi-radio unification protocol for {IEEE} 802.11 wireless networks},
  booktitle     = {Proceedings of the IEEE 1st International Conference on Broadnets Networks (BroadNets'04)},
  publisher     = "IEEE",
  address       = "Los Alamitos, CA",
  year          = {2004},
  pages         = "210--217"
}

@article{Akyildiz-01,
  author        = {I. F. Akyildiz and W. Su and Y. Sankarasubramaniam and E. Cayirci},
  title         = {Wireless Sensor Networks: A Survey},
  journal       = {Comm. ACM},
  volume        = 38,
  number        = "4",
  year          = {2002},
  pages         = "393--422"
}

@article{Akyildiz-02,
  author        = {I. F. Akyildiz and T. Melodia and K. R. Chowdhury},
  title         = {A Survey on Wireless Multimedia Sensor Networks},
  journal       = {Computer Netw.},
  volume        = 51,
  number        = "4",
  year          = {2007},
  pages         = "921--960"
}

@InProceedings{Bahl-02,
  author        = {P. Bahl and R. Chancre and J. Dungeon},
  title         = {{SSCH}: Slotted Seeded Channel Hopping for Capacity Improvement in {IEEE} 802.11 Ad-Hoc Wireless Networks},
  booktitle     = {Proceeding of the 10th International Conference on Mobile Computing and Networking (MobiCom'04)},
  publisher     = "ACM",
  address       = "New York, NY",
  year          = {2004},
  pages         = "112--117"
}

@misc{CROSSBOW,
  key       = {CROSSBOW},
  title     = {{XBOW} Sensor Motes Specifications},
  note      = {http://www.xbow.com},
  year      = 2008
}

@article{Culler-01,
  author        = {D. Culler and D. Estrin and M. Srivastava},
  title         = {Overview of Sensor Networks},
  journal       = {IEEE Comput.},
  volume        = 37,
  number        = "8 (Special Issue on Sensor Networks)",
  publisher     = "IEEE",
  address       = "Los Alamitos, CA",
  year          = {2004},
  pages         = "41--49"
}

@misc{Harvard-01,
    key         = {Harvard CodeBlue},
    title       = {{CodeBlue}: Sensor Networks for Medical Care},
    note        = {http://www.eecs.harvard.edu/mdw/ proj/codeblue/},
    year        = 2008
}

@InProceedings{Natarajan-01,
    author      = {A. Natarajan and M. Motani and B. de Silva and K. Yap and K. C. Chua},
    title       = {Investigating Network Architectures for Body Sensor Networks},
    booktitle   = {Network Architectures},
    editor      = {G. Whitcomb and P. Neece},
    publisher   = "Keleuven Press",
    address     = "Dayton, OH",
    year        = {2007},
    pages       = "322--328",
    eprint      = "960935712",
    primaryclass = "cs",
}

@techreport{Tzamaloukas-01,
  author        = {A. Tzamaloukas and J. J. Garcia-Luna-Aceves},
  title         = {Channel-Hopping Multiple Access},
  number =        {I-CA2301},
  institution =   {Department of Computer Science, University of California},
  address =       {Berkeley, CA},
  year          = {2000}
}

@BOOK{Zhou-06,
  author        = {G. Zhou and J. Lu and C.-Y. Wan and M. D. Yarvis and J. A. Stankovic},
  title         = {Body Sensor Networks},
  publisher     = "MIT Press",
  address       = "Cambridge, MA",
  year          = {2008}
}

@mastersthesis{ko94,
author = "Jacob Kornerup",
title = "Mapping Powerlists onto Hypercubes",
school = "The University of Texas at Austin",
note = "(In preparation)",
year = "1994"}
%month = "dec",}

@PhdThesis{gerndt:89,
  author =       "Michael Gerndt",
  title =        "Automatic Parallelization for Distributed-Memory
                  Multiprocessing Systems",
  school =       "University of Bonn",
  year =         1989,
  address =      "Bonn, Germany",
  month =        dec
}

@article{6:1:1,
author = "J. E. {Archer, Jr.} and R. Conway and F. B. Schneider",
title = "User recovery and reversal in interactive systems",
journal = "ACM Trans. Program. Lang. Syst.",
volume =  "6",
number = "1",
month = jan,
year = 1984,
pages = "1--19"}

@article{7:1:137,
author = "D. D. Dunlop and V. R. Basili",
title = "Generalizing specifications for uniformly implemented loops",
journal = "ACM Trans. Program. Lang. Syst.",
volume =  "7",
number = "1",
month = jan,
year = 1985,
pages = "137--158"}

@article{7:2:183,
author = "J. Heering and P. Klint",
title = "Towards monolingual programming environments",
journal = "ACM Trans. Program. Lang. Syst.",
volume =  "7",
number = "2",
month = apr,
year = 1985,
pages = "183--213"}

@book{knuth:texbook,
author = "Donald E. Knuth",
title = "The {\TeX{}book}",
publisher = "Addison-Wesley",
address = "Reading, MA.",
year = 1984}

@article{6:3:380,
author = "E. Korach and D.  Rotem and N. Santoro",
title = "Distributed algorithms for finding centers and medians in networks",
journal = "ACM Trans. Program. Lang. Syst.",
volume =  "6",
number = "3",
month = jul,
year = 1984,
pages = "380--401"}

@book{lamport:latex,
author = "Leslie Lamport",
title = "\it {\LaTeX}: A Document Preparation System",
publisher = "Addison-Wesley",
address = "Reading, MA.",
year = 1986}

@article{7:3:359,
author = "F. Nielson",
title = "Program transformations in a denotational setting",
journal = "ACM Trans. Program. Lang. Syst.",
volume =  "7",
number = "3",
month = jul,
year = 1985,
pages = "359--379"}

%testing
@BOOK{test,
   author = "Donald E. Knuth",
   title = "Seminumerical Algorithms",
   volume = 2,
   series = "The Art of Computer Programming",
   publisher = "Addison-Wesley",
   address = "Reading, MA",
   edition = "2nd",
   month = "10~" # jan,
   year = "1981",
}

@inproceedings{reid:scribe,
author = "Brian K. Reid",
title = "A high-level approach to computer document formatting",
booktitle = "Proceedings of the 7th Annual Symposium on Principles of
  Programming Languages",
month = jan,
year = 1980,
publisher = "ACM",
address = "New York",
pages = "24--31"}

@article{Zhou:2010:MMS:1721695.1721705,
 author = {Zhou, Gang and Wu, Yafeng and Yan, Ting and He, Tian and Huang, Chengdu and Stankovic, John A. and Abdelzaher, Tarek F.},
 title = {A multifrequency MAC specially designed for wireless sensor network applications},
 journal = {ACM Trans. Embed. Comput. Syst.},
 issue_date = {March 2010},
 volume = 9,
 number = 4,
 month = {April},
 year = 2010,
 issn = {1539-9087},
 pages = {39:1--39:41},
 articleno = 39,
 numpages = 41,
 url = {http://doi.acm.org/10.1145/1721695.1721705},
 doi = {10.1145/1721695.1721705},
 acmid = 1721705,
 publisher = {ACM},
 address = {New York, NY, USA},
 keywords = {Wireless sensor networks, media access control, multi-channel, radio interference, time synchronization},
}


@online{TUGInstmem,
  key =          {TUG},
  year  =        2017,
  title =        "Institutional members of the {\TeX} Users Group",
  url =          "http://wwtug.org/instmem.html",
  lastaccessed = "May 27, 2017",
}

@online{CTANacmart,
  author =    {Boris Veytsman},
  title =  {acmart---{C}lass for typesetting publications of {ACM}},
  url =    {http://www.ctan.org/pkg/acmart},
  lastaccessed = {May 27, 2017}
  }

@ARTICLE{bowman:reasoning,
    author = {Bowman, Mic and Debray, Saumya K. and Peterson, Larry L.},
    title = {Reasoning About Naming Systems},
    journal = {ACM Trans. Program. Lang. Syst.},
    volume = {15},
    number = {5},
    pages = {795-825},
    month = {November},
    year = {1993},
    doi = {10.1145/161468.161471},
}

@ARTICLE{braams:babel,
    author = {Braams, Johannes},
    title = {Babel, a Multilingual Style-Option System for Use with LaTeX's Standard Document Styles},
    journal = {TUGboat},
    volume = {12},
    number = {2},
    pages = {291-301},
    month = {June},
    year = {1991},
}

@INPROCEEDINGS{clark:pct,
  AUTHOR = "Malcolm Clark",
  TITLE = "Post Congress Tristesse",
  BOOKTITLE = "TeX90 Conference Proceedings",
  PAGES = "84-89",
  ORGANIZATION = "TeX Users Group",
  MONTH = "March",
  YEAR = {1991}
}

@ARTICLE{herlihy:methodology,
    author = {Herlihy, Maurice},
    title = {A Methodology for Implementing Highly Concurrent Data Objects},
    journal = {ACM Trans. Program. Lang. Syst.},
    volume = {15},
    number = {5},
    pages = {745-770},
    month = {November},
    year = {1993},
    doi = {10.1145/161468.161469},
}

@BOOK{salas:calculus,
  AUTHOR = "S.L. Salas and Einar Hille",
  TITLE = "Calculus: One and Several Variable",
  PUBLISHER = "John Wiley and Sons",
  ADDRESS = "New York",
  YEAR = "1978"
}

@MANUAL{Fear05,
  title =        {Publication quality tables in {\LaTeX}},
  author =       {Simon Fear},
  month =        {April},
  year =         2005,
  note =         {\url{http://www.ctan.org/pkg/booktabs}}
}

@Manual{Amsthm15,
  title =        {Using the amsthm Package},
  organization = {American Mathematical Society},
  month =        {April},
  year =         2015,
  note =         {\url{http://www.ctan.org/pkg/amsthm}}
}

@misc{Vuzix,
  key = {Vuzix},
  title = {Vuzix},
  year =         2024,
  howpublished = {\url{https://www.vuzix.com/}},
  note = {Accessed: 2024-02-28}}

@misc{Meta,
  key = {Meta},
  title = {Meta},
  year = 2024,
  howpublished = {\url{https://www.metavision.com//}},
  note = {Accessed: 2024-02-28}}

@misc{Google,
  key = {Google},
  title = {Google glass},
  year = 2024,
  howpublished = {\url{http://www.google.com/glass/start/}},
  note = {Accessed: 2024-02-28}}
  
@inproceedings{Gungor2014SIU,
 author = {G\"{u}ng\"{o}r, Cengiz and Kurt, Murat},
 title = {Improving Visual Perception of Augmented Reality on Mobile Devices with 3D Red-Cyan Glasses},
 booktitle = {Proceedings of the IEEE 22nd Signal Processing and Communications Applications Conference},
 series = {SIU '14},
 year = {2014},
 address = {Trabzon, Turkey},
 pages = {1706--1709},
 numpages = {4},
 month = {April}, 
 publisher = {IEEE}}
 
 
@inproceedings{Huma2015,
    author = {Shoaib, Huma and Jaffry, S. Waqar},
    title = {A Survey of Augmented Reality},
     booktitle = {Proceedings of the International Conference on Virtual and Augmented Reality},
     series = {ICVAR 2015},
     year = {2015},
     address = {Singapore},
     pages = {1706--1709},
     numpages = {9},
     month = {January}, 
     publisher = {IEEE}}
    
@article{azuma1997survey,
  title={A survey of augmented reality},
  author={Azuma, Ronald T},
  journal={Presence: Teleoperators and virtual environments},
  volume={6},
  number={4},
  pages={355--385},
  year={1997}}

@book{Cawood2008,
    title       = {Augmented Reality: A Practical Guide},
    author      = {Cawood, S. and Fiala, M.},
    year        = {2008},
    publisher   = {Pragmatic Bookshelf},
    isbn        = {9781934356036}}

@inproceedings{Broschart2014,
    title       = {ARchitecture-Augmented Reality Techniques and Use Cases in Architecture and Urban Planning},
    author      = {Broschart, Daniel and Zeile, Peter},
    booktitle   = {Proceedings of REAL CORP 2014},
    year        = {2014},
    month       = {May},
    pages       = {75--82},
    location    = {Vienna, Austria},
    isbn        = {9783950311075}}

@inproceedings{Sutherland1968,
    title       = {A Head-Mounted Three Dimensional Display},
    author      = {Sutherland, I. E.},
    booktitle   = {Proceedings of the Fall Joint Computer Conference},
    pages       = {757--764},
    doi         = {10.1145/1476589.1476686},
    year        = {1968},
    month       = {December},
    series      = {AFIPS '68 (Fall, part I)},
    location    = {San Francisco, California},
    publisher   = {ACM},
    address     = {New York, NY, USA}}

@online{Doppler,
    title       = {Handheld Augmented Reality},
    author      = {{Christian Doppler Laboratory}},
    url         = {http://studierstube.icg.tugraz.at/handheld_ar},
    year        = {2014},
    month       = {January}}

@misc{ARToolKit,
    key             = {ARToolKit},
    year            = 2024,
    title           = {ARToolKit Augmented Reality},
    howpublished    = {\url{http://artoolkit.org/documentation/doku.php?id=3_Marker_Training:marker_about}}}

@misc{AppleVisionPro,
    key             = {Apple},
    year            = 2024,
    title           = {Apple Vision Pro User Guide},
    howpublished    = {\url{https://support.apple.com/tr-tr/guide/apple-vision-pro/welcome/visionos}}}



@INPROCEEDINGS{Garland97,
    AUTHOR       = {Garland, Michael and Heckbert, Paul S.},
    TITLE        = {Surface Simplification Using Quadric Error Metrics},
    BOOKTITLE    = {Proceedings of SIGGRAPH '97},
    YEAR         = {1997},
    ISBN         = {0-89791-896-7},
    PAGES        = {209--216},
    NUMPAGES     = {8},
    URL          = {http://dx.doi.org/10.1145/258734.258849},
    DOI          = {10.1145/258734.258849},
    ACMID        = {258849},
    PUBLISHER    = {ACM Press/Addison-Wesley Publishing Co.},
    ADDRESS      = {New York, NY, USA}} 

@ARTICLE{Ashikhmin00,
    AUTHOR       = {Michael Ashikhmin and Peter Shirley},
    TITLE        = {An Anisotropic {P}hong {BRDF} Model},
    JOURNAL      = {Journal of Graphics Tools},
    VOLUME       = {5},
    NUMBER       = {2},
    URL          = {http://dx.doi.org/10.1080/10867651.2000.10487522},
    PAGES        = {25-32},
    YEAR         = {2000}}

@ARTICLE{Bagher12,
    AUTHOR       = {Bagher, M., Mahdi and Soler, Cyril and Holzschuch, Nicolas},
    TITLE        = {{Accurate fitting of measured reflectances using a Shifted Gamma micro-facet distribution}},
    JOURNAL      = {Computer Graphics Forum},
    PUBLISHER    = {Blackwell Publishing},
    VOLUME       = {31},
    NUMBER       = {4},
    PAGES        = {1509-1518},
    YEAR         = {2012},
    URL          = {http://dx.doi.org/10.1111/j.1467-8659.2012.03147.x},
    MONTH        = Jun,
    NOTE         = {(Proc. Eurographics Symp. Rendering '12)}}

@ARTICLE{Bilgili2011,
	AUTHOR       = {Ahmet Bilgili and Ayd{\i}n {\"O}zt{\"u}rk and Murat Kurt},
	TITLE        = {A General {BRDF} Representation Based on Tensor Decomposition},
	JOURNAL      = {Computer Graphics Forum},
	VOLUME       = {30},	
    NUMBER       = {8},
    URL          = {http://dx.doi.org/10.1111/j.1467-8659.2011.02072.x},
    YEAR         = {2011},
    PAGES        = {2427-2439}}

@INPROCEEDINGS{Blinn77,
	AUTHOR = {James F. Blinn},
	TITLE = {Models of light reflection for computer synthesized pictures},
	BOOKTITLE = {Proceedings of SIGGRAPH '77},
    URL = {http://doi.acm.org/10.1145/563858.563893},
	PAGES = {192-198},
	YEAR = {1977}}

@ARTICLE{Bonneel11,
    AUTHOR       = {Bonneel, Nicolas and van de Panne, Michiel and Paris, Sylvain and Heidrich, Wolfgang},
    TITLE        = {Displacement interpolation using Lagrangian mass transport},
    JOURNAL      = {ACM Transactions on Graphics},
    VOLUME       = {30},
    NUMBER       = {6},
    YEAR         = {2011},
    ISSN         = {0730-0301},
    PAGES        = {158:1--158:12},
    NOTE         = {(Proc. SIGGRAPH Asia '11)},
    URL          = {http://doi.acm.org/10.1145/2070781.2024192},
    PUBLISHER    = {ACM},
    ARTICLENO    = {158},
    NUMPAGES     = {12}}

@INPROCEEDINGS{Claustres02,
    AUTHOR       = {Luc Claustres and Yannick Boucher and Mathias Paulin},
    TITLE        = {Spectral {BRDF} modeling using wavelets},
    BOOKTITLE    = {Proc. of SPIE},
    YEAR         = {2002},
    PUBLISHER    = {SPIE},
    PAGES        = {33--43}}

@ARTICLE{Claustres03,
    AUTHOR       = {Claustres, L. and Paulin, M. and Boucher, Y.},
    TITLE        = {{BRDF} Measurement Modelling using Wavelets for Efficient Path Tracing},
    JOURNAL      = {Computer Graphics Forum},
    VOLUME       = {22},
    NUMBER       = {4},
    PUBLISHER    = {Blackwell Publishing, Inc},
    ISSN         = {1467-8659},
    PAGES        = {701--716},
    KEYWORDS     = {BRDF, wavelets, path tracing, global illumination},
    YEAR         = {2003}}

@ONLINE{Cgdb12,
    AUTHOR       = {Window Optics},
    TITLE        = {The Complex Glazing Data Base},
    MONTH        = {April},
    YEAR         = {2012},
    NOTE         = {\url{http://windowoptics.lbl.gov/data/cgdb}}}

@ARTICLE{Cook81,
    AUTHOR       = {Robert L. Cook and Kenneth E. Torrance},
    TITLE        = {A reflectance model for computer graphics},
    JOURNAL      = {Computer Graphics},
    VOLUME       = {15},
    NUMBER       = {3},
    YEAR         = {1981},
    ISSN         = {0097-8930},
    PAGES        = {307--316},
    URL          = {http://doi.acm.org/10.1145/357290.357293},
    PUBLISHER    = {ACM},
    NOTE         = {(Proc. SIGGRAPH '81)}}

@ARTICLE{Daietal09,
    AUTHOR       = {Qiang Dai and Jiaping Wang and Yiming Liu and John Snyder and Enhua Wu and Baining Guo},
    TITLE        = {The Dual-microfacet Model for Capturing Thin Transparent Slabs},
    JOURNAL      = {Computer Graphics Forum},
    VOLUME       = {28},
    NUMBER       = {7},
    NOTE         = {(Proc. Pacific Graphics '09)},
    URL          = {http://dx.doi.org/10.1111/j.1467-8659.2009.01570.x},
    YEAR         = {2009},
    PAGES        = {1917-1925}}

@ARTICLE{Dana99,
    AUTHOR       = {Dana, Kristin J. and van Ginneken, Bram and Nayar, Shree K. and Koenderink, Jan J.},
    TITLE        = {Reflectance and texture of real-world surfaces},
    JOURNAL      = {ACM Transactions on Graphics},
    ISSUE_DATE   = {Jan. 1999},
    VOLUME       = {18},
    NUMBER       = {1},
    MONTH        = jan,
    YEAR         = {1999},
    ISSN         = {0730-0301},
    PAGES        = {1--34},
    NUMPAGES     = {34},
    ACMID        = {300778},
    PUBLISHER    = {ACM},
    ADDRESS      = {New York, NY, USA}}

@ARTICLE{deRousiers12,
   AUTHOR       = {de Rousiers, Charles and Bousseau, Adrien and Subr, Kartic and Holzschuch, Nicolas and Ramamoorthi, Ravi},
   TITLE        = {{Real-Time Rendering of Rough Refraction}},
   JOURNAL      = {{IEEE Transactions on Visualization and Computer Graphics}},
   PUBLISHER    = {IEEE Educational Activities Department},
   URL          = {http://doi.ieeecomputersociety.org/10.1109/CGIV.2013.14},
   VOLUME       = {18},
   NUMBER       = {10},
   PAGES        = {1591-1602},
   YEAR         = {2012},
   MONTH        = Oct,
   }

@ARTICLE{Donner05,
    AUTHOR       = {Donner, Craig and Jensen, Henrik Wann},
    TITLE        = {Light diffusion in multi-layered translucent materials},
    JOURNAL      = {ACM Transactions on Graphics},
    ISSUE_DATE   = {July 2005},
    VOLUME       = {24},
    NUMBER       = {3},
    MONTH        = jul,
    NOTE         = {(Proc. SIGGRAPH '05)},
    YEAR         = {2005},
    ISSN         = {0730-0301},
    PAGES        = {1032--1039},
    URL          = {http://doi.acm.org/10.1145/1073204.1073308},
    NUMPAGES     = {8},
    PUBLISHER    = {ACM},
    ADDRESS      = {New York, NY, USA}}

@ARTICLE{Edwards06,
	AUTHOR       = {Dave Edwards and Solomon Boulos and Jared Johnson and Peter Shirley and Michael Ashikhmin and Michael Stark and Chris Wyman},
	TITLE        = {The halfway vector disk for {BRDF} modeling},
	JOURNAL      = {ACM Transactions on Graphics},
	VOLUME       = {25},	
    NUMBER       = {1},
    URL          = {http://doi.acm.org/10.1145/1122501.1122502},
    YEAR         = {2006},	
    PAGES        = {1-18}}

@ARTICLE{Galasiu08,
    AUTHOR       = {A.D. Galasiu and C.F. Reinhart},
    TITLE        = {Current Daylighting Design Practice: A Survey},
    JOURNAL      = {Building Research \& Information},
    VOLUME       = {36},
    NUMBER       = {2},
    PAGES        = {159-174},
    YEAR         = {2008}}

@ARTICLE{Gayeski09,
    AUTHOR       = {N. Gayeski and E. Stokes and M. Andersen},
    TITLE        = {Using digital cameras as quasi-spectral radiometers to study complex fenestration systems},
    JOURNAL      = {Lighting Research and Technology},
    VOLUME       = {41},
    NUMBER       = {1},
    PAGES        = {7-25},
    YEAR         = {2009}}

@ARTICLE{GeislerDur10,
    AUTHOR       = {David Geisler-Moroder and Arne D{\"u}r},
    TITLE        = {A New Ward {BRDF} Model with Bounded Albedo},
    JOURNAL      = {Computer Graphics Forum},
    VOLUME       = {29},
    NUMBER       = {4},
    YEAR         = {2010},
    URL          = {http://dx.doi.org/10.1111/j.1467-8659.2010.01735.x},
    PAGES        = {1391-1398},
    NOTE         = {(Proc. Eurographics Symp. Rendering '10)}}

@ARTICLE{Gotsman96,
    AUTHOR       = {Craig Gotsman and Michael Lindenbaum},
    TITLE        = {On the Metric Properties of Discrete Space-Filling Curves},
    JOURNAL      = {IEEE Transactions on Images Processing},
    VOLUME       = {5},
    NUMBER       = {5},
    PAGES        = {794-797},
    YEAR         = {1996}}

@inproceedings{Ghosh2007,
    author = {Ghosh, Abhijeet and Achutha, Shruthi and Heidrich, Wolfgang and O'Toole, Matthew},
    booktitle = {Proc. of International Conference on Computer Vision},
    citeulike-article-id = {5982259},
    citeulike-linkout-0 = {http://www.cs.virginia.edu/\~{}mjh7v/bib/Ghosh07.pdf},
    keywords = {acquisition, file-import-09-10-21},
    pages = {1--8},
    posted-at = {2009-10-21 18:33:59},
    URL          = {http://doi.ieeecomputersociety.org/10.1109/ICCV.2007.4408935},
    priority = {0},
    title = {{BRDF} Acquisition with Basis Illumination},
    year = {2007}
}

@INPROCEEDINGS{Guetal07,
    AUTHOR       = {Jinwei Gu and Ravi Ramamoorthi and Peter N. Belhumeur and Shree K. Nayar},
    TITLE        = {Dirty Glass: Rendering Contamination on Transparent Surfaces},
    BOOKTITLE    = {Proceedings of the Eurographics Symposium on Rendering Techniques},
    YEAR         = {2007},
    PAGES        = {159--170},
    url          = {http://dx.doi.org/10.2312/EGWR/EGSR07/159-170},
    ADDRESS      = {Grenoble, France},
    PUBLISHER    = {Eurographics Association}}

@INPROCEEDINGS{Hanrahan93,
    AUTHOR       = {Hanrahan, Pat and Krueger, Wolfgang},
    TITLE        = {Reflection from Layered Surfaces Due to Subsurface Scattering},
    BOOKTITLE    = {Proc. SIGGRAPH '93},
    YEAR         = {1993},
    PAGES        = {165--174},
    NUMPAGES     = {10},
    ACMID        = {166139},
    URL          = {http://doi.acm.org/10.1145/166117.166139},
    PUBLISHER    = {ACM},
    KEYWORDS     = {Monte Carlo, integral equations, reflection models}}


@ARTICLE{He91,
    AUTHOR       = {Xiao D. He and Kenneth E. Torrance and Fran\c{c}ois X. Sillion and Donald P. Greenberg},
    TITLE        = {A comprehensive physical model for light reflection},
    JOURNAL      = {Computer Graphics},
    VOLUME       = {25},
    NUMBER       = {4},
    YEAR         = {1991},
    ISSN         = {0097-8930},
    PAGES        = {175--186},
    URL          = {http://doi.acm.org/10.1145/122718.122738},
    PUBLISHER    = {ACM},
    NOTE         = {(Proc. SIGGRAPH '91)}}

@INPROCEEDINGS{Jensen01,
    AUTHOR       = {Jensen, Henrik Wann and Marschner, Stephen R. and Levoy, Marc and Hanrahan, Pat},
    TITLE        = {A practical model for subsurface light transport},
    BOOKTITLE    = {Proc. SIGGRAPH '01},
    YEAR         = {2001},
    ISBN         = {1-58113-374-X},
    PAGES        = {511--518},
    NUMPAGES     = {8},
    ACMID        = {383319},
    PUBLISHER    = {ACM},
    KEYWORDS     = {BSSRDF, diffusion theory, light transport, realistic image synthesis, reflection models, subsurface scattering}}

@ARTICLE{Kajiya86,
    AUTHOR       = {James T. Kajiya},
    TITLE        = {The rendering equation},
    JOURNAL      = {Computer Graphics},
    VOLUME       = {20},
    NUMBER       = {4},
    YEAR         = {1986},
    PAGES        = {143--150},
    PUBLISHER    = {ACM},
    NOTE         = {(Proc. SIGGRAPH '86)}}

@ARTICLE{Kirk91,
    AUTHOR       = {Kirk, David and Arvo, James},
    TITLE        = {Unbiased sampling techniques for image synthesis},
    JOURNAL      = {Computer Graphics},
    ISSUE_DATE   = {1991},
    VOLUME       = {25},
    NUMBER       = {4},
    MONTH        = jul,
    YEAR         = {1991},
    ISSN         = {0097-8930},
    PAGES        = {153--156},
    NUMPAGES     = {4},
    ACMID        = {122735},
    PUBLISHER    = {ACM},
    KEYWORDS     = {Monte Carlo, adaptive sampling, antialiasing, statistical bias}}

@ARTICLE{Klems94,
    AUTHOR       = {J.H. Klems},
    TITLE        = {A new method for predicting the solar heat gain of complex fenestration systems},
    JOURNAL      = {ASHRAE Transactions},
    VOLUME       = {100},
    NUMBER       = {1},
    YEAR         = {1994},
    PAGES        = {1065-1086}}

@INPROCEEDINGS{Lafortune97,
	AUTHOR       = {Eric P. Lafortune and Sing-Choong Foo and Kenneth E. Torrance and Donald P. Greenberg},
	TITLE        = {Non-Linear Approximation of Reflectance Functions},
	BOOKTITLE    = {Proc. SIGGRAPH '97},
    ISBN         = {0-89791-896-7},
    URL          = {http://dx.doi.org/10.1145/258734.258801},
	PAGES        = {117-126},
	YEAR         = {1997}}

@ARTICLE{Lawrence04,
    AUTHOR       = {Jason Lawrence and Szymon Rusinkiewicz and Ravi Ramamoorthi},
    TITLE        = {Efficient {BRDF} importance sampling using a factored representation},
    JOURNAL      = {ACM Transactions on Graphics},
    VOLUME       = {23},
    NUMBER       = {3},
    YEAR         = {2004},
    ISSN         = {0730-0301},
    PAGES        = {496-505},
    URL          = {http://doi.acm.org/10.1145/1015706.1015751},
    NOTE         = {(Proc. SIGGRAPH '04)},
    PUBLISHER    = {ACM}}

@BOOK{Lebedev03,
    TITLE        = {Tensor analysis},
    AUTHOR       = {Lebedev, L.P. and Cloud, M.J.},
    ISBN         = {9789812383600},
    LCCN         = {2003050151},
    YEAR         = {2003},
    PUBLISHER    = {World Scientific Pub.}}

@ARTICLE{Lott08,
    AUTHOR       = {Lott, John},
    TITLE        = {Some geometric calculations on Wasserstein space},
    LANGUAGE     = {English},
    JOURNAL      = {Commun. Math. Phys.},
    VOLUME       = {277},
    NUMBER       = {2},
    PAGES        = {423-437},
    YEAR         = {2008}}

@ARTICLE{Mantiuk11,
    AUTHOR       = {Rafal Mantiuk and Kil Joong Kim and Allan G. Rempel and Wolfgang Heidrich},
    TITLE        = {{HDR-VDP-2}: A calibrated visual metric for visibility and quality predictions in all luminance conditions},
    JOURNAL      = {ACM Transactions on Graphics},
    VOLUME       = {30},
    NUMBER       = {4},
    YEAR         = {2011},
    ISSN         = {0730-0301},
    PAGES        = {40:1--40:14},
    url          = {http://doi.acm.org/10.1145/2010324.1964935},
    NOTE         = {(Proc. SIGGRAPH '11)},
    PUBLISHER    = {ACM},
    ARTICLENO    = {40},
    NUMPAGES     = {14}}

@INPROCEEDINGS{Marschner99,
    TITLE        = {Image-Based BRDF Measurement Including Human Skin},
    AUTHOR       = {Marschner, Stephen R. and Westin, Stephen H. and Lafortune, Eric P. and Torrance, Kenneth E. and Greenberg, Donald P.},
    BOOKTITLE    = {Proc. of the EG Workshop on Rendering},
    DATE         = {2003-04-03},
    ISBN         = {3-211-83382-X},
    KEYWORDS     = {dblp},
    PAGES        = {131-144},
    YEAR         = {1999}}

@ARTICLE{Matusik03,
	AUTHOR       = {Wojciech Matusik and Hanspeter Pfister and Matt Brand and Leonard McMillan},
	TITLE        = {A data-driven reflectance model},
	JOURNAL      = {ACM Transactions on Graphics},
	VOLUME       = {22},	
    NUMBER       = {3},
    NOTE         = {(Proc. SIGGRAPH '03)},
    ISSN         = {0730-0301},
    url          = {http://doi.acm.org/10.1145/1201775.882343},
    PUBLISHER    = {ACM},
    YEAR         = {2003},	
    PAGES        = {759-769}}

@INPROCEEDINGS{McCool01,
    AUTHOR       = {Michael D. McCool and Jason Ang and Anis Ahmad},
    TITLE        = {Homomorphic factorization of {BRDF}s for high-performance rendering},
    BOOKTITLE    = {Proc. SIGGRAPH '01},
    PAGES        = {171-178},
    PUBLISHER    = {ACM},
    YEAR         = {2001}}

@ARTICLE{McNeil13,
	AUTHOR       = {A. McNeil and C.J. Jonsson and E. Applefeld and G. Ward and E.S. Lee},
	TITLE        = {A validation of a ray-tracing tool used to generate bi-directional scattering distribution functions for complex fenestration systems},
	JOURNAL      = {Solar Energy},
	YEAR         = {2013},
	VOLUME       = {98, Part C},
    PAGES        = {404-414}}

@TECHREPORT{Mitchelletal08,
	AUTHOR       = {R. Mitchell and C. Kohler  and J. Klems and M. Rubin and D. Arasteh and C. Huizenga and T. Yu  and D. Curcija},
	INSTITUTION  = {Lawrence Berkeley National Laboratory},
	TITLE        = {Window 6.2/ Therm 6.2 Research Version User Manual},
	NUMBER       = {LBNL-941},
	YEAR         = {2008}}

@INPROCEEDINGS{Ngan05,
    AUTHOR       = {Addy Ngan and Fr\'edo Durand and Wojciech Matusik},
    TITLE        = {Experimental Analysis of {BRDF} Models},
    BOOKTITLE    = {Proc. of Eurographics Symposium on Rendering},
    ISBN         = {3-905673-23-1},
    ISSN         = {1727-3463},
    url          = {http://dx.doi.org/10.2312/EGWR/EGSR05/117-126},
    PAGES        = {117-126},
    YEAR         = {2005}}

@TECHREPORT{Nicodemus77,
    AUTHOR       = {F. E. Nicodemus and J. C. Richmond and J. J. Hsia and I. W. Ginsberg and T. Limperis},
    BOOKTITLE    = {Final Report National Bureau of Standards, Washington, DC. Inst. for Basic Standards.},
    TITLE        = {Geometrical Considerations and Nomenclature for Reflectance},
    INSTITUTION  = {National Bureau of Standards (US)},
    TYPE         = {Monograph},
    MONTH        = oct,	
    YEAR         = {1977}}

@ARTICLE{Pacanowski12,
    AUTHOR       = {R. Pacanowski and Oliver Salazar Celis and C. Schlick and X. Granier and P. Poulin and A. Cuyt},
    TITLE        = {Rational {BRDF}},
    JOURNAL      = {{IEEE Transactions on Visualization and Computer Graphics}},
    VOLUME       = {18},
    NUMBER       = {11},
    ISSN         = {1077-2626},
    YEAR         = {2012},
    PAGES        = {1824-1835},
    url          = {http://doi.ieeecomputersociety.org/10.1109/TVCG.2012.73},
    PUBLISHER    = {IEEE Computer Society},
    ADDRESS      = {Los Alamitos, CA, USA}}

@BOOK{Richardson02,
    AUTHOR       = {Iain E. Richardson},
    TITLE        = {Video Codec Design: Developing Image and Video Compression Systems},
    YEAR         = {2002},
    ISBN         = {0471485535},
    PUBLISHER    = {John Wiley \& Sons, Inc.},
    ADDRESS      = {New York, NY, USA}}

@INPROCEEDINGS{Rusinkiewicz98,
    AUTHOR       = {Szymon M. Rusinkiewicz},
    TITLE        = {A new change of variables for efficient BRDF representation},
    BOOKTITLE    = {Proc. of Eurographics Workshop on Rendering},
    BIBSOURCE    = {DBLP, http://dblp.uni-trier.de},
    PUBLISHER    = {Springer},
    ISBN         = {3-211-83213-0},
    PAGES        = {11-22},
    YEAR         = {1998}}

@ARTICLE{Sharma77,
    AUTHOR       = {J. K. Sharma},
    TITLE        = {Extensions and special cases of transportation problem: A survey},
    JOURNAL      = {Digital library of India},
    YEAR         = {1977},
    PAGES        = {928--940}}	

@ARTICLE{Shirley96,
    AUTHOR       = {Shirley, Peter and Wang, Changyaw and Zimmerman, Kurt},
    TITLE        = {Monte Carlo techniques for direct lighting calculations},
    JOURNAL      = {ACM Transactions on Graphics},
    ISSUE_DATE   = {Jan. 1996},
    VOLUME       = {15},
    NUMBER       = {1},
    MONTH        = jan,
    YEAR         = {1996},
    ISSN         = {0730-0301},
    PAGES        = {1--36},
    NUMPAGES     = {36},
    ACMID        = {226151},
    PUBLISHER    = {ACM},
    ADDRESS      = {New York, NY, USA},
    KEYWORDS     = {Monte Carlo integration, direct lighting, importance sampling, luminaires, ray tracing, realistic image synthesis}}

@ARTICLE{Shirley97,
    AUTHOR       = {Shirley, Peter and Chiu, Kenneth},
    TITLE        = {A low distortion map between disk and square},
    JOURNAL      = {Journal of Graphics Tools},
    VOLUME       = {2},
    NUMBER       = {3},
    YEAR         = {1997},
    ISSN         = {1086-7651},
    PAGES        = {45--52},
    NUMPAGES     = {8},
    ACMID        = {294006}}

@ARTICLE{Sillion91,
    AUTHOR       = {Sillion, Fran\c{c}is X. and Arvo, James R. and Westin, Stephen H. and Greenberg, Donald P.},
    TITLE        = {A global illumination solution for general reflectance distributions},
    JOURNAL      = {Computer Graphics},
    ISSUE_DATE   = {July 1991},
    VOLUME       = {25},
    NUMBER       = {4},
    MONTH        = jul,
    YEAR         = {1991},
    ISSN         = {0097-8930},
    PAGES        = {187--196},
    NUMPAGES     = {10},
    ACMID        = {122739},
    PUBLISHER    = {ACM},
    ADDRESS      = {New York, NY, USA},
    KEYWORDS     = {BRDF, directional-diffuse, global illumination, progressive radiosity, specular reflection, spherical harmonics}}

@ARTICLE{Suykens03,
    AUTHOR       = {Frank Suykens and Karl vom Berge and Ares Lagae and Philip Dutr{\'e}},
    TITLE        = {Interactive Rendering with Bidirectional Texture Functions},
    JOURNAL      = cgforum,
    YEAR         = {2003},
    NUMBER       = {3},
    VOLUME       = {22},
    PAGES        = {463--472}}

@ARTICLE{Thanachareonkit10,
    AUTHOR       = {Anothai Thanachareonkit and Jean-Louis Scartezzini},
    TITLE        = {Modelling Complex Fenestration Systems using physical and virtual models},
    JOURNAL      = {Solar Energy},
    VOLUME       = {84},
    PAGES        = {563-586},
    YEAR         = {2010}}


@ARTICLE{XuASG13,
    AUTHOR       = {Xu, Kun and Sun, Wei-Lun and Dong, Zhao and Zhao, Dan-Yong and Wu, Run-Dong and Hu, Shi-Min},
    TITLE        = {Anisotropic Spherical {G}aussians},
    JOURNAL      = {ACM Transactions on Graphics},
    ISSUE_DATE   = {November 2013},
    VOLUME       = {32},
    NUMBER       = {6},
    MONTH        = nov,
    YEAR         = {2013},
    ISSN         = {0730-0301},
    PAGES        = {209:1--209:11},
    ARTICLENO    = {209},
    NUMPAGES     = {11},
    ACMID        = {2508386},
    url          = {http://doi.acm.org/10.1145/2508363.2508386},
    PUBLISHER    = {ACM},
    ADDRESS      = {New York, NY, USA},
    KEYWORDS     = {anisotropic BRDFs, anisotropic spherical Gaussians, spherical Gaussians},
    NOTE         = {(Proc. SIGGRAPH Asia '13)}}

@INPROCEEDINGS{Walter07,
    AUTHOR       = {Walter, Bruce and Marschner, Stephen R. and Li, Hongsong and Torrance, Kenneth E.},
    TITLE        = {Microfacet Models for Refraction Through Rough Surfaces},
    BOOKTITLE    = {Proceedings of the 18th Eurographics Conference on Rendering Techniques},
    SERIES       = {EGSR'07},
    YEAR         = {2007},
    ISBN         = {978-3-905673-52-4},
    PAGES        = {195--206},
    NUMPAGES     = {12},
    url          = {http://dx.doi.org/10.2312/EGWR/EGSR07/195-206},
    ACMID        = {2383874},
    KEYWORDS     = {Monte Carlo sampling, cook-torrance model, global illumination, microfacet BTDF, refraction}}

@ARTICLE{Ward92,
    AUTHOR       = {Gregory J. Ward},
    TITLE        = {Measuring and modeling anisotropic reflection},
    JOURNAL      = {Computer Graphics},
    VOLUME       = {26},
    NUMBER       = {2},
    YEAR         = {1992},
    ISSN         = {0097-8930},
    PAGES        = {265--272},
    url          = {http://doi.acm.org/10.1145/142920.134078},
    PUBLISHER    = {ACM},
    NOTE         = {(Proc. SIGGRAPH '92)}}

@INPROCEEDINGS{Ward94,
    AUTHOR       = {Ward, Gregory J.},
    TITLE        = {The RADIANCE lighting simulation and rendering system},
    BOOKTITLE    = {Proc. SIGGRAPH '94},
    YEAR         = {1994},
    ISBN         = {0-89791-667-0},
    PAGES        = {459--472},
    NUMPAGES     = {14},
    ACMID        = {192286},
    PUBLISHER    = {ACM},
    KEYWORDS     = {Monte Carlo, lighting simulation, physically-based rendering, radiosity, ray-tracing}}

@BOOK{Ward98,
    AUTHOR       = {Larson, Greg Ward and Shakespeare, Rob},
    TITLE        = {Rendering with {R}adiance: the art and science of lighting visualization},
    YEAR         = {1998},
    ISBN         = {1-55860-499-5},
    PUBLISHER    = {Morgan Kaufmann Publishers Inc.}}

@ARTICLE{Wardetal2011,
    AUTHOR       = {G. Ward and R. Mistrick and E.S. Lee and A. McNeil and J. Jonsson},
    TITLE        = {Simulating the Daylight Performance of Complex Fenestration Systems Using Bidirectional Scattering Distribution Functions within Radiance},
    JOURNAL      = {Leukos},
    VOLUME       = {7},
    NUMBER       = {4},
    YEAR         = {2011},
    PAGES        = {1--20}}

@ONLINE{Ward12,
    AUTHOR       = {Greg Ward},
    TITLE        = {The Materials and Geometry Format},
    MONTH        = {April},
    YEAR         = {2012},
    NOTE         = {\url{http://radsite.lbl.gov/mgf/mgfdoc.pdf}}}

@article{Westin92,
    AUTHOR       = {Westin, Stephen H. and Arvo, James R. and Torrance, Kenneth E.},
    TITLE        = {Predicting reflectance functions from complex surfaces},
    JOURNAL      = acmcg,
    ISSUE_DATE   = {July 1992},
    VOLUME       = {26},
    NUMBER       = {2},
    MONTH        = jul,
    YEAR         = {1992},
    ISSN         = {0097-8930},
    PAGES        = {255--264},
    NUMPAGES     = {10},
    ACMID        = {134075},
    PUBLISHER    = {ACM},
    ADDRESS      = {New York, NY, USA},
    KEYWORDS     = {BRDF, Monte Carlo, anisotropic reflection, spherical harmonics}}

@INPROCEEDINGS{Yu10,
    AUTHOR       = {Chanki Yu and Yongduek Seo and Sang Wook Lee},
    TITLE        = {Global optimization for estimating a BRDF with multiple specular lobes},
    BOOKTITLE    = {Proc. IEEE Computer Society Conference on Computer Vision and Pattern Recognition},
    ISBN         = {978-1-4244-6984-0},
    YEAR         = {2010},
    PAGES        = {319-326},
    PUBLISHER    = {IEEE Computer Society}}

@ARTICLE{Zhao11,
    AUTHOR       = {Zhao, Shuang and Jakob, Wenzel and Marschner, Steve and Bala, Kavita},
    TITLE        = {Building volumetric appearance models of fabric using micro CT imaging},
    JOURNAL      = {ACM Transactions on Graphics},
    ISSUE_DATE   = {July 2011},
    VOLUME       = {30},
    NUMBER       = {4},
    MONTH        = aug,
    YEAR         = {2011},
    ISSN         = {0730-0301},
    PAGES        = {44:1--44:10},
    ARTICLENO    = {44},
    NUMPAGES     = {10},
    NOTE         = {(Proc. SIGGRAPH '11)},
    ACMID        = {1964939},
    PUBLISHER    = {ACM},
    ADDRESS      = {New York, NY, USA},
    KEYWORDS     = {appearance modeling, cloth, volume rendering}}


@mscthesis{Larrea11,
    author = {Vergara Larrea, Veronica G.},
    title = {Construction of Delaunay Triangulations on the Sphere: A Parallel Approach},
	note = {Treatises and Dissertations. Paper 4557.},
    year = {2011}
}
@article{CuturiBarycenter,
	Author = {M. Cuturi and A. Doucet},
	journal = {Preprint arXiv:1212.2562},
	Title = {Fast Computation of Wasserstein Barycenters},
	Year = {2013}
}
@book{Villani03,
  title={Topics in Optimal Transportation},
  author={Villani, C.},
  isbn={9780821833124},
  lccn={03040350},
  series={Graduate Studies in Mathematics Series},
  year={2003},
  publisher={Am Math Society}
}
@inproceedings{Schroder95,
 author = {Schr\"{o}der, Peter and Sweldens, Wim},
 title = {Spherical Wavelets: Efficiently Representing Functions on the Sphere},
 booktitle = {Proc. of the 22nd Annual Conference on Computer Graphics and Interactive Techniques},
 series = {SIGGRAPH '95},
 year = {1995},
 isbn = {0-89791-701-4},
 pages = {161--172},
 numpages = {12},
 acmid = {218439},
 publisher = {ACM},
 keywords = {sphere, wavelets},
}

@misc{BME,
	title = {Building Material Examples ({BME}) {BRDF} and {BSDF} database.},
	url = {http://www.pab.eu/gonio-photometer/demodata/bme/},
	urldate = {2014-03-24},
	journal = {Building Material Examples ({BME}) {BRDF} and {BSDF} database.},
	author = {Apian-Bennewitz, Peter},
	month = March,
	year = {2014}},

@ARTICLE{Koenderink96bidirectionalreflection,
    author = {Jan J. Koenderink and Andrea J. Van Doorn and Kristin J. Dana and Shree Nayar},
    title = {Bidirectional reflection distribution function expressed in terms of surface scattering modes},
    journal = {International Journal of Computer Vision},
    year = {1996},
    volume = {31},
    pages = {28--39}
}
@inproceedings{Green:2006,
 author = {Green, Paul and Kautz, Jan and Matusik, Wojciech and Durand, Fr{\'e}do},
 title = {View-dependent Precomputed Light Transport Using Nonlinear Gaussian Function Approximations},
 booktitle = {Proc. of the 2006 Symposium on Interactive 3D Graphics and Games},
 series = {I3D '06},
 year = {2006},
 isbn = {1-59593-295-X},
 pages = {7--14},
 numpages = {8},
 acmid = {1111413},
 publisher = {ACM},
 keywords = {precomputed radiance transfer, real-time rendering, reflectance field},
}
@article{Wang08,
    author = {Jiaping Wang and Shuang Zhao and Xin Tong and John Snyder and Baining Guo},
    title = {Modeling Anisotropic Surface Reflectance with Example-based Microfacet Synthesis},
    journal = {ACM Transactions on Graphics},
    volume = {27},
    number = {3},
    year = {2008},
    pages = {41:1--41:9},
    publisher = {ACM},
    NOTE         = {(Proc. SIGGRAPH '08)},
    address = {New York, NY, USA}
}

@article{Jakob11,
  author    = {Wenzel Jakob and
               Christian Regg and
               Wojciech Jarosz},
  title     = {Progressive Expectation-Maximization for Hierarchical Volumetric
               Photon Mapping},
  journal   = {Computer Graphics Forum},
  volume    = {30},
  number    = {4},
  year      = {2011},
  NOTE         = {(Proc. Eurographics Symp. Rendering)},
  pages     = {1287-1297}}


@article{Jakob14,
 author = {Jakob, Wenzel and d'Eon, Eugene and Jakob, Otto and Marschner, Steve},
 title = {A Comprehensive Framework for Rendering Layered Materials},
 journal = {ACM Transactions on Graphics},
 volume = {33},
 number = {4},
 month = jul,
 year = {2014},
 issn = {0730-0301},
 pages = {118:1--118:14},
 note = {(Proc. SIGGRAPH '14)},
 url = {http://doi.acm.org/10.1145/2601097.2601139},
 publisher = {ACM},
 address = {New York, NY, USA},
}

@misc{Mitsuba10,
   Author = {Wenzel Jakob},
   Year = {2010},
   url = {http://www.mitsuba-renderer.org},
   Title = {Mitsuba renderer}
}



@article{Papas14,
journal = {Computer Graphics Forum},
title = {{A Physically-Based BSDF for Modeling the Appearance of Paper}},
author = {Marios Papas and Krystle de Mesa and Henrik Wann Jensen},
pages = {133-142},
volume= {33},
number= {4},
year = {2014},
url  = {http://dx.doi.org/10.1111/cgf.12420},
NOTE = {(Proc. Eurographics Symp. Rendering '14)}}

@article{Heitz14,
journal = {Computer Graphics Forum},
title = {{Importance Sampling Microfacet-Based BSDFs using the Distribution of Visible Normals}},
author = {Eric Heitz and Eugene d'Eon},
pages = {103-112},
volume= {33},
number= {4},
year = {2014},
URL = {http://diglib.eg.org/EG/CGF/volume33/issue4/v33i4pp103-112.pdf},
DOI = {10.1111/cgf.12417},
NOTE = {(Proc. Eurographics Symp. Rendering)}}

@inproceedings{WardMAM14,
author = {Greg Ward and Murat Kurt and Nicolas Bonneel},
title = {Reducing Anisotropic BSDF Measurement to Common Practice},
pages = {5-8},
booktitle = {Proc. of the 2nd Eurographics Workshop on Material Appearance Modeling: Issues and Acquisition},
url = {http://diglib.eg.org/EG/DL/WS/MAM/MAM2014/005-008.pdf},
year = {2014},
publisher = {Eurographics Association}}

@MISC{Duer05,
  AUTHOR = {Arne Duer},
  TITLE  = {On the {W}ard model for global illumination},
  YEAR   = {2005},
  HOWPUBLISHED = {Unpublished material}}


@ARTICLE{Schlick94,
	AUTHOR = {C. Schlick},
	TITLE = {An inexpensive {BRDF} model for physically-based rendering},
	JOURNAL = {Computer Graphics Forum},
    url = {http://dx.doi.org/10.1111/1467-8659.1330233},
	VOLUME = {13},	NUMBER = {3}, YEAR = {1994}, PAGES = {233-246} }


@INPROCEEDINGS{Rusinkiewicz98,
    AUTHOR = {Szymon M. Rusinkiewicz},
    TITLE = {A new change of variables for efficient BRDF representation},
    BOOKTITLE = {Eurographics Workshop on Rendering},
    PAGES = {11-22},
    YEAR = {1998}}

@article{Akleman2024arXiv,
      author = {Ergun Akleman and Murat Kurt and Derya Akleman and Gary Bruins and Sitong Deng and Meena Subramanian},
      title = {Hyper-Realist Rendering: A Theoretical Framework}, 
      journal = {arXiv preprint arXiv:2401.12853},
      pages = {arXiv:2401.12853},
      year = {2024},
      month = jan,
      eid = {arXiv:2401.12853},
      doi = {10.48550/arXiv.2401.12853},
      url = {https://doi.org/10.48550/arXiv.2401.12853}, 
      eprint = {2401.12853},
      archivePrefix = {arXiv},
      primaryClass = {cs.GR},
      keywords = {Computer Science - Graphics}}


@ARTICLE{Bigili2011CGF,
	AUTHOR        = {Ahmet Bilgili and Ayd{\i}n {\"O}zt{\"u}rk and Murat Kurt},
	TITLE         = {A General {BRDF} Representation Based on Tensor Decomposition},
	JOURNAL       = {Computer Graphics Forum},
	VOLUME        = {30},	
	NUMBER        = {8},
	MONTH         = {December},	
	YEAR          = {2011},	
	PAGES         = {2427-2439}}

@inproceedings{Ozturk2006EGUK,
    author = {Aydin {\"O}zt{\"u}rk and Ahmet Bilgili and Murat Kurt},
    title = {Polynomial Approximation of Blinn-Phong Model },
    booktitle = {Proceedings of the 4th Theory and Practice of Computer Graphics},
    year = {2006},
    pages = {55--61},
    series = {TPCG '06},
    DOI = {10.2312/LocalChapterEvents/TPCG/TPCG06/055-061},
    editor = {Louise M. Lever and Mary McDerby},
    isbn = {3-905673-59-2},
    issn = {undefined},
    address = {Middlesbrough, United Kingdom},
    publisher = {Eurographics Association},
}

@mastersthesis{Kurt2007MScThesis,
  author       = {Murat Kurt},
  title        = {A New Illumination Model in Computer Graphics},
  school       = {International Computer Institute, Ege University},
  year         = {2007},
  address      = {Izmir, Turkey},
  month        = {August},
  note         = {140 pages}}

@article{Ozturk2008CG,
	author = {Aydin Ozturk and Murat Kurt and Ahmet Bilgili and Cengiz Gungor},
	title = {Linear approximation of Bidirectional Reflectance Distribution Functions},
	journal = {Computers \& Graphics},
	volume = {32},	
	number = {2},
        month = {April},	
	year = {2008},	
	pages = {149-158}}

@article{Kurt2008SIGGRAPHCG,
    author = {Murat Kurt and Muhammed G\"{o}khan Cinsdikici},
    title = {Representing BRDFs using SOMs and MANs},
    journal = {SIGGRAPH Computer Graphics},
    volume = {42},
    number = {3},
    month = {August},
    year = {2008},
    issn = {0097-8930},
    pages = {1--18},
    doi = {http://doi.acm.org/10.1145/1408626.1408630},
    publisher = {ACM},
    address = {New York, NY, USA}}

@article{Kurt2009SIGGRAPHCG,
    author = {Murat Kurt and Dave Edwards},
    title = {A survey of BRDF models for computer graphics},
    journal = {SIGGRAPH Computer Graphics},
    volume = {43},
    number = {2},
    month = {May},
    year = {2009},
    issn = {0097-8930},
    pages = {1--7},
    doi = {http://doi.acm.org/10.1145/1629216.1629222},
    publisher = {ACM},
    address = {New York, NY, USA}}

@article{Kurt2010SIGGRAPHCG,
    author = {Murat Kurt and L\'{a}szl\'{o} Szirmay-Kalos and Jaroslav K\v{r}iv\'{a}nek},
    title = {An Anisotropic BRDF Model for Fitting and Monte Carlo Rendering},
    journal = {SIGGRAPH Computer Graphics},
    volume = {44},
    number = {1},
    month = {February},
    year = {2010},
    issn = {0097-8930},
    pages = {1--15},
    doi = {http://doi.acm.org/10.1145/1722991.1722996},
    publisher = {ACM},
    address = {New York, NY, USA}}

@inproceedings{Ozturk2010GraphiCon,
    author = {Ayd{\i}n {\"O}zt{\"u}rk and Murat Kurt and Ahmet Bilgili},
    title = {Modeling BRDF by a Probability Distribution},
    booktitle = {Proceedings of the 20th International Conference on Computer Graphics and Vision},
    year = {2010},
    pages = {57--63},
    address = {St. Petersburg, Russia}}

@article{Ozturk2010CGF,
	author = {Ayd{\i}n {\"O}zt{\"u}rk and Murat Kurt and Ahmet Bilgili},
	title = {A Copula-Based BRDF Model},
	journal = {Computer Graphics Forum},
	volume = {29},	
	number = {6},
	month = {September},	
	year = {2010},	
	pages = {1795-1806}}

@inproceedings{Szecsi2010SCCG,
 author = {Sz\'{e}csi, L\'{a}szl\'{o} and Szirmay-Kalos, L\'{a}szl\'{o} and Kurt, Murat and Cs\'{e}bfalvi, Bal\'{a}zs},
 title = {Adaptive sampling for environment mapping},
 booktitle = {Proceedings of the 26th Spring Conference on Computer Graphics},
 series = {SCCG '10},
 year = {2010},
 isbn = {978-1-4503-0558-7},
 location = {Budmerice, Slovakia},
 pages = {69--76},
 numpages = {8},
 url = {http://doi.acm.org/10.1145/1925059.1925073},
 doi = {http://doi.acm.org/10.1145/1925059.1925073},
 acmid = {1925073},
 publisher = {ACM},
 address = {New York, NY, USA}}

@inproceedings{Bilgili2012SCCG,
 author = {Bilgili, Ahmet and \"{O}zt\"{u}rk, Ayd{\i}n and Kurt, Murat},
 title = {Representing BRDF by wavelet transformation of pair-copula constructions},
 booktitle = {Proceedings of the 28th Spring Conference on Computer Graphics},
 series = {SCCG '12},
 year = {2012},
 isbn = {978-1-4503-1977-5},
 location = {Budmerice, Slovakia},
 pages = {63--69},
 numpages = {7},
 url = {http://doi.acm.org/10.1145/2448531.2448539},
 doi = {10.1145/2448531.2448539},
 acmid = {2448539},
 publisher = {ACM},
 address = {New York, NY, USA},
 keywords = {BRDF representation, copula distributions, global illumination, pair-copula constructions, reflection models, rendering, wavelet}}

@techreport{WKB12,
  author = {Ward, Greg and Kurt, Murat and Bonneel, Nicolas},
  title = {A Practical Framework for Sharing and Rendering Real-World Bidirectional Scattering Distribution Functions},
  institution = {Lawrence Berkeley National Laboratory},
  number = {LBNL-5954E},
  month = {September},
  year = {2012}}

@inproceedings{Ergun2012SCCG,
 author = {Ergun, Serkan and Kurt, Murat and \"{O}zt\"{u}rk, Ayd{\i}n},
 title = {Real-time kd-tree based importance sampling of environment maps},
 booktitle = {Proceedings of the 28th Spring Conference on Computer Graphics},
 series = {SCCG '12},
 year = {2012},
 isbn = {978-1-4503-1977-5},
 location = {Budmerice, Slovakia},
 pages = {77--84},
 numpages = {8},
 url = {http://doi.acm.org/10.1145/2448531.2448541},
 doi = {10.1145/2448531.2448541},
 acmid = {2448541},
 publisher = {ACM},
 address = {New York, NY, USA}}
	
@INPROCEEDINGS{Kurt2013TPCG,
    AUTHOR      = {Kurt, Murat and \"{O}zt\"{u}rk, Ayd{\i}n and Peers, Pieter},
    TITLE       = {A Compact Tucker-Based Factorization Model for Heterogeneous Subsurface Scattering},
    BOOKTITLE   = {Proceedings of the 11th Theory and Practice of Computer Graphics},
    SERIES      = {TPCG '13},
    YEAR        = {2013},
    ISBN        = {978-3-905673-98-2},
    PAGES       = {85-92},
    NUMPAGES    = {8},
    doi         = {10.2312/LocalChapterEvents.TPCG.TPCG13.085-092},
    EDITOR      = {Silvester Czanner and Wen Tang},
    ADDRESS     = {Bath, United Kingdom},
    PUBLISHER   = {Eurographics Association}}

@inproceedings{Kurt2013EGSR,
 author = {Kurt, Murat and \"{O}zt\"{u}rk, Ayd{\i}n},
 title = {A Heterogeneous Subsurface Scattering Representation Based on Compact and Efficient Matrix Factorization},
 booktitle = {Proceedings of the 24th Eurographics Symposium on Rendering, Posters},
 series = {EGSR '13},
 year = {2013},
 month = jun,
 address = {Zaragoza, Spain},
 publisher = {Eurographics Association}}
    
@phdthesis{Kurt2014PhDThesis,
  author       = {Murat Kurt},
  title        = {An Efficient Model for Subsurface Scattering in Translucent Materials},
  school       = {International Computer Institute, Ege University},
  year         = {2014},
  address      = {Izmir, Turkey},
  month        = {January},
  note         = {122 pages}}

@inproceedings{Ward2014MAM,
 author = {Greg Ward and  Murat Kurt and Nicolas Bonneel},
 title = {Reducing Anisotropic BSDF Measurement to Common Practice},
 booktitle = {Proceedings of the 2nd Eurographics Workshop on Material Appearance Modeling: Issues and Acquisition},
 series = {MAM '14},
 year = {2014},
 isbn = {978-3-905674-64-4},
 pages = {5-8},
 numpages = {4},
 url = {http://diglib.eg.org/EG/DL/WS/MAM/MAM2014/005-008.pdf},
 doi = {10.2312/mam.20141292},
 editor = {Reinhard Klein and Holly Rushmeier},
 address = {Lyon, France},
 publisher = {Eurographics Association}}

@misc{Kurt2014WLRS,
 author = {Murat Kurt},
 title = {Grand Challenges in BSDF Measurement and Modeling},
 howpublished = {The Workshop on Light Redirection and Scatter: Measurement, Modeling, Simulation},
 year = {2014},
 address = {Lucerne, Switzerland},
 month = {August},
 note = {(Invited Talk)}}

@inproceedings{Toral2014SIU,
 author = {T\"{o}ral, \"{O}zkan An{\i}l and Ergun, Serkan and Kurt, Murat and \"{O}zt\"{u}rk, Ayd{\i}n},
 title = {Mobile GPU-Based Importance Sampling},
 booktitle = {Proceedings of the IEEE 22nd Signal Processing and Communications Applications Conference},
 series = {SIU '14},
 year = {2014},
 address = {Trabzon, Turkey},
 pages = {510--513},
 numpages = {4},
 month = {April}, 
 publisher = {IEEE}}

@inproceedings{Kurt2016SIGGRAPH,
 author = {Kurt, Murat and Ward, Greg and Bonneel, Nicolas},
 title = {A Data-Driven BSDF Framework},
 booktitle = {Proceedings of the ACM SIGGRAPH 2016, Posters},
 series = {SIGGRAPH '16},
 year = {2016},
 isbn = {978-1-4503-4371-8},
 location = {Anaheim, California},
 pages = {31:1--31:2},
 articleno = {31},
 numpages = {2},
 month = jul,
 url = {http://doi.acm.org/10.1145/2945078.2945109},
 doi = {10.1145/2945078.2945109},
 acmid = {2945109},
 publisher = {ACM},
 address = {New York, NY, USA},
 keywords = {BSDF, appearance modeling, data interpolation, global illumination, rendering}}

@inproceedings{Tongbuasirilai2017ICCVW,
 author = {Tanaboon Tongbuasirilai and Jonas Unger and Murat Kurt},
 title = {Efficient {BRDF} Sampling Using Projected Deviation Vector Parameterization},
 booktitle = {Proceedings of the {IEEE} International Conference on Computer Vision Workshops},
 series = {ICCVW '17},
 year = {2017},
 isbn = {978-1-5386-1034-3},
 pages = {153-158},
 numpages = {6},
 month = oct,
 url = {http://doi.ieeecomputersociety.org/10.1109/ICCVW.2017.26},
 doi = {10.1109/ICCVW.2017.26},
 address = {Venice, Italy},
 publisher = {{IEEE} Computer Society}}

@inproceedings{Kurt2017MAM,
 author = {Kurt, Murat},
 title = {{Experimental Analysis of BSDF Models}},
 booktitle = {Proceedings of the 5th Eurographics Workshop on Material Appearance Modeling: Issues and Acquisition},
 series = {MAM '17},
 year = {2017},
 isbn = {978-3-03868-035-2},
 pages = {35-39},
 numpages = {5},
 url = {https://diglib.eg.org:443/handle/10.2312/mam20171330},
 doi = {10.2312/mam.20171330},
 editor = {Reinhard Klein and Holly Rushmeier},
 address = {Helsinki, Finland},
 publisher = {The Eurographics Association}}

@article{Kurt2018DEU,
	author = {Murat Kurt},
	title = {A Survey of BSDF Measurements and Representations},
	journal = {Journal of Science and Engineering},
	volume = {20},	
	number = {58},
	month = {January},
	issn = {1302-9304},
	year = {2018},
	pages = {87-102}}

@article{Kurt2019DEU,
	author = {Murat Kurt},
	title = {Real-Time Shading with Phong BRDF Model},
	journal = {Journal of Science and Engineering},
	volume = {21},	
	number = {63},
	month = {September},
	issn = {1302-9304},
	year = {2019},
	pages = {859-867}}

@incollection{Onel2019PL,
 author = {\"{O}nel, Sermet and Kurt, Murat and \"{O}zt\"{u}rk, Ayd{\i}n},
 title = {An Efficient Plugin for Representing Heterogeneous Translucent Materials},
 booktitle = {Contemporary Topics in Computer Graphics and Games: Selected Papers from the Eurasia Graphics Conference Series},
 year = {2019},
 month = {December},
 isbn = {978-3631802120},
 publisher = {Peter Lang GmbH, Internationaler Verlag der Wissenschaften},
 editor = {Veysi \.{I}\c{s}ler and Ha\c{s}met G\"{u}r\c{c}ay and Hasan Kemal S\"{u}her and G\"{u}ven \c{C}atak}, 
 chapter = {18},
 pages = {309--321},
 note = {(Book Chapter)},
 keywords = {BSSRDF, Subsurface Scattering Model, Factorization, Heterogeneous Subsurface Scattering, Mitsuba Renderer, Blender 3D Modeling Tool}}


@inproceedings{Kurt2020MAM,
 author = {Kurt, Murat},
 title = {{A Genetic Algorithm Based Heterogeneous Subsurface Scattering Representation}},
 booktitle = {Proceedings of the 8th Eurographics Workshop on Material Appearance Modeling: Issues and Acquisition},
 series = {MAM '20},
 year = {2020},
 isbn = {978-3-03868-108-3},
 pages = {13-16},
 numpages = {4},
 url = {https://diglib.eg.org/handle/10.2312/mam20201140},
 doi = {10.2312/mam.20201140},
 editor = {Reinhard Klein and Holly Rushmeier},
 address = {London, UK},
 publisher = {The Eurographics Association}}

@article{Kurt2021TVC,
author = {Murat Kurt},
title = {GenSSS: a genetic algorithm for measured subsurface scattering representation},
journal = {The Visual Computer},
volume = {37},	
number = {2},
month = {February},	
year = {2021},
url = {https://doi.org/10.1007/s00371-020-01800-0},
doi = {10.1007/s00371-020-01800-0},
pages = {307-323}}

@article{Mir2022DEU,
	author = {Mir, Sermet and Y{\i}ld{\i}r{\i}m, Bar{\i}\c{s} and Kurt, Murat},
	title = {An Analysis of Goniochromatic and Sparkle Effects on Multi-Layered Materials},
	journal = {Journal of Science and Engineering},
	volume = {24},	
	number = {72},
	month = {September},
	issn = {1302-9304},
	year = {2022},
	pages = {737-746}}

@inproceedings{Onel2014EG,
 author = {\"{O}nel, Sermet and Kurt, Murat and \"{O}zt\"{u}rk, Ayd{\i}n},
 title = {An Efficient Plugin for Representing Heterogeneous Translucent Materials},
 booktitle = {Proceedings of the 2nd International Conference on Computer Graphics, Animation and Gaming Technologies},
 series = {Eurasia Graphics '14},
 year = {2014},
 address = {Ankara, Turkey},
 pages = {2:1--2:5},
 numpages = {5},
 month = {October}, 
 publisher = {Hacettepe University Press},
 keywords = {BSSRDF, Subsurface Scattering Model, Factorization, Heterogeneous Subsurface Scattering, Mitsuba Renderer, Blender 3D Modeling Tool}}
 

@article{Tongbuasirilai2020TVC,
author = {Tanaboon Tongbuasirilai and Jonas Unger and Joel Kronander and Murat Kurt},
title = {Compact and intuitive data-driven BRDF models},
journal = {The Visual Computer},
volume = {36},	
number = {4},
month = {April},	
year = {2020},
url = {https://doi.org/10.1007/s00371-019-01664-z},
doi = {10.1007/s00371-019-01664-z},
pages = {855-872}}

@inproceedings{Gok2023SIU,
 author = {G{\"{o}}k, G{\"{o}}k{\c{c}}e and K{\"{u}}{\c{c}}{\"{u}}k, Selin and Kurt, Murat and Tar{\i}, Ergin},
 title = {A U-Net Based Segmentation and Classification Approach over Orthophoto Maps of Archaeological Sites},
 booktitle = {Proceedings of the IEEE 31st Signal Processing and Communications Applications Conference},
 series = {SIU '23},
 year = {2023},
 address = {Istanbul, Turkey},
 pages = {1--4},
 numpages = {4},
 month = {July}, 
 publisher = {IEEE}}

@article{Yildirim2024arXiv,
author = {{Y{\i}ld{\i}r{\i}m}, Bar{\i}{\c{s}} and {Kurt}, Murat},
title = {GenPluSSS: A Genetic Algorithm Based Plugin for Measured Subsurface Scattering Representation},
journal = {arXiv preprint arXiv:2401.15245},
pages = {arXiv:2401.15245},
year = {2024},
month = jan,
eid = {arXiv:2401.15245},
doi = {10.48550/arXiv.2401.15245},
url = {https://doi.org/10.48550/arXiv.2401.15245}, 
archivePrefix = {arXiv},
eprint = {2401.15245},
primaryClass = {cs.GR},
keywords = {Computer Science - Graphics, Computer Science - Artificial Intelligence, Computer Science - Machine Learning, Computer Science - Neural and Evolutionary Computing}}

@article{Azadvatan2024arXiv,
author = {{Azadvatan}, Yashar and {Kurt}, Murat},
title = {MelNet: A Real-Time Deep Learning Algorithm for Object Detection},
journal = {arXiv preprint arXiv:2401.17972},
pages = {arXiv:2401.17972},
year = {2024},
month = jan,
eid = {arXiv:2401.17972},
doi = {10.48550/arXiv.2401.17972},
url = {https://doi.org/10.48550/arXiv.2401.17972}, 
archivePrefix = {arXiv},
eprint = {2401.17972},
primaryClass = {cs.CV},
keywords = {Computer Science - Computer Vision and Pattern Recognition, Computer Science - Artificial Intelligence, Computer Science - Machine Learning}}

@article{Jabbarli2024arXiv,
 author = {{Jabbarl{\i}}, G{\"u}nel and {Kurt}, Murat},
title = {LightFFDNets: Lightweight Convolutional Neural Networks for Rapid Facial Forgery Detection},
journal = {arXiv preprint arXiv:2411.11826},
pages = {arXiv:2411.11826},
year = {2024},
month = nov,
eid = {arXiv:2411.11826},
doi = {10.48550/arXiv.2411.11826},
url = {https://doi.org/10.48550/arXiv.2411.11826}, 
archivePrefix = {arXiv},
eprint = {2411.11826},
primaryClass = {cs.CV},
keywords = {Computer Science - Computer Vision and Pattern Recognition, Computer Science - Artificial Intelligence}}

@article{Akdogan2024arXiv,
author = {{Akdo{\u{g}}an}, Adem and {Kurt}, Murat},
title = {ExTTNet: A Deep Learning Algorithm for Extracting Table Texts from Invoice Images},
journal = {arXiv preprint arXiv:2402.02246},
pages = {arXiv:2402.02246},
year = {2024},
month = feb,
eid = {arXiv:2402.02246},
doi = {10.48550/arXiv.2402.02246},
url = {https://doi.org/10.48550/arXiv.2402.02246}, 
archivePrefix = {arXiv},
eprint = {2402.02246},
primaryClass = {cs.CV},
keywords = {Computer Science - Computer Vision and Pattern Recognition, Computer Science - Artificial Intelligence, Computer Science - Information Retrieval, Computer Science - Machine Learning, Computer Science - Neural and Evolutionary Computing}}

