@misc{ARToolKit,
    key             = {ARToolKit},
    year            = 2024,
    title           = {ARToolKit Augmented Reality},
    howpublished    = {\url{http://artoolkit.org/documentation/doku.php?id=3_Marker_Training:marker_about}}}

@inproceedings{Broschart2014,
    title       = {ARchitecture-Augmented Reality Techniques and Use Cases in Architecture and Urban Planning},
    author      = {Broschart, Daniel and Zeile, Peter},
    booktitle   = {Proceedings of REAL CORP 2014},
    year        = {2014},
    month       = {May},
    pages       = {75--82},
    location    = {Vienna, Austria},
    isbn        = {9783950311075}}

@book{Cawood2008,
    title       = {Augmented Reality: A Practical Guide},
    author      = {Cawood, S. and Fiala, M.},
    year        = {2008},
    publisher   = {Pragmatic Bookshelf},
    isbn        = {9781934356036}}

@online{Doppler,
    title       = {Handheld Augmented Reality},
    author      = {{Christian Doppler Laboratory}},
    url         = {http://studierstube.icg.tugraz.at/handheld_ar},
    year        = {2014},
    month       = {January}}

@inproceedings{Sutherland1968,
    title       = {A Head-Mounted Three Dimensional Display},
    author      = {Sutherland, I. E.},
    booktitle   = {Proceedings of the Fall Joint Computer Conference},
    pages       = {757--764},
    doi         = {10.1145/1476589.1476686},
    year        = {1968},
    month       = {December},
    series      = {AFIPS '68 (Fall, part I)},
    location    = {San Francisco, California},
    publisher   = {ACM},
    address     = {New York, NY, USA}}

@article{azuma1997survey,
  title={A survey of augmented reality},
  author={Azuma, Ronald T},
  journal={Presence: Teleoperators and virtual environments},
  volume={6},
  number={4},
  pages={355--385},
  year={1997}}

