@Article{Chen2023,
  author  = {Jingxuan Chen and Xianbin Cao and Peng Yang and Meng Xiao and Siqiao Ren and Zhongliang Zhao and Dapeng Oliver Wu},
  journal = {{IEEE} Trans. Commun.},
  title   = {Deep Reinforcement Learning Based Resource Allocation in Multi-{UAV}-Aided {MEC} Networks},
  year    = {2023},
  number  = {1},
  pages   = {296--309},
  volume  = {71},
}

@Article{Dandapat2024,
  author  = {Jyotirindra Dandapat and Nishant Gupta and Satyam Agarwal and Brijesh Kumbhani},
  journal = {{IEEE} Trans. Intell. Veh.},
  title   = {Service Time Maximization for Data Collection in Multi-{UAV}-Aided Networks},
  year    = {2024},
  number  = {1},
  pages   = {328--337},
  volume  = {9},
}

@Article{Du2024,
  author  = {Pengfei Du and Yueqiang Shi and Haotong Cao and Sahil Garg and Georges Kaddoum and Mubarak Alrashoud},
  journal = {{IEEE} Trans. Consumer Electron.},
  title   = {3-D Trajectory Optimization and Communication Resources Allocation in {UAV}-Assisted {IoT} Networks for Sustainable Industry 5.0},
  year    = {2024},
  number  = {1},
  pages   = {1423--1433},
  volume  = {70},
}

@Article{Lee2024,
  author  = {Wonseok Lee and Taejoon Kim},
  journal = {{IEEE} Internet Things J.},
  title   = {Multiagent Reinforcement Learning in Controlling Offloading Ratio and Trajectory for Multi-UAV Mobile-Edge Computing},
  year    = {2024},
  number  = {2},
  pages   = {3417--3429},
  volume  = {11},
}

@Article{Li2024,
  author  = {Haozhe Li and Jiao Zhang and Haitao Zhao and Yiyang Ni and Jun Xiong and Jibo Wei},
  journal = {{IEEE} Trans. Veh. Technol.},
  title   = {Joint Optimization on Trajectory, Computation and Communication Resources in Information Freshness Sensitive {MEC} System},
  year    = {2024},
  number  = {3},
  pages   = {4162--4177},
  volume  = {73},
}

@Article{Liu2022,
  author  = {Ying Liu and Junjie Yan and Xiaohui Zhao},
  journal = {{IEEE} Trans. Veh. Technol.},
  title   = {Deep Reinforcement Learning Based Latency Minimization for Mobile Edge Computing With Virtualization in Maritime {UAV} Communication Network},
  year    = {2022},
  number  = {4},
  pages   = {4225--4236},
  volume  = {71},
}

@Article{Liu2024,
  author  = {Kai Liu and Jun Zheng},
  journal = {{IEEE} Trans. Veh. Technol.},
  title   = {{UAV} Trajectory Planning With Interference Awareness in {UAV}-Enabled Time-Constrained Data Collection Systems},
  year    = {2024},
  number  = {2},
  pages   = {2799--2815},
  volume  = {73},
}

@Article{Liu2024a,
  author  = {Jiayan Liu and Xiongwen Zhao and Peng Qin and Suiyan Geng and Zhiyu Chen and Hongxi Zhou},
  journal = {{IEEE} Trans. Netw. Sci. Eng.},
  title   = {Learning-Based Multi-{UAV} Assisted Data Acquisition and Computation for Information Freshness in {WPT} Enabled Space-Air-Ground {PIoT}},
  year    = {2024},
  number  = {1},
  pages   = {48--63},
  volume  = {11},
}

@Article{Pervez2024,
  author  = {Farhan Pervez and Ajmery Sultana and Cungang Yang and Lian Zhao},
  journal = {{IEEE} Trans. Wirel. Commun.},
  title   = {Energy and Latency Efficient Joint Communication and Computation Optimization in a Multi-{UAV}-Assisted {MEC} Network},
  year    = {2024},
  number  = {3},
  pages   = {1728--1741},
  volume  = {23},
}

@Article{Yu2020,
  author  = {Zhe Yu and Yanmin Gong and Shimin Gong and Yuanxiong Guo},
  journal = {{IEEE} Internet Things J.},
  title   = {Joint Task Offloading and Resource Allocation in UAV-Enabled Mobile Edge Computing},
  year    = {2020},
  number  = {4},
  pages   = {3147--3159},
  volume  = {7},
}

@Article{Yu2021,
  author  = {Yu Yu and Jie Tang and Jiayi Huang and Xiuyin Zhang and Daniel Ka Chun So and Kai{-}Kit Wong},
  journal = {{IEEE} Trans. Commun.},
  title   = {Multi-Objective Optimization for {UAV}-Assisted Wireless Powered {IoT} Networks Based on Extended {DDPG} Algorithm},
  year    = {2021},
  number  = {9},
  pages   = {6361--6374},
  volume  = {69},
}

@Article{Zeng2023,
  author  = {Yao Zeng and Jianhua Tang},
  journal = {{IEEE} Trans. Veh. Technol.},
  title   = {MEC-Assisted Real-Time Data Acquisition and Processing for {UAV} With General Missions},
  year    = {2023},
  number  = {1},
  pages   = {1058--1072},
  volume  = {72},
}

@Article{Zhan2021,
  author  = {Cheng Zhan and Han Hu and Zhi Liu and Zhi Wang and Shiwen Mao},
  journal = {{IEEE} Internet Things J.},
  title   = {Multi-UAV-Enabled Mobile-Edge Computing for Time-Constrained {IoT} Applications},
  year    = {2021},
  number  = {20},
  pages   = {15553--15567},
  volume  = {8},
}

@Article{Zhou2022,
  author  = {Xiaoyi Zhou and Liang Huang and Tong Ye and Weiqiang Sun},
  journal = {{IEEE} Internet Things J.},
  title   = {Computation Bits Maximization in {UAV}-Assisted {MEC} Networks With Fairness Constraint},
  year    = {2022},
  number  = {21},
  pages   = {20997--21009},
  volume  = {9},
}

@Article{seid2021,
  author   = {Seid, Abegaz Mohammed and Boateng, Gordon Owusu and Mareri, Bruce and Sun, Guolin and Jiang, Wei},
  journal  = {IEEE Trans. Netw. Serv. Manage.},
  title    = {Multi-agent {DRL} for task offloading and resource allocation in multi-{UAV} enabled {IoT} edge network},
  year     = {2021},
  number   = {4},
  pages    = {4531--4547},
  volume   = {18},
  fjournal = {IEEE Transactions on Network and Service Management},
}

@Article{wang2023a,
  author  = {Heng Wang and Haijun Zhang and Xiangnan Liu and Keping Long and Arumugam Nallanathan},
  journal = {{IEEE} Trans. Wirel. Commun.},
  title   = {Joint {UAV} Placement Optimization, Resource Allocation, and Computation Offloading for THz Band: {A} {DRL} Approach},
  year    = {2023},
  number  = {7},
  pages   = {4890--4900},
  volume  = {22},
}

