@Article{Wang2023,
  author  = {Zhaoying Wang and Yifei Wei and Zhiyong Feng and F. Richard Yu and Zhu Han},
  journal = {{IEEE} Trans. Wirel. Commun.},
  title   = {Resource Management and Reflection Optimization for Intelligent Reflecting Surface Assisted Multi-Access Edge Computing Using Deep Reinforcement Learning},
  year    = {2023},
  number  = {2},
  pages   = {1175--1186},
  volume  = {22},
}

@Article{Zhao2017,
  author  = {Jingjing Zhao and Yuanwei Liu and Kok Keong Chai and Yue Chen and Maged Elkashlan},
  journal = {{IEEE} Wirel. Commun. Lett.},
  title   = {Many-to-Many Matching With Externalities for Device-to-Device Communications},
  year    = {2017},
  number  = {1},
  pages   = {138--141},
  volume  = {6},
}

@InProceedings{BodineBaron2011,
  author    = {Elizabeth Bodine{-}Baron and Christina Lee and Anthony Chong and Babak Hassibi and Adam Wierman},
  booktitle = {Proc. {SAGT}},
  title     = {Peer Effects and Stability in Matching Markets},
  year      = {2011},
  pages     = {117--129},
  volume    = {6982},
}

@Article{Yu2021,
  author  = {Yu Yu and Jie Tang and Jiayi Huang and Xiuyin Zhang and Daniel Ka Chun So and Kai{-}Kit Wong},
  journal = {{IEEE} Trans. Commun.},
  title   = {Multi-Objective Optimization for {UAV}-Assisted Wireless Powered {IoT} Networks Based on Extended {DDPG} Algorithm},
  year    = {2021},
  number  = {9},
  pages   = {6361--6374},
  volume  = {69},
}

@Article{Zhan2021,
  author  = {Cheng Zhan and Han Hu and Zhi Liu and Zhi Wang and Shiwen Mao},
  journal = {{IEEE} Internet Things J.},
  title   = {Multi-UAV-Enabled Mobile-Edge Computing for Time-Constrained {IoT} Applications},
  year    = {2021},
  number  = {20},
  pages   = {15553--15567},
  volume  = {8},
}

@Article{zhao2023deep,
  author    = {Zhao, Nan and Pei, Yiyang and Liang, Ying-Chang and Niyato, Dusit},
  journal   = {{IEEE} Internet Things J.},
  title     = {Deep Reinforcement Learning-Based Contract Incentive Mechanism for Joint Sensing and Computation in Mobile Crowdsourcing Networks},
  year      = {2023},
  publisher = {IEEE},
}

@Article{seid2021,
  author   = {Seid, Abegaz Mohammed and Boateng, Gordon Owusu and Mareri, Bruce and Sun, Guolin and Jiang, Wei},
  journal  = {IEEE Trans. Netw. Serv. Manage.},
  title    = {Multi-agent {DRL} for task offloading and resource allocation in multi-{UAV} enabled {IoT} edge network},
  year     = {2021},
  number   = {4},
  pages    = {4531--4547},
  volume   = {18},
  fjournal = {IEEE Transactions on Network and Service Management},
}

@Article{Chen2023,
  author  = {Jingxuan Chen and Xianbin Cao and Peng Yang and Meng Xiao and Siqiao Ren and Zhongliang Zhao and Dapeng Oliver Wu},
  journal = {{IEEE} Trans. Commun.},
  title   = {Deep Reinforcement Learning Based Resource Allocation in Multi-{UAV}-Aided {MEC} Networks},
  year    = {2023},
  number  = {1},
  pages   = {296--309},
  volume  = {71},
}

@Article{Deng2022,
  author  = {Yiqin Deng and Zhigang Chen and Xianhao Chen and Yuguang Fang},
  journal = {{IEEE} Internet Things J.},
  title   = {Throughput Maximization for Multiedge Multiuser Edge Computing Systems},
  year    = {2022},
  number  = {1},
  pages   = {68--79},
  volume  = {9},
}

@Article{Zheng2022,
  author  = {Guangyuan Zheng and Chen Xu and Miaowen Wen and Xiongwen Zhao},
  journal = {{IEEE} Trans. Veh. Technol.},
  title   = {Service Caching Based Aerial Cooperative Computing and Resource Allocation in Multi-UAV Enabled {MEC} Systems},
  year    = {2022},
  number  = {10},
  pages   = {10934--10947},
  volume  = {71},
}

@Article{Zeng2019,
  author  = {Yong Zeng and Jie Xu and Rui Zhang},
  journal = {{IEEE} Trans. Wirel. Commun.},
  title   = {Energy Minimization for Wireless Communication With Rotary-Wing {UAV}},
  year    = {2019},
  number  = {4},
  pages   = {2329--2345},
  volume  = {18},
}

@Article{Chen2017,
  author  = {Mingzhe Chen and Mohammad Mozaffari and Walid Saad and Changchuan Yin and M{\'{e}}rouane Debbah and Choong Seon Hong},
  journal = {{IEEE} J. Sel. Areas Commun.},
  title   = {Caching in the Sky: {P}roactive Deployment of Cache-Enabled Unmanned Aerial Vehicles for Optimized Quality-of-Experience},
  year    = {2017},
  number  = {5},
  pages   = {1046--1061},
  volume  = {35},
}

@Article{Lee2024,
  author  = {Wonseok Lee and Taejoon Kim},
  journal = {{IEEE} Internet Things J.},
  title   = {Multiagent Reinforcement Learning in Controlling Offloading Ratio and Trajectory for Multi-UAV Mobile-Edge Computing},
  year    = {2024},
  number  = {2},
  pages   = {3417--3429},
  volume  = {11},
}

@Article{Li2024,
  author  = {Haozhe Li and Jiao Zhang and Haitao Zhao and Yiyang Ni and Jun Xiong and Jibo Wei},
  journal = {{IEEE} Trans. Veh. Technol.},
  title   = {Joint Optimization on Trajectory, Computation and Communication Resources in Information Freshness Sensitive {MEC} System},
  year    = {2024},
  number  = {3},
  pages   = {4162--4177},
  volume  = {73},
}

@Article{Yu2020,
  author  = {Zhe Yu and Yanmin Gong and Shimin Gong and Yuanxiong Guo},
  journal = {{IEEE} Internet Things J.},
  title   = {Joint Task Offloading and Resource Allocation in UAV-Enabled Mobile Edge Computing},
  year    = {2020},
  number  = {4},
  pages   = {3147--3159},
  volume  = {7},
}

@Article{Zhou2022,
  author  = {Xiaoyi Zhou and Liang Huang and Tong Ye and Weiqiang Sun},
  journal = {{IEEE} Internet Things J.},
  title   = {Computation Bits Maximization in {UAV}-Assisted {MEC} Networks With Fairness Constraint},
  year    = {2022},
  number  = {21},
  pages   = {20997--21009},
  volume  = {9},
}

@Article{Pervez2024,
  author  = {Farhan Pervez and Ajmery Sultana and Cungang Yang and Lian Zhao},
  journal = {{IEEE} Trans. Wirel. Commun.},
  title   = {Energy and Latency Efficient Joint Communication and Computation Optimization in a Multi-{UAV}-Assisted {MEC} Network},
  year    = {2024},
  number  = {3},
  pages   = {1728--1741},
  volume  = {23},
}

@Article{Dandapat2024,
  author  = {Jyotirindra Dandapat and Nishant Gupta and Satyam Agarwal and Brijesh Kumbhani},
  journal = {{IEEE} Trans. Intell. Veh.},
  title   = {Service Time Maximization for Data Collection in Multi-{UAV}-Aided Networks},
  year    = {2024},
  number  = {1},
  pages   = {328--337},
  volume  = {9},
}

@Article{Zhu2024,
  author  = {Yuchen Zhu and Bo Yang and Min Liu and Zhongcheng Li},
  journal = {{IEEE} Trans. Wirel. Commun.},
  title   = {{UAV} Trajectory Optimization for Large-Scale and Low-Power Data Collection: {A}n Attention-Reinforced Learning Scheme},
  year    = {2024},
  number  = {4},
  pages   = {3009--3024},
  volume  = {23},
}

@Article{Du2024,
  author  = {Pengfei Du and Yueqiang Shi and Haotong Cao and Sahil Garg and Georges Kaddoum and Mubarak Alrashoud},
  journal = {{IEEE} Trans. Consumer Electron.},
  title   = {3-D Trajectory Optimization and Communication Resources Allocation in {UAV}-Assisted {IoT} Networks for Sustainable Industry 5.0},
  year    = {2024},
  number  = {1},
  pages   = {1423--1433},
  volume  = {70},
}

@Article{Liu2024,
  author  = {Kai Liu and Jun Zheng},
  journal = {{IEEE} Trans. Veh. Technol.},
  title   = {{UAV} Trajectory Planning With Interference Awareness in {UAV}-Enabled Time-Constrained Data Collection Systems},
  year    = {2024},
  number  = {2},
  pages   = {2799--2815},
  volume  = {73},
}

@Article{Zeng2023,
  author  = {Yao Zeng and Jianhua Tang},
  journal = {{IEEE} Trans. Veh. Technol.},
  title   = {MEC-Assisted Real-Time Data Acquisition and Processing for {UAV} With General Missions},
  year    = {2023},
  number  = {1},
  pages   = {1058--1072},
  volume  = {72},
}

@Article{Liu2024a,
  author  = {Jiayan Liu and Xiongwen Zhao and Peng Qin and Suiyan Geng and Zhiyu Chen and Hongxi Zhou},
  journal = {{IEEE} Trans. Netw. Sci. Eng.},
  title   = {Learning-Based Multi-{UAV} Assisted Data Acquisition and Computation for Information Freshness in {WPT} Enabled Space-Air-Ground {PIoT}},
  year    = {2024},
  number  = {1},
  pages   = {48--63},
  volume  = {11},
}

@Article{adnan2024,
  author   = {Adnan, Mohd Hirzi and Zukarnain, Zuriati Ahmad and Amodu, Oluwatosin Ahmed},
  journal  = {Comput. Sci. Rev.},
  title    = {Fundamental design aspects of {UAV}-enabled {MEC} systems: {A} review on models, challenges, and future opportunities},
  year     = {2024},
  pages    = {100615},
  volume   = {51},
  fjournal = {Computer Science Review},
}

@Article{Xu2024,
  author  = {Wenzheng Xu and Chengxi Wang and Hongbin Xie and Weifa Liang and Haipeng Dai and Zichuan Xu and Ziming Wang and Bing Guo and Sajal K. Das},
  journal = {{IEEE/ACM} Trans. Netw.},
  title   = {Reward Maximization for Disaster Zone Monitoring With Heterogeneous {UAV}s},
  year    = {2024},
  number  = {1},
  pages   = {890--903},
  volume  = {32},
}

@Article{Pei2022,
  author  = {Jiahui Pei and Hongbin Chen and Lei Shu},
  journal = {Comput. Networks},
  title   = {{UAV}-assisted connectivity enhancement algorithms for multiple isolated sensor networks in agricultural {I}nternet of Things},
  year    = {2022},
  pages   = {108854},
  volume  = {207},
}

@Article{Zhou2022a,
  author  = {Maowu Zhou and Hongbin Chen and Lei Shu and Ye Liu},
  journal = {{IEEE} Internet Things J.},
  title   = {{UAV}-Assisted Sleep Scheduling Algorithm for Energy-Efficient Data Collection in Agricultural {I}nternet of Things},
  year    = {2022},
  number  = {13},
  pages   = {11043--11056},
  volume  = {9},
}

@Article{Masuduzzaman2022,
  author  = {Md. Masuduzzaman and Anik Islam and Kazi Sadia and Soo Young Shin},
  journal = {Future Gener. Comput. Syst.},
  title   = {{UAV}-based {MEC}-assisted automated traffic management scheme using blockchain},
  year    = {2022},
  pages   = {256--270},
  volume  = {134},
}

@InProceedings{Elloumi2018,
  author    = {Mouna Elloumi and Riadh Dhaou and Beno{\^{\i}}t Escrig and Hanen Idoudi and Le{\"{\i}}la Azouz Sa{\"{\i}}dane},
  booktitle = {Proc. {IEEE} {WCNC}},
  title     = {Monitoring road traffic with a {UAV}-based system},
  year      = {2018},
  pages     = {1--6},
}

@Article{bando2012,
  author   = {Bando, Keisuke},
  journal  = {J. Math. Econ.},
  title    = {Many-to-one matching markets with externalities among firms},
  year     = {2012},
  number   = {1},
  pages    = {14--20},
  volume   = {48},
  fjournal = {Journal of Mathematical Economics},
}

@Article{Hoang2023,
  author  = {Linh T. Hoang and Chuyen T. Nguyen and Anh T. Pham},
  journal = {{IEEE/ACM} Trans. Netw.},
  title   = {Deep Reinforcement Learning-Based Online Resource Management for {UAV}-Assisted Edge Computing With Dual Connectivity},
  year    = {2023},
  number  = {6},
  pages   = {2761--2776},
  volume  = {31},
}

@Article{Hwang2022,
  author  = {Sangwon Hwang and Hoon Lee and Juseong Park and Inkyu Lee},
  journal = {{IEEE} Wirel. Commun.},
  title   = {Decentralized Computation Offloading with Cooperative {UAV}s: {M}ulti-Agent Deep Reinforcement Learning Perspective},
  year    = {2022},
  number  = {4},
  pages   = {24--31},
  volume  = {29},
}

@Article{Zhao2024,
  author  = {Tantan Zhao and Fan Li and Lijun He},
  journal = {{IEEE} Internet Things J.},
  title   = {Secure Video Offloading in Multi-UAV-Enabled {MEC} Networks: {A} Deep Reinforcement Learning Approach},
  year    = {2024},
  number  = {2},
  pages   = {2950--2963},
  volume  = {11},
}

@Article{You2019,
  author  = {Changsheng You and Rui Zhang},
  journal = {{IEEE} Trans. Wirel. Commun.},
  title   = {{3D} Trajectory Optimization in Rician Fading for {UAV}-Enabled Data Harvesting},
  year    = {2019},
  number  = {6},
  pages   = {3192--3207},
  volume  = {18},
}

@Article{Sun2023,
  author  = {Chao Sun and Xinxuan Xiong and Zhiyuan Zhai and Wei Ni and Tomoaki Ohtsuki and Xin Wang},
  journal = {{IEEE} Trans. Wirel. Commun.},
  title   = {Max-Min Fair {3D} Trajectory Design and Transmission Scheduling for Solar-Powered Fixed-Wing {UAV}-Assisted Data Collection},
  year    = {2023},
  number  = {12},
  pages   = {8650--8665},
  volume  = {22},
}

@Article{Wei2021,
  author  = {Dawei Wei and Jianfeng Ma and Linbo Luo and Yunbo Wang and Lei He and Xinghua Li},
  journal = {Comput. Networks},
  title   = {Computation offloading over multi-{UAV} {MEC} network: {A} distributed deep reinforcement learning approach},
  year    = {2021},
  pages   = {108439},
  volume  = {199},
}

@Article{Yang2020,
  author  = {Lei Yang and Haipeng Yao and Jingjing Wang and Chunxiao Jiang and Abderrahim Benslimane and Yunjie Liu},
  journal = {{IEEE} Internet Things J.},
  title   = {Multi-{UAV}-Enabled Load-Balance Mobile-Edge Computing for {IoT} Networks},
  year    = {2020},
  number  = {8},
  pages   = {6898--6908},
  volume  = {7},
}

@Article{Li2024a,
  author  = {Bin Li and Rongrong Yang and Lei Liu and Junyi Wang and Ning Zhang and Mianxiong Dong},
  journal = {{IEEE} Internet Things J.},
  title   = {Robust Computation Offloading and Trajectory Optimization for Multi-{UAV}-Assisted {MEC:} {A} Multiagent {DRL} Approach},
  year    = {2024},
  number  = {3},
  pages   = {4775--4786},
  volume  = {11},
}

@Article{seid2021a,
  author   = {Seid, Abegaz Mohammed and Boateng, Gordon Owusu and Anokye, Stephen and Kwantwi, Thomas and Sun, Guolin and Liu, Guisong},
  journal  = {IEEE Internet Things J.},
  title    = {Collaborative computation offloading and resource allocation in multi-{UAV}-assisted IoT networks: {A} deep reinforcement learning approach},
  year     = {2021},
  number   = {15},
  pages    = {12203--12218},
  volume   = {8},
  fjournal = {IEEE Internet of Things Journal},
}

@InProceedings{Wang2019,
  author    = {Liang Wang and Peiqiu Huang and Kezhi Wang and Guopeng Zhang and Lei Zhang and Nauman Aslam and Kun Yang},
  booktitle = {Proc. {IEEE} {IWCMC}},
  title     = {{RL}-{B}ased User Association and Resource Allocation for Multi-{UAV} enabled {MEC}},
  year      = {2019},
  pages     = {741--746},
}

@Article{Qin2021,
  author  = {Xintong Qin and Zhengyu Song and Yuanyuan Hao and Xin Sun},
  journal = {{IEEE} Wirel. Commun. Lett.},
  title   = {Joint Resource Allocation and Trajectory Optimization for Multi-{UAV}-Assisted Multi-Access Mobile Edge Computing},
  year    = {2021},
  number  = {7},
  pages   = {1400--1404},
  volume  = {10},
}

@Article{Wu2021,
  author  = {Qingqing Wu and Jie Xu and Yong Zeng and Derrick Wing Kwan Ng and Naofal Al{-}Dhahir and Robert Schober and A. Lee Swindlehurst},
  journal = {{IEEE} J. Sel. Areas Commun.},
  title   = {A Comprehensive Overview on {5G}-and-Beyond Networks With {UAV}s: {F}rom Communications to Sensing and Intelligence},
  year    = {2021},
  number  = {10},
  pages   = {2912--2945},
  volume  = {39},
}

@Article{Jiang2023,
  author  = {Xu Jiang and Min Sheng and Nan Zhao and Junyu Liu and Dusit Niyato and F. Richard Yu},
  journal = {{IEEE} Trans. Wirel. Commun.},
  title   = {Outage Analysis of {UAV}-Aided Networks With Underlaid Ambient Backscatter Communications},
  year    = {2023},
  number  = {11},
  pages   = {7492--7505},
  volume  = {22},
}

@Article{Haarnoja2018,
  author        = {Tuomas Haarnoja and Aurick Zhou and Kristian Hartikainen and George Tucker and Sehoon Ha and Jie Tan and Vikash Kumar and Henry Zhu and Abhishek Gupta and Pieter Abbeel and Sergey Levine},
  journal       = {CoRR},
  title         = {Soft Actor-Critic Algorithms and Applications},
  year          = {2018},
  volume        = {abs/1812.05905},
  archiveprefix = {arXiv},
}

@Article{Gale2013,
  author  = {D. Gale and L. S. Shapley},
  journal = {Am. Math. Mon.},
  title   = {College Admissions and the Stability of Marriage},
  year    = {2013},
  number  = {5},
  pages   = {386--391},
  volume  = {120},
}

@Article{Huo2024,
  author    = {Huo, Xin and Zhang, Hao and Wang, Zhuping and Yan, Huaicheng and Liu, Chun},
  journal   = {IEEE Trans. Cybern.},
  title     = {An Efficient Matching Game Approach to Association Formation in UAV-Enabled Hierarchical Distributed Learning},
  year      = {2024},
  fjournal  = {IEEE Transactions on Cybernetics},
  publisher = {IEEE},
}

@Article{wang2023a,
  author  = {Heng Wang and Haijun Zhang and Xiangnan Liu and Keping Long and Arumugam Nallanathan},
  journal = {{IEEE} Trans. Wirel. Commun.},
  title   = {Joint {UAV} Placement Optimization, Resource Allocation, and Computation Offloading for THz Band: {A} {DRL} Approach},
  year    = {2023},
  number  = {7},
  pages   = {4890--4900},
  volume  = {22},
}

@Article{Liu2022,
  author  = {Ying Liu and Junjie Yan and Xiaohui Zhao},
  journal = {{IEEE} Trans. Veh. Technol.},
  title   = {Deep Reinforcement Learning Based Latency Minimization for Mobile Edge Computing With Virtualization in Maritime {UAV} Communication Network},
  year    = {2022},
  number  = {4},
  pages   = {4225--4236},
  volume  = {71},
}

@Article{Wang2016,
  author  = {Yanting Wang and Min Sheng and Xijun Wang and Liang Wang and Jiandong Li},
  journal = {{IEEE} Trans. Commun.},
  title   = {Mobile-Edge Computing: {P}artial Computation Offloading Using Dynamic Voltage Scaling},
  year    = {2016},
  number  = {10},
  pages   = {4268--4282},
  volume  = {64},
}

@Article{Mu2021,
  author  = {Xidong Mu and Yuanwei Liu and Li Guo and Jiaru Lin and Zhiguo Ding},
  journal = {{IEEE} Trans. Veh. Technol.},
  title   = {Energy-Constrained {UAV} Data Collection Systems: {NOMA} and {OMA}},
  year    = {2021},
  number  = {7},
  pages   = {6898--6912},
  volume  = {70},
}

@Article{td32018,
  author        = {Scott Fujimoto and Herke van Hoof and David Meger},
  journal       = {CoRR},
  title         = {Addressing Function Approximation Error in Actor-Critic Methods},
  year          = {2018},
  volume        = {abs/1802.09477},
  archiveprefix = {arXiv},
}

@Article{ppo2017,
  author        = {John Schulman and Filip Wolski and Prafulla Dhariwal and Alec Radford and Oleg Klimov},
  journal       = {CoRR},
  title         = {Proximal Policy Optimization Algorithms},
  year          = {2017},
  volume        = {abs/1707.06347},
  archiveprefix = {arXiv},
}

@article{ZheSurvey,
  title={A Tutorial on Extremely Large-Scale {MIMO} for {6G}: Fundamentals, Signal Processing, and Applications},
  author = {{Wang}, Zhe and {Zhang}, Jiayi and {Du}, Hongyang and {Niyato}, Dusit and {Cui}, Shuguang and {Ai}, Bo and {Debbah}, M{\'e}rouane and {Letaief}, Khaled B. and {Poor}, H. Vincent},
  journal={IEEE Commun. Surveys Tuts.},
  year={2024},
  month={3rd quarter,},
  volume={26},
  number={3},
  pages={1560-1605},
}

@Article{li2024uav,
  author    = {Li, Wei and Li, Si and Shi, Huaguang and Yan, Wenhao and Zhou, Yi},
  journal   = {Appl. Intell.},
  title     = {{UAV}-enabled fair offloading for {MEC} networks: {A} {DRL} approach based on actor-critic parallel architecture},
  year      = {2024},
  number    = {4},
  pages     = {3529--3546},
  volume    = {54},
  fjournal  = {Applied Intelligence},
  publisher = {Springer},
}

@Article{Sun2023a,
  author  = {Jianfei Sun and Guowen Xu and Tianwei Zhang and Xuehuan Yang and Mamoun Alazab and Robert H. Deng},
  journal = {{IEEE} Trans. Inf. Forensics Secur.},
  title   = {Privacy-Aware and Security-Enhanced Efficient Matchmaking Encryption},
  year    = {2023},
  pages   = {4345--4360},
  volume  = {18},
}

@Article{sun2024privacy,
  author    = {Sun, Jianfei and Bao, Yangyang and Qiu, Weidong and Lu, Rongxing and Zhang, Songnian and Guan, Yunguo and Cheng, Xiaochun},
  journal   = {IEEE Trans. Dependable Secure Comput.},
  title     = {Privacy-preserving fine-grained data sharing with dynamic service for the cloud-edge {IoT}},
  year      = {2024},
  fjournal  = {IEEE Transactions on Dependable and Secure Computing},
  publisher = {IEEE},
}

@Article{Gu2021,
  author  = {Yixiao Gu and Yao Yao and Cheng Li and Bin Xia and Dingjie Xu and Chaoxian Zhang},
  journal = {{IEEE} Internet Things J.},
  title   = {Modeling and Analysis of Stochastic Mobile-Edge Computing Wireless Networks},
  year    = {2021},
  number  = {18},
  pages   = {14051--14065},
  volume  = {8},
}

@Article{Chen2023a,
  author  = {Qian Chen and Weixiao Meng and Tony Q. S. Quek and Shuyi Chen},
  journal = {{IEEE} J. Sel. Areas Commun.},
  title   = {Multi-Tier Hybrid Offloading for Computation-Aware {IoT} Applications in Civil Aircraft-Augmented {SAGIN}},
  year    = {2023},
  number  = {2},
  pages   = {399--417},
  volume  = {41},
}

@Article{Huang2024,
  author  = {Tao Huang and Zeru Fang and Qinqin Tang and Renchao Xie and Tianjiao Chen and F. Richard Yu},
  journal = {{IEEE} Trans. Mob. Comput.},
  title   = {Dual-Timescales Optimization of Task Scheduling and Resource Slicing in Satellite-Terrestrial Edge Computing Networks},
  year    = {2024},
  number  = {12},
  pages   = {14111--14126},
  volume  = {23},
}

@Article{dong2021,
  author    = {Dong, Jiong and Ota, Kaoru and Dong, Mianxiong},
  journal   = {IEEE Journal on Miniaturization for Air and Space Systems},
  title     = {UAV-based real-time survivor detection system in post-disaster search and rescue operations},
  year      = {2021},
  number    = {4},
  pages     = {209--219},
  volume    = {2},
  publisher = {IEEE},
}

@Article{Zheng2024,
  author  = {Xiaoya Zheng and Geng Sun and Jiahui Li and Shuang Liang and Qingqing Wu and Minghao Yin and Dusit Niyato and Victor C. M. Leung},
  journal = {{IEEE} Trans. Wirel. Commun.},
  title   = {Reliable and Energy-Efficient Communications via Collaborative Beamforming for {UAV} Networks},
  year    = {2024},
  number  = {10},
  pages   = {13235--13251},
  volume  = {23},
  ranking = {rank5},
}

@Article{Zhang2024,
  author  = {Chuang Zhang and Geng Sun and Qingqing Wu and Jiahui Li and Shuang Liang and Dusit Niyato and Victor C. M. Leung},
  journal = {{IEEE} Trans. Mob. Comput.},
  title   = {{UAV} Swarm-Enabled Collaborative Secure Relay Communications With Time-Domain Colluding Eavesdropper},
  year    = {2024},
  number  = {9},
  pages   = {8601--8619},
  volume  = {23},
  ranking = {rank5},
}

@Article{Sun2024,
  author  = {Geng Sun and Long He and Zemin Sun and Qingqing Wu and Shuang Liang and Jiahui Li and Dusit Niyato and Victor C. M. Leung},
  journal = {{IEEE} Trans. Mob. Comput.},
  title   = {Joint Task Offloading and Resource Allocation in Aerial-Terrestrial {UAV} Networks With Edge and Fog Computing for Post-Disaster Rescue},
  year    = {2024},
  number  = {9},
  pages   = {8582--8600},
  volume  = {23},
  ranking = {rank5},
}

@Article{Sun2024a,
  author  = {Geng Sun and Yixian Wang and Zemin Sun and Qingqing Wu and Jiawen Kang and Dusit Niyato and Victor C. M. Leung},
  journal = {{IEEE} Trans. Mob. Comput.},
  title   = {Multi-Objective Optimization for Multi-UAV-Assisted Mobile Edge Computing},
  year    = {2024},
  number  = {12},
  pages   = {14803--14820},
  volume  = {23},
  ranking = {rank5},
}

@Article{Huang2024a,
  author   = {Jiawei Huang and Aimin Wang and Geng Sun and Jiahui Li and Jiacheng Wang and Hongyang Du and Dusit Niyato},
  journal  = {IEEE Internet Things J.},
  title    = {Dual {UAV} Cluster-Assisted Maritime Physical Layer Secure Communications via Collaborative Beamforming},
  year     = {2024},
  pages    = {1-1},
  fjournal = {IEEE Internet of Things Journal},
  ranking  = {rank5},
}

@Article{Sun2024b,
  author   = {Zemin Sun and Geng Sun and Qingqing Wu and Long He and Shuang Liang and Hongyang Pan and Dusit Niyato and Chau Yuen and Victor C. M. Leung},
  journal  = {IEEE Trans. Mob. Comput.},
  title    = {{TJCCT}: {A} Two-timescale Approach for {UAV}-assisted Mobile Edge Computing},
  year     = {2024},
  pages    = {1-18},
  fjournal = {IEEE Transactions on Mobile Computing},
  ranking  = {rank5},
}

@Article{Liu2024b,
  author   = {Lingling Liu and Aimin Wang and Geng Sun and Jiahui Li and Hongyang Pan and Tony Q. S. Quek},
  journal  = {IEEE Trans. Veh. Technol.},
  title    = {Multi-objective Optimization for Data Collection in {UAV}-assisted Agricultural {IoT}},
  year     = {2024},
  pages    = {1-17},
  fjournal = {IEEE Transactions on Vehicular Technology},
  ranking  = {rank5},
}

@Article{Zhang2024a,
  author   = {Chuang Zhang and Geng Sun and Jiahui Li and Qingqing Wu and Jiacheng Wang and Dusit Niyato and Yuanwei Liu},
  journal  = {IEEE Trans. Mob. Comput.},
  title    = {Multi-Objective Aerial Collaborative Secure Communication Optimization Via Generative Diffusion Model-Enabled Deep Reinforcement Learning},
  year     = {2024},
  pages    = {1-18},
  fjournal = {IEEE Transactions on Mobile Computing},
  ranking  = {rank5},
}

@Comment{jabref-meta: databaseType:bibtex;}
