@ARTICLE{BoW,  
  title={Fast and incremental method for loop-closure detection using bags of visual words},
  author={Angeli, Adrien and Filliat, David and Doncieux, St{\'e}phane and Meyer, Jean-Arcady},
  journal={IEEE transactions on robotics},
  volume={24},
  number={5},
  pages={1027--1037},
  year={2008},
  publisher={IEEE}
}

@article{SIFT,
  title={Distinctive image features from scale-invariant keypoints},
  author={Lowe, David G},
  journal={International Journal of Computer Vision},
  volume={60},
  number={2},
  pages={91--110},
  year={2004}
}

@inproceedings{SPED,
  title={Deep learning features at scale for visual place recognition},
  author={Chen, Zetao and Jacobson, Adam and S{\"u}nderhauf, Niko and Upcroft, Ben and Liu, Lingqiao and Shen, Chunhua and Reid, Ian and Milford, Michael},
  booktitle={2017 IEEE international conference on robotics and automation (ICRA)},
  pages={3223--3230},
  year={2017},
  organization={IEEE}
}

@article{SURF,
  title={Speeded-up robust features (SURF)},
  author={Bay, Herbert and Ess, Andreas and Tuytelaars, Tinne and Van Gool, Luc},
  journal={Computer vision and image understanding},
  volume={110},
  number={3},
  pages={346--359},
  year={2008},
  publisher={Elsevier}
}

@inproceedings{aanet,
  title={AANet: Aggregation and Alignment Network with Semi-hard Positive Sample Mining for Hierarchical Place Recognition},
  author={Lu, Feng and Zhang, Lijun and Dong, Shuting and Chen, Baifan and Yuan, Chun},
  booktitle={2023 IEEE International Conference on Robotics and Automation (ICRA)},
  pages={11771--11778},
  year={2023},
  organization={IEEE}
}

@inproceedings{adapter,
  title={Parameter-efficient transfer learning for NLP},
  author={Houlsby, Neil and Giurgiu, Andrei and Jastrzebski, Stanislaw and Morrone, Bruna and De Laroussilhe, Quentin and Gesmundo, Andrea and Attariyan, Mona and Gelly, Sylvain},
  booktitle={International Conference on Machine Learning},
  pages={2790--2799},
  year={2019},
  organization={PMLR}
}

@article{anyloc,
  title={Anyloc: Towards universal visual place recognition},
  author={Keetha, Nikhil and Mishra, Avneesh and Karhade, Jay and Jatavallabhula, Krishna Murthy and Scherer, Sebastian and Krishna, Madhava and Garg, Sourav},
  journal={IEEE Robotics and Automation Letters},
  year={2023},
  publisher={IEEE}
}

@inproceedings{attentionVLAD,
  title={Attentional pyramid pooling of salient visual residuals for place recognition},
  author={Peng, Guohao and Zhang, Jun and Li, Heshan and Wang, Danwei},
  booktitle={Proceedings of the IEEE/CVF International Conference on Computer Vision},
  pages={885--894},
  year={2021}
}

@InProceedings{boq,
    author    = {Ali-bey, Amar and Chaib-draa, Brahim and Gigu\`ere, Philippe},
    title     = {{BoQ}: A Place is Worth a Bag of Learnable Queries},
    booktitle = {Proceedings of the IEEE/CVF Conference on Computer Vision and Pattern Recognition},
    year      = {2024},
    pages     = {17794-17803}
}

@inproceedings{categorization1,
  title={Improving condition-and environment-invariant place recognition with semantic place categorization},
  author={Garg, Sourav and Jacobson, Adam and Kumar, Swagat and Milford, Michael},
  booktitle={2017 IEEE/RSJ International Conference on Intelligent Robots and Systems (IROS)},
  pages={6863--6870},
  year={2017},
  organization={IEEE}
}

@inproceedings{categorization2,
  title={Don't look back: Robustifying place categorization for viewpoint-and condition-invariant place recognition},
  author={Garg, Sourav and Suenderhauf, Niko and Milford, Michael},
  booktitle={2018 IEEE International Conference on Robotics and Automation (ICRA)},
  pages={3645--3652},
  year={2018},
}

@inproceedings{clip,
  title={Learning transferable visual models from natural language supervision},
  author={Radford, Alec and Kim, Jong Wook and Hallacy, Chris and Ramesh, Aditya and Goh, Gabriel and Agarwal, Sandhini and Sastry, Girish and Askell, Amanda and Mishkin, Pamela and Clark, Jack and others},
  booktitle={International conference on machine learning},
  pages={8748--8763},
  year={2021},
  organization={PMLR}
}

@inproceedings{cosplace,
  title={Rethinking visual geo-localization for large-scale applications},
  author={Berton, Gabriele and Masone, Carlo and Caputo, Barbara},
  booktitle={Proceedings of the IEEE/CVF Conference on Computer Vision and Pattern Recognition},
  pages={4878--4888},
  year={2022}
}

@inproceedings{cricavpr,
  title={CricaVPR: Cross-image Correlation-aware Representation Learning for Visual Place Recognition},
  author={Lu, Feng and Lan, Xiangyuan and Zhang, Lijun and Jiang, Dongmei and Wang, Yaowei and Yuan, Chun},
  booktitle={Proceedings of the IEEE/CVF Conference on Computer Vision and Pattern Recognition (CVPR)},
  month={June},
  year={2024}
}

@inproceedings{crn,
  title={Learned contextual feature reweighting for image geo-localization},
  author={Jin Kim, Hyo and Dunn, Enrique and Frahm, Jan-Michael},
  booktitle={Proceedings of the IEEE Conference on Computer Vision and Pattern Recognition},
  pages={2136--2145},
  year={2017}
}

@inproceedings{delg,
  title={Unifying deep local and global features for image search},
  author={Cao, Bingyi and Araujo, Andre and Sim, Jack},
  booktitle={European Conference on Computer Vision},
  pages={726--743},
  year={2020},
  organization={Springer}
}

@inproceedings{dhevpr,
  title={Deep Homography Estimation for Visual Place Recognition},
  author={Lu, Feng and Dong, Shuting and Zhang, Lijun and Liu, Bingxi and Lan, Xiangyuan and Jiang, Dongmei and Yuan, Chun},
  booktitle={Proceedings of the AAAI Conference on Artificial Intelligence},
  year={2024},
  volume={38}, 
  number={9}, 
  pages={10341-10349}
}

@inproceedings{dino,
  title={Emerging properties in self-supervised vision transformers},
  author={Caron, Mathilde and others},
  booktitle={Proceedings of the IEEE/CVF international conference on computer vision},
  pages={9650--9660},
  year={2021}
}

@article{dinov2,
  title={Dinov2: Learning robust visual features without supervision},
  author={Oquab, Maxime and Darcet, Timoth{\'e}e and Moutakanni, Th{\'e}o and Vo, Huy and Szafraniec, Marc and Khalidov, Vasil and Fernandez, Pierre and Haziza, Daniel and Massa, Francisco and El-Nouby, Alaaeldin and others},
  journal={Transactions on Machine Learning Research},
  year={2023}
}

@article{gcl,
  title={Generalized contrastive optimization of siamese networks for place recognition},
  author={Leyva-Vallina, Mar{\'\i}a and Strisciuglio, Nicola and Petkov, Nicolai},
  journal={arXiv preprint arXiv:2103.06638},
  year={2021}
}

@inproceedings{gcl2,
  title={Data-efficient large scale place recognition with graded similarity supervision},
  author={Leyva-Vallina, Mar{\'\i}a and Strisciuglio, Nicola and Petkov, Nicolai},
  booktitle={Proceedings of the IEEE/CVF Conference on Computer Vision and Pattern Recognition},
  pages={23487--23496},
  year={2023}
}

@article{gem,
  title={Fine-tuning CNN image retrieval with no human annotation},
  author={Radenovi{\'c}, Filip and Tolias, Giorgos and Chum, Ond{\v{r}}ej},
  journal={IEEE transactions on pattern analysis and machine intelligence},
  volume={41},
  number={7},
  pages={1655--1668},
  year={2018},
  publisher={IEEE}
}

@inproceedings{geowarp,
  title={Viewpoint invariant dense matching for visual geolocalization},
  author={Berton, Gabriele and Masone, Carlo and Paolicelli, Valerio and Caputo, Barbara},
  booktitle={Proceedings of the IEEE/CVF International Conference on Computer Vision},
  pages={12169--12178},
  year={2021}
}

@article{gsv,
  title={Gsv-cities: Toward appropriate supervised visual place recognition},
  author={Ali-bey, Amar and Chaib-draa, Brahim and Gigu{\`e}re, Philippe},
  journal={Neurocomputing},
  volume={513},
  pages={194--203},
  year={2022},
  publisher={Elsevier}
}

@inproceedings{hashing2016,
  title={Deep supervised hashing for fast image retrieval},
  author={Liu, Haomiao and Wang, Ruiping and Shan, Shiguang and Chen, Xilin},
  booktitle={Proceedings of the IEEE conference on computer vision and pattern recognition},
  pages={2064--2072},
  year={2016}
}

@inproceedings{hashingforVPR1,
  author={Wu, Lang and Wu, Yihong},
  booktitle={2019 IEEE/RSJ International Conference on Intelligent Robots and Systems (IROS)}, 
  title={Deep Supervised Hashing with Similar Hierarchy for Place Recognition}, 
  year={2019},
  pages={3781-3786}
}

@article{hashingforVPR2,
  title={Pyramid transformer-based triplet hashing for robust visual place recognition},
  author={Li, Zhenyu and Xu, Pengjie},
  journal={Computer Vision and Image Understanding},
  volume={249},
  pages={104167},
  year={2024},
  publisher={Elsevier}
}

@inproceedings{hvpr,
  title={Hierarchical multi-process fusion for visual place recognition},
  author={Hausler, Stephen and Milford, Michael},
  booktitle={2020 IEEE International Conference on Robotics and Automation (ICRA)},
  pages={3327--3333},
  year={2020},
  organization={IEEE}
}

@inproceedings{landmarks2,
  title={Only look once, mining distinctive landmarks from convnet for visual place recognition},
  author={Chen, Zetao and Maffra, Fabiola and Sa, Inkyu and Chli, Margarita},
  booktitle={2017 IEEE/RSJ International Conference on Intelligent Robots and Systems (IROS)},
  pages={9--16},
  year={2017},
  organization={IEEE}
}

@INPROCEEDINGS{landmarks3, 
  title={Localizing discriminative visual landmarks for place recognition},
  author={Xin, Zhe and others},
  booktitle={2019 International conference on robotics and automation (ICRA)},
  pages={5979--5985},
  year={2019},
  organization={IEEE}
}

@inproceedings{lora,
title={Lo{RA}: Low-Rank Adaptation of Large Language Models},
author={Edward J Hu and others},
booktitle={International Conference on Learning Representations},
year={2022}
}

@inproceedings{lst,
  title={LST: ladder side-tuning for parameter and memory efficient transfer learning},
  author={Sung, Yi-Lin and Cho, Jaemin and Bansal, Mohit},
  booktitle={Proceedings of the 36th International Conference on Neural Information Processing Systems},
  pages={12991--13005},
  year={2022}
}

@inproceedings{metl,
  title={Time-Memory-and Parameter-Efficient Visual Adaptation},
  author={Mercea, Otniel-Bogdan and Gritsenko, Alexey and Schmid, Cordelia and Arnab, Anurag},
  booktitle={Proceedings of the IEEE/CVF Conference on Computer Vision and Pattern Recognition},
  pages={5536--5545},
  year={2024}
}

@inproceedings{mixvpr,
  title={Mixvpr: Feature mixing for visual place recognition},
  author={Ali-Bey, Amar and Chaib-Draa, Brahim and Giguere, Philippe},
  booktitle={Proceedings of the IEEE/CVF Winter Conference on Applications of Computer Vision},
  pages={2998--3007},
  year={2023}
}

@inproceedings{netvlad,
  title={NetVLAD: CNN architecture for weakly supervised place recognition},
  author={Arandjelovic, Relja and Gronat, Petr and Torii, Akihiko and Pajdla, Tomas and Sivic, Josef},
  booktitle={Proceedings of the IEEE conference on computer vision and pattern recognition},
  pages={5297--5307},
  year={2016}
}

@inproceedings{patchvlad,
  title={Patch-netvlad: Multi-scale fusion of locally-global descriptors for place recognition},
  author={Hausler, Stephen and Garg, Sourav and Xu, Ming and Milford, Michael and Fischer, Tobias},
  booktitle={Proceedings of the IEEE/CVF Conference on Computer Vision and Pattern Recognition},
  pages={14141--14152},
  year={2021}
}

@inproceedings{prompttuning,
  title={The Power of Scale for Parameter-Efficient Prompt Tuning},
  author={Lester, Brian and Al-Rfou, Rami and Constant, Noah},
  booktitle={Proceedings of the 2021 Conference on Empirical Methods in Natural Language Processing},
  year={2021},
  organization={Association for Computational Linguistics}
}

@inproceedings{r2former,
  title={R2former: Unified retrieval and reranking transformer for place recognition},
  author={Zhu, Sijie and Yang, Linjie and Chen, Chen and Shah, Mubarak and Shen, Xiaohui and Wang, Heng},
  booktitle={Proceedings of the IEEE/CVF Conference on Computer Vision and Pattern Recognition},
  pages={19370--19380},
  year={2023}
}

@InProceedings{salad,
    author    = {Izquierdo, Sergio and Civera, Javier},
    title     = {Optimal Transport Aggregation for Visual Place Recognition},
    booktitle = {Proceedings of the IEEE/CVF Conference on Computer Vision and Pattern Recognition (CVPR)},
    month     = {June},
    year      = {2024},
}

@inproceedings{selavpr,
  title={Towards Seamless Adaptation of Pre-trained Models for Visual Place Recognition},
  author={Lu, Feng and Zhang, Lijun and Lan, Xiangyuan and Dong, Shuting and Wang, Yaowei and Yuan, Chun},
  booktitle={The Twelfth International Conference on Learning Representations},
  year={2024}
}

@inproceedings{semantic,
  title={Semantics-aware visual localization under challenging perceptual conditions},
  author={Naseer, Tayyab and Oliveira, Gabriel L and Brox, Thomas and Burgard, Wolfram},
  booktitle={2017 IEEE International Conference on Robotics and Automation (ICRA)},
  pages={2614--2620},
  year={2017},
  organization={IEEE}
}

@article{seqnet,
  title={SeqNet: Learning descriptors for sequence-based hierarchical place recognition},
  author={Garg, Sourav and Milford, Michael},
  journal={IEEE Robotics and Automation Letters},
  volume={6},
  number={3},
  pages={4305--4312},
  year={2021},
  publisher={IEEE}
}

@inproceedings{sfrs,
  title={Self-supervising fine-grained region similarities for large-scale image localization},
  author={Ge, Yixiao and Wang, Haibo and Zhu, Feng and Zhao, Rui and Li, Hongsheng},
  booktitle={European conference on computer vision},
  pages={369--386},
  year={2020}
}

@article{speNetvlad,
  title={Spatial pyramid-enhanced NetVLAD with weighted triplet loss for place recognition},
  author={Yu, Jun and Zhu, Chaoyang and Zhang, Jian and Huang, Qingming and Tao, Dacheng},
  journal={IEEE transactions on neural networks and learning systems},
  volume={31},
  number={2},
  pages={661--674},
  year={2019},
  publisher={IEEE}
}

@article{sta-vpr,
  title={STA-VPR: Spatio-temporal alignment for visual place recognition},
  author={Lu, Feng and Chen, Baifan and Zhou, Xiang-Dong and Song, Dezhen},
  journal={IEEE Robotics and Automation Letters},
  volume={6},
  number={3},
  pages={4297--4304},
  year={2021},
  publisher={IEEE}
}

@inproceedings{structvpr,
  title={StructVPR: Distill Structural Knowledge with Weighting Samples for Visual Place Recognition},
  author={Shen, Yanqing and Zhou, Sanping and Fu, Jingwen and Wang, Ruotong and Chen, Shitao and Zheng, Nanning},
  booktitle={Proceedings of the IEEE/CVF Conference on Computer Vision and Pattern Recognition},
  pages={11217--11226},
  year={2023}
}

@INPROCEEDINGS{sunderhaufIROS2015, 
  title={On the performance of convnet features for place recognition},
  author={S{\"u}nderhauf, Niko and Shirazi, Sareh and Dayoub, Feras and Upcroft, Ben and Milford, Michael},
  booktitle={2015 IEEE/RSJ international conference on intelligent robots and systems (IROS)},
  pages={4297--4304},
  year={2015},
  organization={IEEE}
}

@article{tcl,
  title={TCL: Tightly Coupled Learning Strategy for Weakly Supervised Hierarchical Place Recognition},
  author={Shen, Yanqing and Wang, Ruotong and Zuo, Weiliang and Zheng, Nanning},
  journal={IEEE Robotics and Automation Letters},
  volume={7},
  number={2},
  pages={2684--2691},
  year={2022},
  publisher={IEEE}
}

@inproceedings{transvpr,
  title={TransVPR: Transformer-based place recognition with multi-level attention aggregation},
  author={Wang, Ruotong and Shen, Yanqing and Zuo, Weiliang and Zhou, Sanping and Zheng, Nanning},
  booktitle={Proceedings of the IEEE/CVF Conference on Computer Vision and Pattern Recognition},
  pages={13648--13657},
  year={2022}
}

@inproceedings{vit,
  title={An Image is Worth 16x16 Words: Transformers for Image Recognition at Scale},
  author={Dosovitskiy, Alexey and others},
  booktitle={International Conference on Learning Representations},
  year={2020}
}

@inproceedings{vlad2010,
  title={Aggregating local descriptors into a compact image representation},
  author={J{\'e}gou, Herv{\'e} and Douze, Matthijs and Schmid, Cordelia and P{\'e}rez, Patrick},
  booktitle={2010 IEEE computer society conference on computer vision and pattern recognition},
  pages={3304--3311},
  year={2010},
  organization={IEEE}
}

@inproceedings{wang2023image,
  title={Image as a foreign language: Beit pretraining for vision and vision-language tasks},
  author={Wang, Wenhui and Bao, Hangbo and Dong, Li and Bjorck, Johan and Peng, Zhiliang and Liu, Qiang and Aggarwal, Kriti and Mohammed, Owais Khan and Singhal, Saksham and Som, Subhojit and others},
  booktitle={Proceedings of the IEEE/CVF Conference on Computer Vision and Pattern Recognition},
  pages={19175--19186},
  year={2023}
}

@inproceedings{yin2019,
  title={A multi-domain feature learning method for visual place recognition},
  author={Yin, Peng and Xu, Lingyun and Li, Xueqian and Yin, Chen and Li, Yingli and Srivatsan, Rangaprasad Arun and Li, Lu and Ji, Jianmin and He, Yuqing},
  booktitle={2019 International Conference on Robotics and Automation (ICRA)},
  pages={319--324},
  year={2019},
  organization={IEEE}
}

