@inproceedings{chen2024spatialvlm,
  title={Spatialvlm: Endowing vision-language models with spatial reasoning capabilities},
  author={Chen, Boyuan and Xu, Zhuo and Kirmani, Sean and Ichter, Brain and Sadigh, Dorsa and Guibas, Leonidas and Xia, Fei},
  booktitle={Proceedings of the IEEE/CVF Conference on Computer Vision and Pattern Recognition},
  pages={14455--14465},
  year={2024}
}

@article{cheng2024spatialrgpt,
  title={SpatialRGPT: Grounded Spatial Reasoning in Vision Language Model},
  author={Cheng, An-Chieh and Yin, Hongxu and Fu, Yang and Guo, Qiushan and Yang, Ruihan and Kautz, Jan and Wang, Xiaolong and Liu, Sifei},
  journal={arXiv preprint arXiv:2406.01584},
  year={2024}
}

@inproceedings{goyal2017making,
  title={Making the v in vqa matter: Elevating the role of image understanding in visual question answering},
  author={Goyal, Yash and Khot, Tejas and Summers-Stay, Douglas and Batra, Dhruv and Parikh, Devi},
  booktitle={Proceedings of the IEEE conference on computer vision and pattern recognition},
  pages={6904--6913},
  year={2017}
}

@book{hess2013blender,
  title={Blender foundations: The essential guide to learning blender 2.5},
  author={Hess, Roland},
  year={2013},
  publisher={Routledge}
}

@inproceedings{hudson2019gqa,
  title={Gqa: A new dataset for real-world visual reasoning and compositional question answering},
  author={Hudson, Drew A and Manning, Christopher D},
  booktitle={Proceedings of the IEEE/CVF conference on computer vision and pattern recognition},
  pages={6700--6709},
  year={2019}
}

@inproceedings{johnson2017clevr,
  title={Clevr: A diagnostic dataset for compositional language and elementary visual reasoning},
  author={Johnson, Justin and Hariharan, Bharath and Van Der Maaten, Laurens and Fei-Fei, Li and Lawrence Zitnick, C and Girshick, Ross},
  booktitle={Proceedings of the IEEE conference on computer vision and pattern recognition},
  pages={2901--2910},
  year={2017}
}

@inproceedings{li2023super,
  title={Super-CLEVR: A virtual benchmark to diagnose domain robustness in visual reasoning},
  author={Li, Zhuowan and Wang, Xingrui and Stengel-Eskin, Elias and Kortylewski, Adam and Ma, Wufei and Van Durme, Benjamin and Yuille, Alan L},
  booktitle={Proceedings of the IEEE/CVF Conference on Computer Vision and Pattern Recognition},
  pages={14963--14973},
  year={2023}
}

@article{lindstrom2022clevr,
  title={Clevr-math: A dataset for compositional language, visual and mathematical reasoning},
  author={Lindstr{\"o}m, Adam Dahlgren and Abraham, Savitha Sam},
  journal={arXiv preprint arXiv:2208.05358},
  year={2022}
}

@inproceedings{qiu2016unrealcv,
  title={Unrealcv: Connecting computer vision to unreal engine},
  author={Qiu, Weichao and Yuille, Alan},
  booktitle={Computer Vision--ECCV 2016 Workshops: Amsterdam, The Netherlands, October 8-10 and 15-16, 2016, Proceedings, Part III 14},
  pages={909--916},
  year={2016},
  organization={Springer}
}

@book{sanders2016introduction,
  title={An introduction to Unreal engine 4},
  author={Sanders, Andrew},
  year={2016},
  publisher={AK Peters/CRC Press}
}

@inproceedings{singh2019towards,
  title={Towards vqa models that can read},
  author={Singh, Amanpreet and Natarajan, Vivek and Shah, Meet and Jiang, Yu and Chen, Xinlei and Batra, Dhruv and Parikh, Devi and Rohrbach, Marcus},
  booktitle={Proceedings of the IEEE/CVF conference on computer vision and pattern recognition},
  pages={8317--8326},
  year={2019}
}

@article{tong2024cambrian,
  title={Cambrian-1: A fully open, vision-centric exploration of multimodal llms},
  author={Tong, Shengbang and Brown, Ellis and Wu, Penghao and Woo, Sanghyun and Middepogu, Manoj and Akula, Sai Charitha and Yang, Jihan and Yang, Shusheng and Iyer, Adithya and Pan, Xichen and others},
  journal={arXiv preprint arXiv:2406.16860},
  year={2024}
}

@article{wang20243d,
  title={3D-Aware Visual Question Answering about Parts, Poses and Occlusions},
  author={Wang, Xingrui and Ma, Wufei and Li, Zhuowan and Kortylewski, Adam and Yuille, Alan L},
  journal={Advances in Neural Information Processing Systems},
  volume={36},
  year={2024}
}

@inproceedings{yue2024mmmu,
  title={Mmmu: A massive multi-discipline multimodal understanding and reasoning benchmark for expert agi},
  author={Yue, Xiang and Ni, Yuansheng and Zhang, Kai and Zheng, Tianyu and Liu, Ruoqi and Zhang, Ge and Stevens, Samuel and Jiang, Dongfu and Ren, Weiming and Sun, Yuxuan and others},
  booktitle={Proceedings of the IEEE/CVF Conference on Computer Vision and Pattern Recognition},
  pages={9556--9567},
  year={2024}
}

