@ARTICLE{10304337,
  author={Lin, Jiarong and Yuan, Chongjian and Cai, Yixi and Li, Haotian and Ren, Yunfan and Zou, Yuying and Hong, Xiaoping and Zhang, Fu},
  journal={IEEE Transactions on Robotics}, 
  title={ImMesh: An Immediate LiDAR Localization and Meshing Framework}, 
  year={2023},
  volume={39},
  number={6},
  pages={4312-4331},
  keywords={Image reconstruction;Real-time systems;Robot sensing systems;Location awareness;Surface reconstruction;Laser radar;Reconstruction algorithms;3-D reconstruction;mapping;simultaneous localization and mapping (SLAM)},
  doi={10.1109/TRO.2023.3321227}}

@ARTICLE{121791,
  author={Besl, P.J. and McKay, Neil D.},
  journal={IEEE Transactions on Pattern Analysis and Machine Intelligence}, 
  title={A method for registration of 3-D shapes}, 
  year={1992},
  volume={14},
  number={2},
  pages={239-256},
  keywords={Solid modeling;Motion estimation;Iterative closest point algorithm;Iterative algorithms;Testing;Inspection;Shape measurement;Iterative methods;Convergence;Quaternions},
  doi={10.1109/34.121791}}

@INPROCEEDINGS{132043,
  author={Chen, Y. and Medioni, G.},
  booktitle={Proceedings. 1991 IEEE International Conference on Robotics and Automation (ICRA)}, 
  title={Object modeling by registration of multiple range images}, 
  year={1991},
  volume={},
  number={},
  pages={2724-2729 vol.3},
  keywords={Biological system modeling;Intelligent robots;Object recognition;Design automation;Data acquisition;Manufacturing automation;Sensor phenomena and characterization;Intelligent systems;Registers;Contracts},
  doi={10.1109/ROBOT.1991.132043}}

@INPROCEEDINGS{8594299,
  author={Shan, Tixiao and Englot, Brendan},
  booktitle={2018 IEEE/RSJ International Conference on Intelligent Robots and Systems (IROS)}, 
  title={LeGO-LOAM: Lightweight and Ground-Optimized Lidar Odometry and Mapping on Variable Terrain}, 
  year={2018},
  volume={},
  number={},
  pages={4758-4765},
  keywords={Feature extraction;Three-dimensional displays;Laser radar;Image segmentation;Pose estimation;Real-time systems;Iterative closest point algorithm},
  doi={10.1109/IROS.2018.8594299}}

@INPROCEEDINGS{8793511,
  author={Ye, Haoyang and Chen, Yuying and Liu, Ming},
  booktitle={2019 International Conference on Robotics and Automation (ICRA)}, 
  title={Tightly Coupled 3D Lidar Inertial Odometry and Mapping}, 
  year={2019},
  volume={},
  number={},
  pages={3144-3150},
  keywords={Laser radar;Three-dimensional displays;Estimation;Robot sensing systems;Feature extraction;Optimization},
  doi={10.1109/ICRA.2019.8793511}}

@INPROCEEDINGS{9197440,
  author={Lin, Jiarong and Zhang, Fu},
  booktitle={2020 IEEE International Conference on Robotics and Automation (ICRA)}, 
  title={Loam livox: A fast, robust, high-precision LiDAR odometry and mapping package for LiDARs of small FoV}, 
  year={2020},
  volume={},
  number={},
  pages={3126-3131},
  keywords={Laser radar;Feature extraction;Three-dimensional displays;Measurement by laser beam;Laser noise;Real-time systems;Spinning},
  doi={10.1109/ICRA40945.2020.9197440}}

@INPROCEEDINGS{9197567,
  author={Qin, Chao and Ye, Haoyang and Pranata, Christian E. and Han, Jun and Zhang, Shuyang and Liu, Ming},
  booktitle={2020 IEEE International Conference on Robotics and Automation (ICRA)}, 
  title={LINS: A Lidar-Inertial State Estimator for Robust and Efficient Navigation}, 
  year={2020},
  volume={},
  number={},
  pages={8899-8906},
  keywords={Feature extraction;Laser radar;Three-dimensional displays;Kalman filters;Real-time systems;Optimization;Navigation},
  doi={10.1109/ICRA40945.2020.9197567}}

@INPROCEEDINGS{9341176,
  author={Shan, Tixiao and Englot, Brendan and Meyers, Drew and Wang, Wei and Ratti, Carlo and Rus, Daniela},
  booktitle={2020 IEEE/RSJ International Conference on Intelligent Robots and Systems (IROS)}, 
  title={LIO-SAM: Tightly-coupled Lidar Inertial Odometry via Smoothing and Mapping}, 
  year={2020},
  volume={},
  number={},
  pages={5135-5142},
  keywords={Laser radar;Smoothing methods;Three-dimensional displays;Real-time systems;Trajectory;Registers;Optimization},
  doi={10.1109/IROS45743.2020.9341176}}

@ARTICLE{9372856,
  author={Xu, Wei and Zhang, Fu},
  journal={IEEE Robotics and Automation Letters}, 
  title={FAST-LIO: A Fast, Robust LiDAR-Inertial Odometry Package by Tightly-Coupled Iterated Kalman Filter}, 
  year={2021},
  volume={6},
  number={2},
  pages={3317-3324},
  keywords={Laser radar;Kalman filters;Fuses;Feature extraction;Distortion measurement;Three-dimensional displays;Noise measurement;Aerial systems;localization;perception and autonomy;sensor fusion},
  doi={10.1109/LRA.2021.3064227}}

@ARTICLE{9392274,
  author={Li, Kailai and Li, Meng and Hanebeck, Uwe D.},
  journal={IEEE Robotics and Automation Letters}, 
  title={Towards High-Performance Solid-State-LiDAR-Inertial Odometry and Mapping}, 
  year={2021},
  volume={6},
  number={3},
  pages={5167-5174},
  keywords={Laser radar;Feature extraction;Three-dimensional displays;Robot sensing systems;Optimization;Real-time systems;Runtime;Sensor fusion;localization;mapping},
  doi={10.1109/LRA.2021.3070251}}

@INPROCEEDINGS{9636655,
  author={Wang, Han and Wang, Chen and Chen, Chun-Lin and Xie, Lihua},
  booktitle={2021 IEEE/RSJ International Conference on Intelligent Robots and Systems (IROS)}, 
  title={F-LOAM : Fast LiDAR Odometry and Mapping}, 
  year={2021},
  volume={},
  number={},
  pages={4390-4396},
  keywords={Location awareness;Simultaneous localization and mapping;Laser radar;Remotely guided vehicles;Pose estimation;Feature extraction;Distortion},
  doi={10.1109/IROS51168.2021.9636655}}

@ARTICLE{9697912,
  author={Xu, Wei and Cai, Yixi and He, Dongjiao and Lin, Jiarong and Zhang, Fu},
  journal={IEEE Transactions on Robotics}, 
  title={FAST-LIO2: Fast Direct LiDAR-Inertial Odometry}, 
  year={2022},
  volume={38},
  number={4},
  pages={2053-2073},
  keywords={Laser radar;Robots;Real-time systems;Feature extraction;Data structures;Point cloud compression;Kalman filters;Aerial systems;sensor fusion;simultaneous localization and mapping (SLAM)},
  doi={10.1109/TRO.2022.3141876}}

@ARTICLE{9813516,
  author={Yuan, Chongjian and Xu, Wei and Liu, Xiyuan and Hong, Xiaoping and Zhang, Fu},
  journal={IEEE Robotics and Automation Letters}, 
  title={Efficient and Probabilistic Adaptive Voxel Mapping for Accurate Online LiDAR Odometry}, 
  year={2022},
  volume={7},
  number={3},
  pages={8518-8525},
  keywords={Laser radar;Uncertainty;Noise measurement;Probabilistic logic;Measurement uncertainty;Three-dimensional displays;Point cloud compression;Mapping;Localization;SLAM},
  doi={10.1109/LRA.2022.3187250}}

@article{zhang2017low,
  title={Low-drift and real-time lidar odometry and mapping},
  author={Zhang, Ji and Singh, Sanjiv},
  journal={Autonomous robots},
  volume={41},
  number={2},
  pages={401--416},
  year={2017},
  publisher={Springer}
}

