@INPROCEEDINGS{5940562,
  author={Levinson, Jesse and Askeland, Jake and Becker, Jan and Dolson, Jennifer and Held, David and Kammel, Soeren and Kolter, J. Zico and Langer, Dirk and Pink, Oliver and Pratt, Vaughan and Sokolsky, Michael and Stanek, Ganymed and Stavens, David and Teichman, Alex and Werling, Moritz and Thrun, Sebastian},
  booktitle={2011 IEEE Intelligent Vehicles Symposium (IV)}, 
  title={Towards fully autonomous driving: Systems and algorithms}, 
  year={2011},
  volume={},
  number={},
  pages={163-168},
  keywords={Trajectory;Vehicles;Calibration;Laser beams;Vehicle dynamics;Planning;Software},
  doi={10.1109/IVS.2011.5940562}}
@INPROCEEDINGS{8461191,
  author={Cunha, Fernando and Youcef-Toumi, Kamal},
  booktitle={2018 IEEE International Conference on Robotics and Automation (ICRA)}, 
  title={Ultra-Wideband Radar for Robust Inspection Drone in Underground Coal Mines}, 
  year={2018},
  volume={},
  number={},
  pages={86-92},
  keywords={Coal mining;Ultra wideband radar;Robustness;Drones;Coal;Sensors},
  doi={10.1109/ICRA.2018.8461191}}
@article{ito2018small,
  title={Small imaging depth LIDAR and DCNN-based localization for automated guided vehicle},
  author={Ito, Seigo and Hiratsuka, Shigeyoshi and Ohta, Mitsuhiko and Matsubara, Hiroyuki and Ogawa, Masaru},
  journal={Sensors},
  volume={18},
  number={1},
  pages={177},
  year={2018},
  publisher={MDPI}
}
@article{zhang2017low,
  title={Low-drift and real-time lidar odometry and mapping},
  author={Zhang, Ji and Singh, Sanjiv},
  journal={Autonomous robots},
  volume={41},
  number={2},
  pages={401--416},
  year={2017},
  publisher={Springer}
}
@INPROCEEDINGS{9197440,
  author={Lin, Jiarong and Zhang, Fu},
  booktitle={2020 IEEE International Conference on Robotics and Automation (ICRA)}, 
  title={Loam livox: A fast, robust, high-precision LiDAR odometry and mapping package for LiDARs of small FoV}, 
  year={2020},
  volume={},
  number={},
  pages={3126-3131},
  keywords={Laser radar;Feature extraction;Three-dimensional displays;Measurement by laser beam;Laser noise;Real-time systems;Spinning},
  doi={10.1109/ICRA40945.2020.9197440}}
@ARTICLE{9357899,
  author={Wang, Han and Wang, Chen and Xie, Lihua},
  journal={IEEE Robotics and Automation Letters}, 
  title={Lightweight 3-D Localization and Mapping for Solid-State LiDAR}, 
  year={2021},
  volume={6},
  number={2},
  pages={1801-1807},
  keywords={Laser radar;Simultaneous localization and mapping;Feature extraction;Location awareness;Estimation;Three-dimensional displays;Real-time systems;Factory automation;mapping;SLAM},
  doi={10.1109/LRA.2021.3060392}}
@article{ WOS:000323204000012,
Author = {Bouaziz, Sofien and Tagliasacchi, Andrea and Pauly, Mark},
Title = {Sparse Iterative Closest Point},
Journal = {Computer Graphics Forum},
Year = {2013},
Volume = {32},
Number = {5},
Pages = {113-123},
DOI = {10.1111/cgf.12178},
ISSN = {0167-7055},
EISSN = {1467-8659},
ORCID-Numbers = {Pauly, Mark/0000-0003-4957-4825},
Unique-ID = {WOS:000323204000012},
}
@article{holland1977robust,
  title={Robust regression using iteratively reweighted least-squares},
  author={Holland, Paul W and Welsch, Roy E},
  journal={Communications in Statistics - Theory and Methods},
  volume={6},
  number={9},
  pages={813--827},
  year={1977},
  publisher={Taylor \& Francis}
}
@ARTICLE{121791,
  author={Besl, P.J. and McKay, Neil D.},
  journal={IEEE Transactions on Pattern Analysis and Machine Intelligence}, 
  title={A method for registration of 3-D shapes}, 
  year={1992},
  volume={14},
  number={2},
  pages={239-256},
  keywords={Solid modeling;Motion estimation;Iterative closest point algorithm;Iterative algorithms;Testing;Inspection;Shape measurement;Iterative methods;Convergence;Quaternions},
  doi={10.1109/34.121791}}
@INPROCEEDINGS{8594299,
  author={Shan, Tixiao and Englot, Brendan},
  booktitle={2018 IEEE/RSJ International Conference on Intelligent Robots and Systems (IROS)}, 
  title={LeGO-LOAM: Lightweight and Ground-Optimized Lidar Odometry and Mapping on Variable Terrain}, 
  year={2018},
  volume={},
  number={},
  pages={4758-4765},
  keywords={Feature extraction;Three-dimensional displays;Laser radar;Image segmentation;Pose estimation;Real-time systems;Iterative closest point algorithm},
  doi={10.1109/IROS.2018.8594299}}
@INPROCEEDINGS{9636655,
  author={Wang, Han and Wang, Chen and Chen, Chun-Lin and Xie, Lihua},
  booktitle={2021 IEEE/RSJ International Conference on Intelligent Robots and Systems (IROS)}, 
  title={F-LOAM : Fast LiDAR Odometry and Mapping}, 
  year={2021},
  volume={},
  number={},
  pages={4390-4396},
  keywords={Location awareness;Simultaneous localization and mapping;Laser radar;Remotely guided vehicles;Pose estimation;Feature extraction;Distortion},
  doi={10.1109/IROS51168.2021.9636655}}
@INPROCEEDINGS{7989739,
  author={Zhen, Weikun and Zeng, Sam and Soberer, Sebastian},
  booktitle={2017 IEEE International Conference on Robotics and Automation (ICRA)}, 
  title={Robust localization and localizability estimation with a rotating laser scanner}, 
  year={2017},
  volume={},
  number={},
  pages={6240-6245},
  keywords={Robot sensing systems;Measurement uncertainty;Robustness;Three-dimensional displays;Atmospheric measurements;Particle measurements},
  doi={10.1109/ICRA.2017.7989739}}
@INPROCEEDINGS{8793511,
  author={Ye, Haoyang and Chen, Yuying and Liu, Ming},
  booktitle={2019 International Conference on Robotics and Automation (ICRA)}, 
  title={Tightly Coupled 3D Lidar Inertial Odometry and Mapping}, 
  year={2019},
  volume={},
  number={},
  pages={3144-3150},
  keywords={Laser radar;Three-dimensional displays;Estimation;Robot sensing systems;Feature extraction;Optimization},
  doi={10.1109/ICRA.2019.8793511}}
@INPROCEEDINGS{9341176,
  author={Shan, Tixiao and Englot, Brendan and Meyers, Drew and Wang, Wei and Ratti, Carlo and Rus, Daniela},
  booktitle={2020 IEEE/RSJ International Conference on Intelligent Robots and Systems (IROS)}, 
  title={LIO-SAM: Tightly-coupled Lidar Inertial Odometry via Smoothing and Mapping}, 
  year={2020},
  volume={},
  number={},
  pages={5135-5142},
  keywords={Laser radar;Smoothing methods;Three-dimensional displays;Real-time systems;Trajectory;Registers;Optimization},
  doi={10.1109/IROS45743.2020.9341176}}
@ARTICLE{9392274,
  author={Li, Kailai and Li, Meng and Hanebeck, Uwe D.},
  journal={IEEE Robotics and Automation Letters}, 
  title={Towards High-Performance Solid-State-LiDAR-Inertial Odometry and Mapping}, 
  year={2021},
  volume={6},
  number={3},
  pages={5167-5174},
  keywords={Laser radar;Feature extraction;Three-dimensional displays;Robot sensing systems;Optimization;Real-time systems;Runtime;Sensor fusion;localization;mapping},
  doi={10.1109/LRA.2021.3070251}}
@INPROCEEDINGS{9197567,
  author={Qin, Chao and Ye, Haoyang and Pranata, Christian E. and Han, Jun and Zhang, Shuyang and Liu, Ming},
  booktitle={2020 IEEE International Conference on Robotics and Automation (ICRA)}, 
  title={LINS: A Lidar-Inertial State Estimator for Robust and Efficient Navigation}, 
  year={2020},
  volume={},
  number={},
  pages={8899-8906},
  keywords={Feature extraction;Laser radar;Three-dimensional displays;Kalman filters;Real-time systems;Optimization;Navigation},
  doi={10.1109/ICRA40945.2020.9197567}}
@ARTICLE{9372856,
  author={Xu, Wei and Zhang, Fu},
  journal={IEEE Robotics and Automation Letters}, 
  title={FAST-LIO: A Fast, Robust LiDAR-Inertial Odometry Package by Tightly-Coupled Iterated Kalman Filter}, 
  year={2021},
  volume={6},
  number={2},
  pages={3317-3324},
  keywords={Laser radar;Kalman filters;Fuses;Feature extraction;Distortion measurement;Three-dimensional displays;Noise measurement;Aerial systems;localization;perception and autonomy;sensor fusion},
  doi={10.1109/LRA.2021.3064227}}
@ARTICLE{9697912,
  author={Xu, Wei and Cai, Yixi and He, Dongjiao and Lin, Jiarong and Zhang, Fu},
  journal={IEEE Transactions on Robotics}, 
  title={FAST-LIO2: Fast Direct LiDAR-Inertial Odometry}, 
  year={2022},
  volume={38},
  number={4},
  pages={2053-2073},
  keywords={Laser radar;Robots;Real-time systems;Feature extraction;Data structures;Point cloud compression;Kalman filters;Aerial systems;sensor fusion;simultaneous localization and mapping (SLAM)},
  doi={10.1109/TRO.2022.3141876}}
@ARTICLE{9813516,
  author={Yuan, Chongjian and Xu, Wei and Liu, Xiyuan and Hong, Xiaoping and Zhang, Fu},
  journal={IEEE Robotics and Automation Letters}, 
  title={Efficient and Probabilistic Adaptive Voxel Mapping for Accurate Online LiDAR Odometry}, 
  year={2022},
  volume={7},
  number={3},
  pages={8518-8525},
  keywords={Laser radar;Uncertainty;Noise measurement;Probabilistic logic;Measurement uncertainty;Three-dimensional displays;Point cloud compression;Mapping;Localization;SLAM},
  doi={10.1109/LRA.2022.3187250}}
@ARTICLE{10304337,
  author={Lin, Jiarong and Yuan, Chongjian and Cai, Yixi and Li, Haotian and Ren, Yunfan and Zou, Yuying and Hong, Xiaoping and Zhang, Fu},
  journal={IEEE Transactions on Robotics}, 
  title={ImMesh: An Immediate LiDAR Localization and Meshing Framework}, 
  year={2023},
  volume={39},
  number={6},
  pages={4312-4331},
  keywords={Image reconstruction;Real-time systems;Robot sensing systems;Location awareness;Surface reconstruction;Laser radar;Reconstruction algorithms;3-D reconstruction;mapping;simultaneous localization and mapping (SLAM)},
  doi={10.1109/TRO.2023.3321227}}
@ARTICLE{888718,
  author={Zhang, Z.},
  journal={IEEE Transactions on Pattern Analysis and Machine Intelligence}, 
  title={A flexible new technique for camera calibration}, 
  year={2000},
  volume={22},
  number={11},
  pages={1330-1334},
  keywords={Cameras;Calibration;Computer vision;Layout;Lenses;Nonlinear distortion;Closed-form solution;Maximum likelihood estimation;Computer simulation;Testing},
  doi={10.1109/34.888718}}
@article{ WOS:000225857800003,
Author = {Sharma, G and Wu, WC and Daa, EN},
Title = {The CIEDE2000 color-difference formula: Implementation notes,
   supplementary test data, and mathematical observations},
Journal = {Color Research and Application},
Year = {2005},
Volume = {30},
Number = {1},
Pages = {21-30},
DOI = {10.1002/col.20070},
ISSN = {0361-2317},
EISSN = {1520-6378},
ResearcherID-Numbers = {Sharma, Greeshma/AAD-7218-2022
   Sharma, Gaurav/A-1154-2007},
ORCID-Numbers = {Sharma, Gaurav/0000-0001-9735-9519},
Unique-ID = {WOS:000225857800003},
}
@inproceedings{Diebel2006RepresentingA,
  title={Representing Attitude : Euler Angles , Unit Quaternions , and Rotation Vectors},
  author={James Diebel},
  year={2006},
}
@inproceedings{Ma2004AnIT,
  title={An Invitation to 3-D Vision},
  author={Yi Ma and Stefano Soatto and Jana Kosecka and S. Shankar Sastry},
  year={2004},
}
@book{ma2005invitation,
  title={An Invitation to 3-D Vision: From Images to Geometric Models},
  author={Ma, Y. and Soatto, S. and Koseck{\'a}, J. and Sastry, S.S.},
  isbn={9780387008936},
  lccn={2003045458},
  year={2005},
  publisher={Springer New York}
}
@book{barfoot2017state,
  title={State Estimation for Robotics: A Matrix Lie Group Approach},
  author={Barfoot, T. and Barfoot, T.D.},
  isbn={9781108506731},
  year={2017},
  publisher={Cambridge University Press}
}
@article{sier2023benchmark,
  title={A benchmark for multi-modal lidar slam with ground truth in gnss-denied environments},
  author={Sier, Ha and Li, Qingqing and Yu, Xianjia and Pe{\~n}a Queralta, Jorge and Zou, Zhuo and Westerlund, Tomi},
  journal={Remote Sensing},
  volume={15},
  number={13},
  pages={3314},
  year={2023},
  publisher={MDPI}
}
@INPROCEEDINGS{6385773,
  author={Sturm, Jürgen and Engelhard, Nikolas and Endres, Felix and Burgard, Wolfram and Cremers, Daniel},
  booktitle={2012 IEEE/RSJ International Conference on Intelligent Robots and Systems (IROS)}, 
  title={A benchmark for the evaluation of RGB-D SLAM systems}, 
  year={2012},
  volume={},
  number={},
  pages={573-580},
  keywords={Cameras;Simultaneous localization and mapping;Calibration;Trajectory;Visualization},
  doi={10.1109/IROS.2012.6385773}}
@INPROCEEDINGS{6248074,
  author={Geiger, Andreas and Lenz, Philip and Urtasun, Raquel},
  booktitle={2012 IEEE Conference on Computer Vision and Pattern Recognition}, 
  title={Are we ready for autonomous driving? The KITTI vision benchmark suite}, 
  year={2012},
  volume={},
  number={},
  pages={3354-3361},
  keywords={Benchmark testing;Cameras;Optical imaging;Visualization;Optical sensors;Measurement},
  doi={10.1109/CVPR.2012.6248074}}
@INPROCEEDINGS{132043,
  author={Chen, Y. and Medioni, G.},
  booktitle={Proceedings. 1991 IEEE International Conference on Robotics and Automation (ICRA)}, 
  title={Object modeling by registration of multiple range images}, 
  year={1991},
  volume={},
  number={},
  pages={2724-2729 vol.3},
  keywords={Biological system modeling;Intelligent robots;Object recognition;Design automation;Data acquisition;Manufacturing automation;Sensor phenomena and characterization;Intelligent systems;Registers;Contracts},
  doi={10.1109/ROBOT.1991.132043}}
