@article{terry2024icescore,
  author    = {Terry, Y.},
  title     = {{ICE-Score: Instructing Large Language Models to Evaluate Code}},
  journal   = {Proceedings of the 2024 Conference on AI and Code},
  year      = {2024},
  url       = {https://arxiv.org/abs/2304.14317} 
}

@article{wang2024validating,
  title   = {Validating LLM-Generated Programs with Metamorphic Prompt Testing},
  author  = {Wang, Xiaoyin and Zhu, Dakai},
  journal = {arXiv preprint arXiv:2406.06864},
  year    = {2024},
  url     = {https://arxiv.org/abs/2406.06864}
}

@article{yang2023geval,
  author    = {Yang, X. and others},
  title     = {{G-EVAL: NLG Evaluation using GPT-4 with Better Human Alignment}},
  journal   = {arXiv preprint arXiv:2303.16634},
  year      = {2023},
  url       = {https://arxiv.org/abs/2303.16634}
}

