@article{yang2023geval,
  author    = {Yang, X. and others},
  title     = {{G-EVAL: NLG Evaluation using GPT-4 with Better Human Alignment}},
  journal   = {arXiv preprint arXiv:2303.16634},
  year      = {2023},
  url       = {https://arxiv.org/abs/2303.16634}
}

@article{terry2024icescore,
  author    = {Terry, Y.},
  title     = {{ICE-Score: Instructing Large Language Models to Evaluate Code}},
  journal   = {Proceedings of the 2024 Conference on AI and Code},
  year      = {2024},
  url       = {https://arxiv.org/abs/2304.14317} 
}

@article{xiaoyin2024metamorphic,
  author    = {Xiaoyin, L. and others},
  title     = {{Metamorphic Prompt Testing for LLM Code Validation}},
  journal   = {arXiv preprint arXiv:2406.06864},
  year      = {2024},
  url       = {https://arxiv.org/abs/2406.06864}
}

@article{white2024mof,
  title     = {The Model Openness Framework: Promoting Completeness and Openness for Reproducibility, Transparency, and Usability in Artificial Intelligence},
  author    = {White, Matt and Haddad, Ibrahim and Osborne, Cailean and Liu, Xiao-Yang and Abdelmonsef, Ahmed and Varghese, Sachin},
  journal   = {arXiv preprint arXiv:2403.13784},
  year      = {2024},
  url       = {https://arxiv.org/abs/2403.13784}
}

@inproceedings{evtikhiev2023evaluating,
  title     = {Out of the BLEU: How Should We Assess Quality of the Code Generation Models?},
  author    = {Evtikhiev, Mikhail and Pankevich, Alexey and Zakharov, Vladislav and Chernobrov, Dmitry and Ustalov, Dmitry},
  booktitle = {Proceedings of the 38th IEEE/ACM International Conference on Automated Software Engineering (ASE 2023)},
  year      = {2023},
  url       = {https://papers.ssrn.com/sol3/papers.cfm?abstract_id=4201043}
}

@article{hindle2016naturalness,
  title     = {On the Naturalness of Software},
  author    = {Hindle, Abram and Barr, Earl T. and Gabel, Mark and Su, Zhendong and Devanbu, Premkumar},
  journal   = {Communications of the ACM},
  volume    = {59},
  number    = {5},
  pages     = {122--131},
  year      = {2016},
  doi       = {10.1145/2902362},
  url       = {https://doi.org/10.1145/2902362}
}

@inproceedings{kulal2019spoc,
  title     = {{SPoC}: Search-based Pseudocode to Code},
  author    = {Sumith Kulal and others},
  booktitle = {Advances in Neural Information Processing Systems (NeurIPS)},
  year      = {2019},
  url       = {https://arxiv.org/abs/1906.04908}
}

@article{chen2021evaluating,
  title     = {Evaluating Large Language Models Trained on Code},
  author    = {Mark Chen and others},
  journal   = {arXiv preprint arXiv:2107.03374},
  year      = {2021},
  url       = {https://arxiv.org/abs/2107.03374}
}

@inproceedings{papineni2002bleu,
  title     = {BLEU: a Method for Automatic Evaluation of Machine Translation},
  author    = {Papineni, Kishore and others},
  booktitle = {Proceedings of the 40th Annual Meeting of the Association for Computational Linguistics},
  pages     = {311--318},
  year      = {2002},
  doi       = {10.3115/1073083.1073135},
  url       = {https://aclanthology.org/P02-1040/}
}

@inproceedings{lin2004rouge,
  title     = {ROUGE: A Package for Automatic Evaluation of Summaries},
  author    = {Lin, Chin-Yew},
  booktitle = {Text Summarization Branches Out},
  pages     = {74--81},
  year      = {2004},
  url       = {https://aclanthology.org/W04-1013/}
}

@article{ren2020codebleu,
  title     = {CodeBLEU: a Method for Automatic Evaluation of Code Synthesis},
  author    = {Ren, Shuo and others},
  journal   = {arXiv preprint arXiv:2009.10297},
  year      = {2020},
  url       = {https://arxiv.org/abs/2009.10297}
}

@article{zhou2023codebertscore,
  title     = {CodeBERTScore: Evaluating Code Generation with Pretrained Models of Code},
  author    = {Zhou, Shuyan and others},
  journal   = {arXiv preprint arXiv:2302.05527},
  year      = {2023},
  url       = {https://arxiv.org/abs/2302.05527}
}

@article{tong2024syntactic,
  title     = {CODEJUDGE: Evaluating Code Generation with Large Language Models},
  author    = {Weishi Tong and others},
  journal   = {arXiv preprint},
  volume    = {arXiv:2410.02184},
  year      = {2024},
  url       = {https://arxiv.org/abs/2410.02184}
}

@article{aiyyappa2022,
  title     = {A Comprehensive Survey on Code Generation Techniques},
  author    = {Aiyyappa, K. and Kumar, S. and Ramesh, V.},
  journal   = {International Journal of Advanced Computer Science and Applications},
  volume    = {13},
  number    = {5},
  pages     = {123--134},
  year      = {2022},
  url       = {https://thesai.org/Publications/ViewPaper?Volume=13&Issue=5&Code=IJACSA&SerialNo=16}
}

@article{arghavan2023github,
  title     = {GitHub Copilot AI pair programmer: Asset or Liability?},
  author    = {Arghavan, Vahid and Amin, Fouts and Michel, Zhen},
  journal   = {arXiv preprint arXiv:2206.15331},
  year      = {2023},
  url       = {https://arxiv.org/abs/2206.15331}
}

@article{barke2022grounded,
  title={Grounded Copilot: How Programmers Interact with Code-Generating Models},
  author={Barke, Shraddha and James, Michael B and Polikarpova, Nadia},
  journal={arXiv preprint arXiv:2206.15000},
  year={2022},
  url={https://arxiv.org/abs/2206.15000}
}

@article{wang2024validating,
  title   = {Validating LLM-Generated Programs with Metamorphic Prompt Testing},
  author  = {Wang, Xiaoyin and Zhu, Dakai},
  journal = {arXiv preprint arXiv:2406.06864},
  year    = {2024},
  url     = {https://arxiv.org/abs/2406.06864}
}

@inproceedings{vaithilingam2022expectation,
  author    = {Priyan Vaithilingam and Tianyi Zhang and Elena L. Glassman},
  title     = {Expectation vs. Experience: Evaluating the Usability of Code Generation Tools Powered by Large Language Models},
  booktitle = {CHI Conference on Human Factors in Computing Systems Extended Abstracts},
  year      = {2022},
  pages     = {1--7},
  publisher = {ACM},
  doi       = {10.1145/3491101.3519715}
}

