@inproceedings{article1,
  title={Local color correction using non-linear masking},
  author={Moroney, Nathan},
  booktitle={Color and Imaging conference},
  volume={8},
  pages={108--111},
  year={2000},
  organization={Society of Imaging Science and Technology}
}

@article{article10,
  title={Enlightengan: Deep light enhancement without paired supervision},
  author={Jiang, Yifan and Gong, Xinyu and Liu, Ding and Cheng, Yu and Fang, Chen and Shen, Xiaohui and Yang, Jianchao and Zhou, Pan and Wang, Zhangyang},
  journal={IEEE transactions on image processing},
  volume={30},
  pages={2340--2349},
  year={2021},
  publisher={IEEE}
}

@inproceedings{article11,
  title={Uretinex-net: Retinex-based deep unfolding network for low-light image enhancement},
  author={Wu, Wenhui and Weng, Jian and Zhang, Pingping and Wang, Xu and Yang, Wenhan and Jiang, Jianmin},
  booktitle={Proceedings of the IEEE/CVF conference on computer vision and pattern recognition},
  pages={5901--5910},
  year={2022}
}

@inproceedings{article13,
  title={Gladnet: Low-light enhancement network with global awareness},
  author={Wang, Wenjing and Wei, Chen and Yang, Wenhan and Liu, Jiaying},
  booktitle={2018 13th IEEE international conference on automatic face \& gesture recognition (FG 2018)},
  pages={751--755},
  year={2018},
  organization={IEEE}
}

@inproceedings{article14,
  title={Zero-reference deep curve estimation for low-light image enhancement},
  author={Guo, Chunle and Li, Chongyi and Guo, Jichang and Loy, Chen Change and Hou, Junhui and Kwong, Sam and Cong, Runmin},
  booktitle={Proceedings of the IEEE/CVF conference on computer vision and pattern recognition},
  pages={1780--1789},
  year={2020}
}

@inproceedings{article15,
  title={Iterative prompt learning for unsupervised backlit image enhancement},
  author={Liang, Zhexin and Li, Chongyi and Zhou, Shangchen and Feng, Ruicheng and Loy, Chen Change},
  booktitle={Proceedings of the IEEE/CVF International Conference on Computer Vision},
  pages={8094--8103},
  year={2023}
}

@article{article16,
  title={Actionclip: A new paradigm for video action recognition},
  author={Wang, Mengmeng and Xing, Jiazheng and Liu, Yong},
  journal={arXiv preprint arXiv:2109.08472},
  year={2021}
}

@article{article17,
  title={A CLIP-enhanced method for video-language understanding},
  author={Li, Guohao and He, Feng and Feng, Zhifan},
  journal={arXiv preprint arXiv:2110.07137},
  year={2021}
}

@inproceedings{article18,
  title={Clip4caption: Clip for video caption},
  author={Tang, Mingkang and Wang, Zhanyu and Liu, Zhenhua and Rao, Fengyun and Li, Dian and Li, Xiu},
  booktitle={Proceedings of the 29th ACM International Conference on Multimedia},
  pages={4858--4862},
  year={2021}
}

@article{article2,
  title={The retinex theory of color vision},
  author={Land, Edwin H},
  journal={Scientific american},
  volume={237},
  number={6},
  pages={108--129},
  year={1977},
  publisher={JSTOR}
}

@article{article3,
  title={Realization of the contrast limited adaptive histogram equalization (CLAHE) for real-time image enhancement},
  author={Reza, Ali M},
  journal={Journal of VLSI signal processing systems for signal, image and video technology},
  volume={38},
  pages={35--44},
  year={2004},
  publisher={Springer}
}

@article{article33,
  title={Low-light image enhancement based on virtual exposure},
  author={Wang, Wencheng and Yan, Dongliang and Wu, Xiaojin and He, Weikai and Chen, Zhenxue and Yuan, Xiaohui and Li, Lun},
  journal={Signal Processing: Image Communication},
  volume={118},
  pages={117016},
  year={2023},
  publisher={Elsevier}
}

@article{article34,
  title={Low-FaceNet: Face Recognition-driven Low-light Image Enhancement},
  author={Fan, Yihua and Wang, Yongzhen and Liang, Dong and Chen, Yiping and Xie, Haoran and Wang, Fu Lee and Li, Jonathan and Wei, Mingqiang},
  journal={IEEE Transactions on Instrumentation and Measurement},
  year={2024},
  publisher={IEEE}
}

@inproceedings{article35,
  title={Retinexformer: One-stage retinex-based transformer for low-light image enhancement},
  author={Cai, Yuanhao and Bian, Hao and Lin, Jing and Wang, Haoqian and Timofte, Radu and Zhang, Yulun},
  booktitle={Proceedings of the IEEE/CVF International Conference on Computer Vision},
  pages={12504--12513},
  year={2023}
}

@inproceedings{article36,
  title={Implicit neural representation for cooperative low-light image enhancement},
  author={Yang, Shuzhou and Ding, Moxuan and Wu, Yanmin and Li, Zihan and Zhang, Jian},
  booktitle={Proceedings of the IEEE/CVF international conference on computer vision},
  pages={12918--12927},
  year={2023}
}

@inproceedings{article37,
  title={Learning a simple low-light image enhancer from paired low-light instances},
  author={Fu, Zhenqi and Yang, Yan and Tu, Xiaotong and Huang, Yue and Ding, Xinghao and Ma, Kai-Kuang},
  booktitle={Proceedings of the IEEE/CVF conference on computer vision and pattern recognition},
  pages={22252--22261},
  year={2023}
}

@article{article4,
  title={LLNet: A deep autoencoder approach to natural low-light image enhancement},
  author={Lore, Kin Gwn and Akintayo, Adedotun and Sarkar, Soumik},
  journal={Pattern Recognition},
  volume={61},
  pages={650--662},
  year={2017},
  publisher={Elsevier}
}

@article{article5,
  title={Msr-net: Low-light image enhancement using deep convolutional network},
  author={Shen, Liang and Yue, Zihan and Feng, Fan and Chen, Quan and Liu, Shihao and Ma, Jie},
  journal={arXiv preprint arXiv:1711.02488},
  year={2017}
}

@article{article7,
  title={Deep retinex decomposition for low-light enhancement. arXiv 2018},
  author={Wei, C and Wang, W and Yang, W and Liu, J},
  journal={arXiv preprint arXiv:1808.04560}
}

