@inproceedings{article1,
  title={Local color correction using non-linear masking},
  author={Moroney, Nathan},
  booktitle={Color and Imaging conference},
  volume={8},
  pages={108--111},
  year={2000},
  organization={Society of Imaging Science and Technology}
}
@article{article2,
  title={The retinex theory of color vision},
  author={Land, Edwin H},
  journal={Scientific american},
  volume={237},
  number={6},
  pages={108--129},
  year={1977},
  publisher={JSTOR}
}
@article{article3,
  title={Realization of the contrast limited adaptive histogram equalization (CLAHE) for real-time image enhancement},
  author={Reza, Ali M},
  journal={Journal of VLSI signal processing systems for signal, image and video technology},
  volume={38},
  pages={35--44},
  year={2004},
  publisher={Springer}
}
@article{article4,
  title={LLNet: A deep autoencoder approach to natural low-light image enhancement},
  author={Lore, Kin Gwn and Akintayo, Adedotun and Sarkar, Soumik},
  journal={Pattern Recognition},
  volume={61},
  pages={650--662},
  year={2017},
  publisher={Elsevier}
}
@article{article5,
  title={Msr-net: Low-light image enhancement using deep convolutional network},
  author={Shen, Liang and Yue, Zihan and Feng, Fan and Chen, Quan and Liu, Shihao and Ma, Jie},
  journal={arXiv preprint arXiv:1711.02488},
  year={2017}
}
@article{article6,
  title={Learning a deep single image contrast enhancer from multi-exposure images},
  author={Cai, Jianrui and Gu, Shuhang and Zhang, Lei},
  journal={IEEE Transactions on Image Processing},
  volume={27},
  number={4},
  pages={2049--2062},
  year={2018},
  publisher={IEEE}
}
@article{article7,
  title={Deep retinex decomposition for low-light enhancement. arXiv 2018},
  author={Wei, C and Wang, W and Yang, W and Liu, J},
  journal={arXiv preprint arXiv:1808.04560}
}
@inproceedings{article8,
  title={MBLLEN: Low-light image/video enhancement using cnns.},
  author={Lv, Feifan and Lu, Feng and Wu, Jianhua and Lim, Chongsoon},
  booktitle={BMVC},
  volume={220},
  number={1},
  pages={4},
  year={2018},
  organization={Northumbria University}
}
@inproceedings{article9,
  title={Kindling the darkness: A practical low-light image enhancer},
  author={Zhang, Yonghua and Zhang, Jiawan and Guo, Xiaojie},
  booktitle={Proceedings of the 27th ACM international conference on multimedia},
  pages={1632--1640},
  year={2019}
}
@article{article10,
  title={Enlightengan: Deep light enhancement without paired supervision},
  author={Jiang, Yifan and Gong, Xinyu and Liu, Ding and Cheng, Yu and Fang, Chen and Shen, Xiaohui and Yang, Jianchao and Zhou, Pan and Wang, Zhangyang},
  journal={IEEE transactions on image processing},
  volume={30},
  pages={2340--2349},
  year={2021},
  publisher={IEEE}
}
@inproceedings{article11,
  title={Uretinex-net: Retinex-based deep unfolding network for low-light image enhancement},
  author={Wu, Wenhui and Weng, Jian and Zhang, Pingping and Wang, Xu and Yang, Wenhan and Jiang, Jianmin},
  booktitle={Proceedings of the IEEE/CVF conference on computer vision and pattern recognition},
  pages={5901--5910},
  year={2022}
}
@inproceedings{article12,
  title={Learning transferable visual models from natural language supervision},
  author={Radford, Alec and Kim, Jong Wook and Hallacy, Chris and Ramesh, Aditya and Goh, Gabriel and Agarwal, Sandhini and Sastry, Girish and Askell, Amanda and Mishkin, Pamela and Clark, Jack and others},
  booktitle={International conference on machine learning},
  pages={8748--8763},
  year={2021},
  organization={PMLR}
}
@inproceedings{article13,
  title={Gladnet: Low-light enhancement network with global awareness},
  author={Wang, Wenjing and Wei, Chen and Yang, Wenhan and Liu, Jiaying},
  booktitle={2018 13th IEEE international conference on automatic face \& gesture recognition (FG 2018)},
  pages={751--755},
  year={2018},
  organization={IEEE}
}
@inproceedings{article14,
  title={Zero-reference deep curve estimation for low-light image enhancement},
  author={Guo, Chunle and Li, Chongyi and Guo, Jichang and Loy, Chen Change and Hou, Junhui and Kwong, Sam and Cong, Runmin},
  booktitle={Proceedings of the IEEE/CVF conference on computer vision and pattern recognition},
  pages={1780--1789},
  year={2020}
}
@inproceedings{article15,
  title={Iterative prompt learning for unsupervised backlit image enhancement},
  author={Liang, Zhexin and Li, Chongyi and Zhou, Shangchen and Feng, Ruicheng and Loy, Chen Change},
  booktitle={Proceedings of the IEEE/CVF International Conference on Computer Vision},
  pages={8094--8103},
  year={2023}
}
@article{article16,
  title={Actionclip: A new paradigm for video action recognition},
  author={Wang, Mengmeng and Xing, Jiazheng and Liu, Yong},
  journal={arXiv preprint arXiv:2109.08472},
  year={2021}
}
@article{article17,
  title={A CLIP-enhanced method for video-language understanding},
  author={Li, Guohao and He, Feng and Feng, Zhifan},
  journal={arXiv preprint arXiv:2110.07137},
  year={2021}
}
@inproceedings{article18,
  title={Clip4caption: Clip for video caption},
  author={Tang, Mingkang and Wang, Zhanyu and Liu, Zhenhua and Rao, Fengyun and Li, Dian and Li, Xiu},
  booktitle={Proceedings of the 29th ACM International Conference on Multimedia},
  pages={4858--4862},
  year={2021}
}
@article{article19,
  title={BacklitNet: A dataset and network for backlit image enhancement},
  author={Lv, Xiaoqian and Zhang, Shengping and Liu, Qinglin and Xie, Haozhe and Zhong, Bineng and Zhou, Huiyu},
  journal={Computer Vision and Image Understanding},
  volume={218},
  pages={103403},
  year={2022},
  publisher={Elsevier}
}
@article{article20,
  title={You only need 90k parameters to adapt light: a light weight transformer for image enhancement and exposure correction},
  author={Cui, Ziteng and Li, Kunchang and Gu, Lin and Su, Shenghan and Gao, Peng and Jiang, Zhengkai and Qiao, Yu and Harada, Tatsuya},
  journal={arXiv preprint arXiv:2205.14871},
  year={2022}
}
@inproceedings{article21,
  title={Toward fast, flexible, and robust low-light image enhancement},
  author={Ma, Long and Ma, Tengyu and Liu, Risheng and Fan, Xin and Luo, Zhongxuan},
  booktitle={Proceedings of the IEEE/CVF conference on computer vision and pattern recognition},
  pages={5637--5646},
  year={2022}
}
@article{article22,
  title={Development, effectiveness, and deficiency of China's coal mine safety supervision system},
  author={Wu, Bing and Wang, Jingxin and Qu, Baolin and Qi, Pengyuan and Meng, Yu},
  journal={Resources Policy},
  volume={82},
  pages={103524},
  year={2023},
  publisher={Elsevier}
}
@article{article23,
  title={Root causes of coal mine accidents: Characteristics of safety culture deficiencies based on accident statistics},
  author={Zhang, Jiangshi and Fu, Jing and Hao, Hongyu and Fu, Gui and Nie, Fangchao and Zhang, Wenyue},
  journal={Process Safety and Environmental Protection},
  volume={136},
  pages={78--91},
  year={2020},
  publisher={Elsevier}
}
@article{article24,
  title={Reform and development of coal mine safety in China: An analysis from government supervision, technical equipment, and miner education},
  author={Wang, Yuxin and Fu, Gui and Lyu, Qian and Wu, Yali and Jia, Qinsong and Yang, Xiaoyu and Li, Xiao},
  journal={Resources Policy},
  volume={77},
  pages={102777},
  year={2022},
  publisher={Elsevier}
}
@article{article25,
  title={Production and safety efficiency evaluation in Chinese coal mines: accident deaths as undesirable output},
  author={Song, Malin and Wang, Jianlin and Zhao, Jiajia and Bale{\v{z}}entis, Tomas and Shen, Zhiyang},
  journal={Annals of operations research},
  volume={291},
  pages={827--845},
  year={2020},
  publisher={Springer}
}
@article{article26,
  title={Making standards for smart mining operations: Intelligent vehicles for autonomous mining transportation},
  author={Ge, Shirong and Wang, Fei-Yue and Yang, Jianjian and Ding, Zhen and Wang, Xiao and Li, Yuchen and Teng, Siyu and Liu, Zhongmin and Ai, Yunfeng and Chen, Long},
  journal={IEEE Transactions on Intelligent Vehicles},
  volume={7},
  number={3},
  pages={413--416},
  year={2022},
  publisher={IEEE}
}
@inproceedings{article27,
  title={Intelligent Internet of things service based on artificial intelligence technology},
  author={Zhang, Chao},
  booktitle={2021 IEEE 2nd international conference on big data, artificial intelligence and internet of things engineering (ICBAIE)},
  pages={731--734},
  year={2021},
  organization={IEEE}
}
@inproceedings{article28,
  title={Opportunistic cyberphysical services: A novel paradigm for the future Internet of Things},
  author={Fortino, Giancarlo and Russo, Wilma and Savaglio, Claudio and Viroli, Mirko and Zhou, MengChu},
  booktitle={2018 IEEE 4th World Forum on Internet of Things (WF-IoT)},
  pages={488--492},
  year={2018},
  organization={IEEE}
}
@inproceedings{article29,
  title={The Role of the Internet of Things in the Telecom Sector},
  author={Illakya, T and Keerthana, B and Murugan, K and Venkatesh, P and Manikandan, M and Maran, K},
  booktitle={2024 International Conference on Communication, Computing and Internet of Things (IC3IoT)},
  pages={1--5},
  year={2024},
  organization={IEEE}
}
@inproceedings{article30,
  title={Technology of internet of things technology in the construction of smart mine},
  author={Zhao, Minghui},
  booktitle={2020 3rd International Conference on Artificial Intelligence and Big Data (ICAIBD)},
  pages={289--292},
  year={2020},
  organization={IEEE}
}
@article{article31,
  title={Internet of video things: Next-generation IoT with visual sensors},
  author={Chen, Chang Wen},
  journal={IEEE Internet of Things Journal},
  volume={7},
  number={8},
  pages={6676--6685},
  year={2020},
  publisher={IEEE}
}
@article{article32,
  title={Deep-learning-enhanced multitarget detection for end--edge--cloud surveillance in smart IoT},
  author={Zhou, Xiaokang and Xu, Xuesong and Liang, Wei and Zeng, Zhi and Yan, Zheng},
  journal={IEEE Internet of Things Journal},
  volume={8},
  number={16},
  pages={12588--12596},
  year={2021},
  publisher={IEEE}
}
@article{article33,
  title={Low-light image enhancement based on virtual exposure},
  author={Wang, Wencheng and Yan, Dongliang and Wu, Xiaojin and He, Weikai and Chen, Zhenxue and Yuan, Xiaohui and Li, Lun},
  journal={Signal Processing: Image Communication},
  volume={118},
  pages={117016},
  year={2023},
  publisher={Elsevier}
}
@article{article34,
  title={Low-FaceNet: Face Recognition-driven Low-light Image Enhancement},
  author={Fan, Yihua and Wang, Yongzhen and Liang, Dong and Chen, Yiping and Xie, Haoran and Wang, Fu Lee and Li, Jonathan and Wei, Mingqiang},
  journal={IEEE Transactions on Instrumentation and Measurement},
  year={2024},
  publisher={IEEE}
}
@inproceedings{article35,
  title={Retinexformer: One-stage retinex-based transformer for low-light image enhancement},
  author={Cai, Yuanhao and Bian, Hao and Lin, Jing and Wang, Haoqian and Timofte, Radu and Zhang, Yulun},
  booktitle={Proceedings of the IEEE/CVF International Conference on Computer Vision},
  pages={12504--12513},
  year={2023}
}
@inproceedings{article36,
  title={Implicit neural representation for cooperative low-light image enhancement},
  author={Yang, Shuzhou and Ding, Moxuan and Wu, Yanmin and Li, Zihan and Zhang, Jian},
  booktitle={Proceedings of the IEEE/CVF international conference on computer vision},
  pages={12918--12927},
  year={2023}
}
@inproceedings{article37,
  title={Learning a simple low-light image enhancer from paired low-light instances},
  author={Fu, Zhenqi and Yang, Yan and Tu, Xiaotong and Huang, Yue and Ding, Xinghao and Ma, Kai-Kuang},
  booktitle={Proceedings of the IEEE/CVF conference on computer vision and pattern recognition},
  pages={22252--22261},
  year={2023}
}
@article{article38,
  title={A Lightweight Small Object Detection Method Based On Multi-Layer Coordination Federated Intelligence for Coal Mine IoVT},
  author={Wu, Jiaqi and Zheng, Ruihan and Jiang, Jiade and Tian, Zijian and Chen, Wei and Wang, Zehua and Yu, Fei Richard and Leung, Victor CM},
  journal={IEEE Internet of Things Journal},
  year={2024},
  publisher={IEEE}
}
@article{article39,
  title={Small Insulator Defects Detection Based on Multi-Scale Feature Interaction Transformer for UAV-Assisted Power IoVT},
  author={Wu, Jiaqi and Jing, Rui and Bai, Yishuo and Tian, Zijian and Wei, Chen and Zhang, Shihao and Yu, F Richard and Leung, Victor CM},
  journal={IEEE Internet of Things Journal},
  year={2024},
  publisher={IEEE}
}
@article{article40,
  title={A Small Object Real-Time Detection Method for Power Line Inspection in Low-Illuminance Environments},
  author={Zhao, Yubo and Wu, Jiaqi and Chen, Wei and Wang, Zehua and Tian, Zijian and Yu, Fei Richard and Leung, Victor CM},
  journal={IEEE Transactions on Emerging Topics in Computational Intelligence},
  year={2024},
  publisher={IEEE}
}
@article{article41,
  author={Shi, Weisong and Cao, Jie and Zhang, Quan and Li, Youhuizi and Xu, Lanyu},
  journal={IEEE Internet of Things Journal}, 
  title={Edge Computing: Vision and Challenges}, 
  year={2016},
  volume={3},
  number={5},
  pages={637-646},
  keywords={Cloud computing;Internet of things;Bandwidth;Time factors;Mobile handsets;Data privacy;Smart homes;Edge computing;Internet of Things (IoT);smart home and city},
  doi={10.1109/JIOT.2016.2579198}}
