@InProceedings{Agustsson_2017_CVPR_Workshops,
	author = {Agustsson, Eirikur and Timofte, Radu},
	title = {NTIRE 2017 Challenge on Single Image Super-Resolution: Dataset and Study},
	booktitle = {CVPR},
	year = {2017}
} 

@article{yang2023hq,
  title={HQ-50K: A Large-scale, High-quality Dataset for Image Restoration},
  author={Yang, Qinhong and Chen, Dongdong and Tan, Zhentao and Liu, Qiankun and Chu, Qi and Bao, Jianmin and Yuan, Lu and Hua, Gang and Yu, Nenghai},
  journal={arXiv preprint arXiv:2306.05390},
  year={2023}
}
@inproceedings{docvqa,
  title={Docvqa: A dataset for vqa on document images},
  author={Mathew, Minesh and Karatzas, Dimosthenis and Jawahar, CV},
  booktitle={WACV},
  year={2021}
}
@inproceedings{hallusionbench,
  title={HallusionBench: an advanced diagnostic suite for entangled language hallucination and visual illusion in large vision-language models},
  author={Guan, Tianrui and Liu, Fuxiao and Wu, Xiyang and Xian, Ruiqi and Li, Zongxia and Liu, Xiaoyu and Wang, Xijun and Chen, Lichang and Huang, Furong and Yacoob, Yaser and others},
  booktitle={CVPR},
  year={2024}
}

@article{amber,
  title={An llm-free multi-dimensional benchmark for mllms hallucination evaluation},
  author={Wang, Junyang and Wang, Yuhang and Xu, Guohai and Zhang, Jing and Gu, Yukai and Jia, Haitao and Yan, Ming and Zhang, Ji and Sang, Jitao},
  journal={arXiv:2311.07397},
  year={2023}
}
@inproceedings{pope,
  title={Evaluating object hallucination in large vision-language models},
  author={Li, Yifan and Du, Yifan and Zhou, Kun and Wang, Jinpeng and Zhao, Wayne Xin and Wen, Ji-Rong},
  booktitle={EMNLP},
  year={2023}
}

@article{mmhal-bench,
  title={Aligning large multimodal models with factually augmented rlhf},
  author={Sun, Zhiqing and Shen, Sheng and Cao, Shengcao and Liu, Haotian and Li, Chunyuan and Shen, Yikang and Gan, Chuang and Gui, Liang-Yan and Wang, Yu-Xiong and Yang, Yiming and others},
  journal={arXiv:2309.14525},
  year={2023}
}

@article{li2023evaluating,
  title={Evaluating object hallucination in large vision-language models},
  author={Li, Yifan and Du, Yifan and Zhou, Kun and Wang, Jinpeng and Zhao, Wayne Xin and Wen, Ji-Rong},
  journal={arXiv preprint arXiv:2305.10355},
  year={2023}
}

@article{zhanganyattack,
  title={AnyAttack: Self-supervised Generation of Targeted Adversarial Attacks for Vision-Language Models},
  author={Zhang, Jiaming and Ye, Junhong and Ma, Xingjun and Li, Yige and Yang, Yunfan and Sang, Jitao and Yeung, Dit-Yan}
}
@inproceedings{kembhavi2016diagram,
title={A diagram is worth a dozen images},
author={Kembhavi, Aniruddha and Salvato, Mike and Kolve, Eric and Seo, Minjoon and Hajishirzi, Hannaneh and Farhadi, Ali},
booktitle={ECCV},
year={2016}
}
@article{chartqa,
  title={Chartqa: A benchmark for question answering about charts with visual and logical reasoning},
  author={Masry, Ahmed and Long, Do Xuan and Tan, Jia Qing and Joty, Shafiq and Hoque, Enamul},
  journal={arXiv:2203.10244},
  year={2022}
}
@article{li2024red,
  title={Red teaming visual language models},
  author={Li, Mukai and Li, Lei and Yin, Yuwei and Ahmed, Masood and Liu, Zhenguang and Liu, Qi},
  journal={arXiv preprint arXiv:2401.12915},
  year={2024}
}

@article{hu2024vlsbench,
  title={VLSBench: Unveiling Visual Leakage in Multimodal Safety},
  author={Hu, Xuhao and Liu, Dongrui and Li, Hao and Huang, Xuanjing and Shao, Jing},
  journal={arXiv preprint arXiv:2411.19939},
  year={2024}
}


@inproceedings{liu2015deep,
  title={Deep learning face attributes in the wild},
  author={Liu, Ziwei and Luo, Ping and Wang, Xiaogang and Tang, Xiaoou},
  booktitle={Proceedings of the IEEE international conference on computer vision},
  pages={3730--3738},
  year={2015}
}


@article{bai2022constitutional,
  title={Constitutional ai: Harmlessness from ai feedback},
  author={Bai, Yuntao and Kadavath, Saurav and Kundu, Sandipan and Askell, Amanda and Kernion, Jackson and Jones, Andy and Chen, Anna and Goldie, Anna and Mirhoseini, Azalia and McKinnon, Cameron and others},
  journal={arXiv preprint arXiv:2212.08073},
  year={2022}
}


@article{ouyang2022training,
  title={Training language models to follow instructions with human feedback},
  author={Ouyang, Long and Wu, Jeffrey and Jiang, Xu and Almeida, Diogo and Wainwright, Carroll and Mishkin, Pamela and Zhang, Chong and Agarwal, Sandhini and Slama, Katarina and Ray, Alex and others},
  journal={Advances in neural information processing systems},
  volume={35},
  pages={27730--27744},
  year={2022}
}


@inproceedings{zhang2021benchmarking,
  title={Benchmarking ultra-high-definition image super-resolution},
  author={Zhang, Kaihao and Li, Dongxu and Luo, Wenhan and Ren, Wenqi and Stenger, Bj{\"o}rn and Liu, Wei and Li, Hongdong and Yang, Ming-Hsuan},
  booktitle={ICCV},
  year={2021}
}

@inproceedings{mathew2021docvqa,
  title={Docvqa: A dataset for vqa on document images},
  author={Mathew, Minesh and Karatzas, Dimosthenis and Jawahar, CV},
  booktitle={WACV},
  year={2021}
}
@inproceedings{singh2019towards,
  title={Towards vqa models that can read},
  author={Singh, Amanpreet and Natarajan, Vivek and Shah, Meet and Jiang, Yu and Chen, Xinlei and Batra, Dhruv and Parikh, Devi and Rohrbach, Marcus},
  booktitle={CVPR},
  year={2019}
}

@misc{li2024multimodal,
      title={Multimodal ArXiv: A Dataset for Improving Scientific Comprehension of Large Vision-Language Models}, 
      author={Lei Li and Yuqi Wang and Runxin Xu and Peiyi Wang and Xiachong Feng and Lingpeng Kong and Qi Liu},
      year={2024},
      eprint={2403.00231},
      archivePrefix={arXiv},
      primaryClass={cs.CV}
}
@article{masry2022chartqa,
  title={Chartqa: A benchmark for question answering about charts with visual and logical reasoning},
  author={Masry, Ahmed and Long, Do Xuan and Tan, Jia Qing and Joty, Shafiq and Hoque, Enamul},
  journal={arXiv preprint arXiv:2203.10244},
  year={2022}
}
@article{fu2024limsim++,
  title={LimSim++: A Closed-Loop Platform for Deploying Multimodal LLMs in Autonomous Driving},
  author={Fu, Daocheng and Lei, Wenjie and Wen, Licheng and Cai, Pinlong and Mao, Song and Dou, Min and Shi, Botian and Qiao, Yu},
  journal={arXiv preprint arXiv:2402.01246},
  year={2024}
}
@article{yu2024self,
  title={Self-generated critiques boost reward modeling for language models},
  author={Yu, Yue and Chen, Zhengxing and Zhang, Aston and Tan, Liang and Zhu, Chenguang and Pang, Richard Yuanzhe and Qian, Yundi and Wang, Xuewei and Gururangan, Suchin and Zhang, Chao and others},
  journal={arXiv preprint arXiv:2411.16646},
  year={2024}
}

@article{li2024llava,
  title={Llava-onevision: Easy visual task transfer},
  author={Li, Bo and Zhang, Yuanhan and Guo, Dong and Zhang, Renrui and Li, Feng and Zhang, Hao and Zhang, Kaichen and Zhang, Peiyuan and Li, Yanwei and Liu, Ziwei and others},
  journal={arXiv preprint arXiv:2408.03326},
  year={2024}
}
@article{zhang2024video,
  title={Video instruction tuning with synthetic data},
  author={Zhang, Yuanhan and Wu, Jinming and Li, Wei and Li, Bo and Ma, Zejun and Liu, Ziwei and Li, Chunyuan},
  journal={arXiv preprint arXiv:2410.02713},
  year={2024}
}

@article{zhang2024debiasing,
  title={Debiasing large visual language models},
  author={Zhang, Yi-Fan and Yu, Weichen and Wen, Qingsong and Wang, Xue and Zhang, Zhang and Wang, Liang and Jin, Rong and Tan, Tieniu},
  journal={arXiv preprint arXiv:2403.05262},
  year={2024}
}

@article{li2024seed,
  title={SEED-Bench-2-Plus: Benchmarking Multimodal Large Language Models with Text-Rich Visual Comprehension},
  author={Li, Bohao and Ge, Yuying and Chen, Yi and Ge, Yixiao and Zhang, Ruimao and Shan, Ying},
  journal={arXiv preprint arXiv:2404.16790},
  year={2024}
}
@article{nan2024beyond,
  title={Beyond the Hype: A dispassionate look at vision-language models in medical scenario},
  author={Nan, Yang and Zhou, Huichi and Xing, Xiaodan and Yang, Guang},
  journal={arXiv preprint arXiv:2408.08704},
  year={2024}
}


@article{tuo2022construction,
  title={Construction and Application of a Human-Computer Collaborative Multimodal Practice Teaching Model for Preschool Education},
  author={Tuo, Meimei and Long, Baoxin},
  journal={Computational Intelligence and Neuroscience},
  volume={2022},
  number={1},
  pages={2973954},
  year={2022},
  publisher={Wiley Online Library}
}


@inproceedings{Liu4K, 
   author={J. Liu and D. Liu and W. Yang and S. Xia and X. Zhang and Y. Dai}, 
   booktitle={arXiv}, 
   title={A Comprehensive Benchmark for Single Image Compression Artifacts Reduction}, 
   year={2019}, 
   }

@article{sun2021fair1m,
    title     = {FAIR1M: A Benchmark Dataset for Fine-grained Object Recognition in High-Resolution Remote Sensing Imagery},
    author    = {Xian Sun and Peijin Wang and Zhiyuan Yan and F. Xu and Ruiping Wang and W. Diao and Jin Chen and Jihao Li and Yingchao Feng and Tao Xu and M. Weinmann and S. Hinz and Cheng Wang and K. Fu},
    journal   = {ISPRS},
    year      = {2021},
}


@article{hou2019v,
  title={V-RSIR: An open access web-based image annotation tool for remote sensing image retrieval},
  author={Hou, Dongyang and Miao, Zelang and Xing, Huaqiao and Wu, Hao},
  journal={IEEE Access},
  year={2019},
}

@article{tang2024mtvqa,
  title={MTVQA: Benchmarking Multilingual Text-Centric Visual Question Answering},
  author={Tang, Jingqun and Liu, Qi and Ye, Yongjie and Lu, Jinghui and Wei, Shu and Lin, Chunhui and Li, Wanqing and Mahmood, Mohamad Fitri Faiz Bin and Feng, Hao and Zhao, Zhen and others},
  journal={arXiv preprint arXiv:2405.11985},
  year={2024}
}


@article{yuan2019ctw,
  author  = {Tai{-}Ling Yuan and Zhe Zhu and Kun Xu and Cheng{-}Jun Li and Tai{-}Jiang Mu and Shi{-}Min Hu},
  title   = {A Large Chinese Text Dataset in the Wild},
  journal = {JCST},
  year    = {2019},
}

@article{fu2023mme,
  title={MME: A Comprehensive Evaluation Benchmark for Multimodal Large Language Models},
  author={Fu, Chaoyou and Chen, Peixian and Shen, Yunhang and Qin, Yulei and Zhang, Mengdan and Lin, Xu and Yang, Jinrui and Zheng, Xiawu and Li, Ke and Sun, Xing and others},
  journal={arXiv preprint arXiv:2306.13394},
  year={2023}
}

@article{fu2023challenger,
  title={A challenger to gpt-4v? early explorations of gemini in visual expertise},
  author={Fu, Chaoyou and Zhang, Renrui and Lin, Haojia and Wang, Zihan and Gao, Timin and Luo, Yongdong and Huang, Yubo and Zhang, Zhengye and Qiu, Longtian and Ye, Gaoxiang and others},
  journal={arXiv preprint arXiv:2312.12436},
  year={2023}
}


@article{liu2023mmbench,
  title={Mmbench: Is your multi-modal model an all-around player?},
  author={Liu, Yuan and Duan, Haodong and Zhang, Yuanhan and Li, Bo and Zhang, Songyang and Zhao, Wangbo and Yuan, Yike and Wang, Jiaqi and He, Conghui and Liu, Ziwei and others},
  journal={arXiv preprint arXiv:2307.06281},
  year={2023}
}

@article{chen2024rh20t,
  title={RH20T-P: A Primitive-Level Robotic Dataset Towards Composable Generalization Agents},
  author={Chen, Zeren and Shi, Zhelun and Lu, Xiaoya and He, Lehan and Qian, Sucheng and Fang, Hao Shu and Yin, Zhenfei and Ouyang, Wanli and Shao, Jing and Qiao, Yu and others},
  journal={arXiv preprint arXiv:2403.19622},
  year={2024}
}

@misc{DriveVLM,
title={DriveVLM: The Convergence of Autonomous Driving and Large Vision-Language Models},
author={Xiaoyu Tian and Junru Gu and Bailin Li and Yicheng Liu and Zhiyong Zhao and Yang Wang and Kun Zhan and Peng Jia and Xianpeng Lang and Hang Zhao},
year={2024},
eprint={2402.12289},
archivePrefix={arXiv},
primaryClass={cs.CV}
}
@article{deitke2024molmo,
  title={Molmo and pixmo: Open weights and open data for state-of-the-art multimodal models},
  author={Deitke, Matt and Clark, Christopher and Lee, Sangho and Tripathi, Rohun and Yang, Yue and Park, Jae Sung and Salehi, Mohammadreza and Muennighoff, Niklas and Lo, Kyle and Soldaini, Luca and others},
  journal={arXiv preprint arXiv:2409.17146},
  year={2024}
}
@article{dai2024nvlm,
  title={Nvlm: Open frontier-class multimodal llms},
  author={Dai, Wenliang and Lee, Nayeon and Wang, Boxin and Yang, Zhuolin and Liu, Zihan and Barker, Jon and Rintamaki, Tuomas and Shoeybi, Mohammad and Catanzaro, Bryan and Ping, Wei},
  journal={arXiv preprint arXiv:2409.11402},
  year={2024}
}

@article{agrawal2024pixtral,
  title={Pixtral 12B},
  author={Agrawal, Pravesh and Antoniak, Szymon and Hanna, Emma Bou and Bout, Baptiste and Chaplot, Devendra and Chudnovsky, Jessica and Costa, Diogo and De Monicault, Baudouin and Garg, Saurabh and Gervet, Theophile and others},
  journal={arXiv preprint arXiv:2410.07073},
  year={2024}
}

@misc{wu2024deepseekvl2mixtureofexpertsvisionlanguagemodels,
      title={DeepSeek-VL2: Mixture-of-Experts Vision-Language Models for Advanced Multimodal Understanding},
      author={Zhiyu Wu and Xiaokang Chen and Zizheng Pan and Xingchao Liu and Wen Liu and Damai Dai and Huazuo Gao and Yiyang Ma and Chengyue Wu and Bingxuan Wang and Zhenda Xie and Yu Wu and Kai Hu and Jiawei Wang and Yaofeng Sun and Yukun Li and Yishi Piao and Kang Guan and Aixin Liu and Xin Xie and Yuxiang You and Kai Dong and Xingkai Yu and Haowei Zhang and Liang Zhao and Yisong Wang and Chong Ruan},
      year={2024},
      eprint={2412.10302},
      archivePrefix={arXiv},
      primaryClass={cs.CV},
      url={https://arxiv.org/abs/2412.10302},
}
@article{amini2024direct,
  title={Direct preference optimization with an offset},
  author={Amini, Afra and Vieira, Tim and Cotterell, Ryan},
  journal={arXiv preprint arXiv:2402.10571},
  year={2024}
}
@article{abdin2024phi,
  title={Phi-3 technical report: A highly capable language model locally on your phone},
  author={Abdin, Marah and Aneja, Jyoti and Awadalla, Hany and Awadallah, Ahmed and Awan, Ammar Ahmad and Bach, Nguyen and Bahree, Amit and Bakhtiari, Arash and Bao, Jianmin and Behl, Harkirat and others},
  journal={arXiv preprint arXiv:2404.14219},
  year={2024}
}

@article{chen2024we,
title={Are We on the Right Way for Evaluating Large Vision-Language Models?},
author={Chen, Lin and Li, Jinsong and Dong, Xiaoyi and Zhang, Pan and Zang, Yuhang and Chen, Zehui and Duan, Haodong and Wang, Jiaqi and Qiao, Yu and Lin, Dahua and others},
journal={arXiv preprint arXiv:2403.20330},
year={2024}
}

@inproceedings{lu2022learn,
    title={Learn to Explain: Multimodal Reasoning via Thought Chains for Science Question Answering},
    author={Lu, Pan and Mishra, Swaroop and Xia, Tony and Qiu, Liang and Chang, Kai-Wei and Zhu, Song-Chun and Tafjord, Oyvind and Clark, Peter and Ashwin Kalyan},
    booktitle={NeurIPS},
    year={2022}
}

@article{chowdhury2024provably,
  title={Provably robust dpo: Aligning language models with noisy feedback},
  author={Chowdhury, Sayak Ray and Kini, Anush and Natarajan, Nagarajan},
  journal={arXiv preprint arXiv:2403.00409},
  year={2024}
}

@article{wu2024beta,
  title={$beta$-DPO: Direct Preference Optimization with Dynamic $beta$},
  author={Wu, Junkang and Xie, Yuexiang and Yang, Zhengyi and Wu, Jiancan and Gao, Jinyang and Ding, Bolin and Wang, Xiang and He, Xiangnan},
  journal={arXiv preprint arXiv:2407.08639},
  year={2024}
}


@article{hu2021lora,
  title={Lora: Low-rank adaptation of large language models},
  author={Hu, Edward J and Shen, Yelong and Wallis, Phillip and Allen-Zhu, Zeyuan and Li, Yuanzhi and Wang, Shean and Wang, Lu and Chen, Weizhu},
  journal={arXiv preprint arXiv:2106.09685},
  year={2021}
}

@inproceedings{yu2024mm,
  title={Mm-vet: Evaluating large multimodal models for integrated capabilities},
  author={Yu, Weihao and Yang, Zhengyuan and Li, Linjie and Wang, Jianfeng and Lin, Kevin and Liu, Zicheng and Wang, Xinchao and Wang, Lijuan},
  booktitle={ICML},
  year={2024}
}

@inproceedings{lu2024mathvista,
  author    = {Lu, Pan and Bansal, Hritik and Xia, Tony and Liu, Jiacheng and Li, Chunyuan and Hajishirzi, Hannaneh and Cheng, Hao and Chang, Kai-Wei and Galley, Michel and Gao, Jianfeng},
  title     = {MathVista: Evaluating Mathematical Reasoning of Foundation Models in Visual Contexts},
  booktitle={ICLR},
  year      = {2024}
}

@article{zhang2024mathverse,
  title={MathVerse: Does Your Multi-modal LLM Truly See the Diagrams in Visual Math Problems?},
  author={Zhang, Renrui and Jiang, Dongzhi and Zhang, Yichi and Lin, Haokun and Guo, Ziyu and Qiu, Pengshuo and Zhou, Aojun and Lu, Pan and Chang, Kai-Wei and Gao, Peng and others},
  journal={arXiv preprint arXiv:2403.14624},
  year={2024}
}

@article{li2024seed2plus,
  title={SEED-Bench-2-Plus: Benchmarking Multimodal Large Language Models with Text-Rich Visual Comprehension},
  author={Li, Bohao and Ge, Yuying and Chen, Yi and Ge, Yixiao and Zhang, Ruimao and Shan, Ying},
  journal={arXiv preprint arXiv:2404.16790},
  year={2024}
}

@article{li2023seed2,
  title={SEED-Bench-2: Benchmarking Multimodal Large Language Models},
  author={Li, Bohao and Ge, Yuying and Ge, Yixiao and Wang, Guangzhi and Wang, Rui and Zhang, Ruimao and Shan, Ying},
  journal={arXiv preprint arXiv:2311.17092},
  year={2023}
  }

@article{li2023seed,
  title={Seed-bench: Benchmarking multimodal llms with generative comprehension},
  author={Li, Bohao and Wang, Rui and Wang, Guangzhi and Ge, Yuying and Ge, Yixiao and Shan, Ying},
  journal={arXiv preprint arXiv:2307.16125},
  year={2023}
}

@misc{mmtbench,
    title={MMT-Bench: A Comprehensive Multimodal Benchmark for Evaluating Large Vision-Language Models Towards Multitask AGI}, 
    author={Kaining Ying and Fanqing Meng and Jin Wang and Zhiqian Li and Han Lin and Yue Yang and Hao Zhang and Wenbo Zhang and Yuqi Lin and Shuo Liu and Jiayi Lei and Quanfeng Lu and Runjian Chen and Peng Xu and Renrui Zhang and Haozhe Zhang and Peng Gao and Yali Wang and Yu Qiao and Ping Luo and Kaipeng Zhang and Wenqi Shao},
    year={2024},
    eprint={2404.16006},
    archivePrefix={arXiv},
    primaryClass={cs.CV}
}

@misc{han2023coremm,
  title={InfiMM-Eval: Complex Open-Ended Reasoning Evaluation For Multi-Modal Large Language Models}, 
  author={Xiaotian Han and Quanzeng You and Yongfei Liu and Wentao Chen and Huangjie Zheng and Khalil Mrini and Xudong Lin and Yiqi Wang and Bohan Zhai and Jianbo Yuan and Heng Wang and Hongxia Yang},
  year={2023},
  eprint={2311.11567},
  archivePrefix={arXiv},
  primaryClass={cs.CV}
}

@article{xu2023lvlm,
  title={Lvlm-ehub: A comprehensive evaluation benchmark for large vision-language models},
  author={Xu, Peng and Shao, Wenqi and Zhang, Kaipeng and Gao, Peng and Liu, Shuo and Lei, Meng and Meng, Fanqing and Huang, Siyuan and Qiao, Yu and Luo, Ping},
  journal={arXiv preprint arXiv:2306.09265},
  year={2023}
}

@inproceedings{gurari2018vizwiz,
  title={Vizwiz grand challenge: Answering visual questions from blind people},
  author={Gurari, Danna and Li, Qing and Stangl, Abigale J and Guo, Anhong and Lin, Chi and Grauman, Kristen and Luo, Jiebo and Bigham, Jeffrey P},
  booktitle={CVPR},
  year={2018}
}

@inproceedings{goyal2017making,
  title={Making the v in vqa matter: Elevating the role of image understanding in visual question answering},
  author={Goyal, Yash and Khot, Tejas and Summers-Stay, Douglas and Batra, Dhruv and Parikh, Devi},
  booktitle={CVPR},
  year={2017}
}

@article{yin2024lamm,
  title={Lamm: Language-assisted multi-modal instruction-tuning dataset, framework, and benchmark},
  author={Yin, Zhenfei and Wang, Jiong and Cao, Jianjian and Shi, Zhelun and Liu, Dingning and Li, Mukai and Huang, Xiaoshui and Wang, Zhiyong and Sheng, Lu and Bai, Lei and others},
  journal={NeurIPS},
  year={2024}
}

@article{lu2024wildvision,
  title={WildVision: Evaluating Vision-Language Models in the Wild with Human Preferences},
  author={Lu, Yujie and Jiang, Dongfu and Chen, Wenhu and Wang, William Yang and Choi, Yejin and Lin, Bill Yuchen},
  journal={arXiv preprint arXiv:2406.11069},
  year={2024}
}

@article{bai2023touchstone,
  title={Touchstone: Evaluating vision-language models by language models},
  author={Bai, Shuai and Yang, Shusheng and Bai, Jinze and Wang, Peng and Zhang, Xingxuan and Lin, Junyang and Wang, Xinggang and Zhou, Chang and Zhou, Jingren},
  journal={arXiv preprint arXiv:2308.16890},
  year={2023}
}

@article{bitton2023visit,
  title={Visit-bench: A benchmark for vision-language instruction following inspired by real-world use},
  author={Bitton, Yonatan and Bansal, Hritik and Hessel, Jack and Shao, Rulin and Zhu, Wanrong and Awadalla, Anas and Gardner, Josh and Taori, Rohan and Schimdt, Ludwig},
  journal={arXiv preprint arXiv:2308.06595},
  year={2023}
}

@article{fu2024blink,
  title={Blink: Multimodal large language models can see but not perceive},
  author={Fu, Xingyu and Hu, Yushi and Li, Bangzheng and Feng, Yu and Wang, Haoyu and Lin, Xudong and Roth, Dan and Smith, Noah A and Ma, Wei-Chiu and Krishna, Ranjay},
  journal={arXiv preprint arXiv:2404.12390},
  year={2024}
}

@article{tong2024cambrian,
  title={Cambrian-1: A Fully Open, Vision-Centric Exploration of Multimodal LLMs},
  author={Tong, Shengbang and Brown, Ellis and Wu, Penghao and Woo, Sanghyun and Middepogu, Manoj and Akula, Sai Charitha and Yang, Jihan and Yang, Shusheng and Iyer, Adithya and Pan, Xichen and others},
  journal={arXiv preprint arXiv:2406.16860},
  year={2024}
}

@misc{liu2024hidden,
      title={On the Hidden Mystery of OCR in Large Multimodal Models}, 
      author={Yuliang Liu and Zhang Li and Biao Yang and Chunyuan Li and Xucheng Yin and Cheng-lin Liu and Lianwen Jin and Xiang Bai},
      year={2024},
      eprint={2305.07895},
      archivePrefix={arXiv},
      primaryClass={cs.CV}
}
@article{yue2024mmmu,
  title={Mmmu-pro: A more robust multi-discipline multimodal understanding benchmark},
  author={Yue, Xiang and Zheng, Tianyu and Ni, Yuansheng and Wang, Yubo and Zhang, Kai and Tong, Shengbang and Sun, Yuxuan and Yu, Botao and Zhang, Ge and Sun, Huan and others},
  journal={arXiv preprint arXiv:2409.02813},
  year={2024}
}

@inproceedings{antol2015vqa,
  title={Vqa: Visual question answering},
  author={Antol, Stanislaw and Agrawal, Aishwarya and Lu, Jiasen and Mitchell, Margaret and Batra, Dhruv and Zitnick, C Lawrence and Parikh, Devi},
  booktitle={Proceedings of the IEEE international conference on computer vision},
  pages={2425--2433},
  year={2015}
}

@inproceedings{mishra2019ocr,
  title={Ocr-vqa: Visual question answering by reading text in images},
  author={Mishra, Anand and Shekhar, Shashank and Singh, Ajeet Kumar and Chakraborty, Anirban},
  booktitle={ICDAR},
  year={2019},
}

@inproceedings{mathew2022infographicvqa,
  title={Infographicvqa},
  author={Mathew, Minesh and Bagal, Viraj and Tito, Rub{\`e}n and Karatzas, Dimosthenis and Valveny, Ernest and Jawahar, CV},
  booktitle={Proceedings of the IEEE/CVF Winter Conference on Applications of Computer Vision},
  year={2022}
}


@article{chen2021websrc,
  title={Websrc: A dataset for web-based structural reading comprehension},
  author={Chen, Xingyu and Zhao, Zihan and Chen, Lu and Zhang, Danyang and Ji, Jiabao and Luo, Ao and Xiong, Yuxuan and Yu, Kai},
  journal={arXiv preprint arXiv:2101.09465},
  year={2021}
}

@article{zhang2024vcr,
  title={VCR: Visual Caption Restoration},
  author={Zhang, Tianyu and Wang, Suyuchen and Li, Lu and Zhang, Ge and Taslakian, Perouz and Rajeswar, Sai and Fu, Jie and Liu, Bang and Bengio, Yoshua},
  journal={arXiv preprint arXiv:2406.06462},
  year={2024}
}

@inproceedings{wichers2018resolving,
  title={Resolving referring expressions in images with labeled elements},
  author={Wichers, Nevan and Hakkani-T{\"u}r, Dilek and Chen, Jindong},
  booktitle={SLT},

  year={2018},

}

@article{li2020widget,
  title={Widget captioning: Generating natural language description for mobile user interface elements},
  author={Li, Yang and Li, Gang and He, Luheng and Zheng, Jingjie and Li, Hong and Guan, Zhiwei},
  journal={arXiv preprint arXiv:2010.04295},
  year={2020}
}

@inproceedings{wang2021screen2words,
  title={Screen2words: Automatic mobile UI summarization with multimodal learning},
  author={Wang, Bryan and Li, Gang and Zhou, Xin and Chen, Zhourong and Grossman, Tovi and Li, Yang},
  booktitle={UIST},
  year={2021}
}

@misc{hsiao2024screenqa,
      title={ScreenQA: Large-Scale Question-Answer Pairs over Mobile App Screenshots},
      author={Yu-Chung Hsiao and Fedir Zubach and Maria Wang and Jindong Chen},
      year={2024},
      eprint={2209.08199},
      archivePrefix={arXiv},
      primaryClass={cs.CL}
}

@article{sunkara2022towards,
  title={Towards better semantic understanding of mobile interfaces},
  author={Sunkara, Srinivas and Wag, Maria and Liu, Lijuan and Baechler, Gilles and Hsiao, Yu-Chung and Sharma, Abhanshu and Stout, James and others},
  journal={arXiv preprint arXiv:2210.02663},
  year={2022}
}

@article{baechler2024screenai,
  title={Screenai: A vision-language model for ui and infographics understanding},
  author={Baechler, Gilles and Sunkara, Srinivas and Wang, Maria and Zubach, Fedir and Mansoor, Hassan and Etter, Vincent and C{\u{a}}rbune, Victor and Lin, Jason and Chen, Jindong and Sharma, Abhanshu},
  journal={arXiv preprint arXiv:2402.04615},
  year={2024}
}

@article{you2024ferret,
  title={Ferret-UI: Grounded Mobile UI Understanding with Multimodal LLMs},
  author={You, Keen and Zhang, Haotian and Schoop, Eldon and Weers, Floris and Swearngin, Amanda and Nichols, Jeffrey and Yang, Yinfei and Gan, Zhe},
  journal={arXiv preprint arXiv:2404.05719},
  year={2024}
}

@inproceedings{das2018embodied,
  title={Embodied question answering},
  author={Das, Abhishek and Datta, Samyak and Gkioxari, Georgia and Lee, Stefan and Parikh, Devi and Batra, Dhruv},
  booktitle={CVPR},
  year={2018}
}

   @ARTICLE{Damen2021PAMI,
   title={The EPIC-KITCHENS Dataset: Collection, Challenges and Baselines},
   author={Damen, Dima and Doughty, Hazel and Farinella, Giovanni Maria  and Fidler, Sanja and 
           Furnari, Antonino and Kazakos, Evangelos and Moltisanti, Davide and Munro, Jonathan 
           and Perrett, Toby and Price, Will and Wray, Michael},
   journal={T-PAMI},
   year={2021},
} 

@inproceedings{burns2022dataset,
  title={A dataset for interactive vision-language navigation with unknown command feasibility},
  author={Burns, Andrea and Arsan, Deniz and Agrawal, Sanjna and Kumar, Ranjitha and Saenko, Kate and Plummer, Bryan A},
  booktitle={ECCV},
  year={2022}
}

@inproceedings{ma2022sqa3d,
  title={SQA3D: Situated Question Answering in 3D Scenes},
  author={Ma, Xiaojian and Yong, Silong and Zheng, Zilong and Li, Qing and Liang, Yitao and Zhu, Song-Chun and Huang, Siyuan},
  booktitle={ICLR},
  year={2023},
}

@inproceedings{grauman2022ego4d,
  title={Ego4d: Around the world in 3,000 hours of egocentric video},
  author={Grauman, Kristen and Westbury, Andrew and Byrne, Eugene and Chavis, Zachary and Furnari, Antonino and Girdhar, Rohit and Hamburger, Jackson and Jiang, Hao and Liu, Miao and Liu, Xingyu and others},
  booktitle={CVPR},
  year={2022}
}

@article{jia2022egotaskqa,
  title={Egotaskqa: Understanding human tasks in egocentric videos},
  author={Jia, Baoxiong and Lei, Ting and Zhu, Song-Chun and Huang, Siyuan},
  journal={NeurIPS},
  year={2022}
}

@inproceedings{datta2022episodic,
  title={Episodic memory question answering},
  author={Datta, Samyak and Dharur, Sameer and Cartillier, Vincent and Desai, Ruta and Khanna, Mukul and Batra, Dhruv and Parikh, Devi},
  booktitle={CVPR},
  year={2022}
}

@inproceedings{wang2024embodiedscan,
  title={Embodiedscan: A holistic multi-modal 3d perception suite towards embodied ai},
  author={Wang, Tai and Mao, Xiaohan and Zhu, Chenming and Xu, Runsen and Lyu, Ruiyuan and Li, Peisen and Chen, Xiao and Zhang, Wenwei and Chen, Kai and Xue, Tianfan and others},
  booktitle={CVPR},
  year={2024}
}

@article{kim2018textual,
  title={Textual Explanations for Self-Driving Vehicles},
  author={Kim, Jinkyu and Rohrbach, Anna and Darrell, Trevor and Canny, John and Akata, Zeynep},
  journal={ECCV},
  year={2018}
}

@InProceedings{kim2019CVPR,
        author = {Jinkyu Kim and Teruhisa Misu and Yi-Ting Chen and Ashish Tawari and John Canny},
        title = {Grounding Human-To-Vehicle Advice for Self-Driving Vehicles},
        booktitle = {CVPR},
        year = {2019}
}

@article{deruyttere2019talk2car,
  title={Talk2car: Taking control of your self-driving car},
  author={Deruyttere, Thierry and Vandenhende, Simon and Grujicic, Dusan and Van Gool, Luc and Moens, Marie-Francine},
  journal={arXiv preprint arXiv:1909.10838},
  year={2019}
}

@article{sima2023drivelm,
  title={DriveLM: Driving with Graph Visual Question Answering},
  author={Sima, Chonghao and Renz, Katrin and Chitta, Kashyap and Chen, Li and Zhang, Hanxue and Xie, Chengen and Luo, Ping and Geiger, Andreas and Li, Hongyang},
  journal={arXiv preprint arXiv:2312.14150},
  year={2023}
}

@inproceedings{malla2023drama,
  title={Drama: Joint risk localization and captioning in driving},
  author={Malla, Srikanth and Choi, Chiho and Dwivedi, Isht and Choi, Joon Hee and Li, Jiachen},
  booktitle={WACV},
  year={2023}
}

@inproceedings{sachdeva2024rank2tell,
  title={Rank2tell: A multimodal driving dataset for joint importance ranking and reasoning},
  author={Sachdeva, Enna and Agarwal, Nakul and Chundi, Suhas and Roelofs, Sean and Li, Jiachen and Kochenderfer, Mykel and Choi, Chiho and Dariush, Behzad},
  booktitle={WACV},
  year={2024}
}

@article{wu2023language,
  title={Language prompt for autonomous driving},
  author={Wu, Dongming and Han, Wencheng and Wang, Tiancai and Liu, Yingfei and Zhang, Xiangyu and Shen, Jianbing},
  journal={arXiv preprint arXiv:2309.04379},
  year={2023}
}

@inproceedings{qian2024nuscenes,
  title={Nuscenes-qa: A multi-modal visual question answering benchmark for autonomous driving scenario},
  author={Qian, Tianwen and Chen, Jingjing and Zhuo, Linhai and Jiao, Yang and Jiang, Yu-Gang},
  booktitle={AAAI},
  year={2024}
}

@article{nie2023reason2drive,
  title={Reason2drive: Towards interpretable and chain-based reasoning for autonomous driving},
  author={Nie, Ming and Peng, Renyuan and Wang, Chunwei and Cai, Xinyue and Han, Jianhua and Xu, Hang and Zhang, Li},
  journal={arXiv preprint arXiv:2312.03661},
  year={2023}
}

@article{marcu2023lingoqa,
  title={LingoQA: Video Question Answering for Autonomous Driving}, 
  author={Ana-Maria Marcu and Long Chen and Jan Hünermann and Alice Karnsund and Benoit Hanotte and Prajwal Chidananda and Saurabh Nair and Vijay Badrinarayanan and Alex Kendall and Jamie Shotton and Oleg Sinavski},
  journal={arXiv preprint arXiv:2312.14115},
  year={2023},
}

@inproceedings{huang2024smartedit,
  title={Smartedit: Exploring complex instruction-based image editing with multimodal large language models},
  author={Huang, Yuzhou and Xie, Liangbin and Wang, Xintao and Yuan, Ziyang and Cun, Xiaodong and Ge, Yixiao and Zhou, Jiantao and Dong, Chao and Huang, Rui and Zhang, Ruimao and others},
  booktitle={CVPR},
  year={2024}
}

@inproceedings{cheng-etal-2023-edit,
    title = "Can We Edit Multimodal Large Language Models?",
    author = "Cheng, Siyuan  and
      Tian, Bozhong  and
      Liu, Qingbin  and
      Chen, Xi  and
      Wang, Yongheng  and
      Chen, Huajun  and
      Zhang, Ningyu",
    editor = "Bouamor, Houda  and
      Pino, Juan  and
      Bali, Kalika",
    booktitle = "EMNLP",
    year = "2023",
}

@misc{huang2024vlkeb,
      title={VLKEB: A Large Vision-Language Model Knowledge Editing Benchmark}, 
      author={Han Huang and Haitian Zhong and Tao Yu and Qiang Liu and Shu Wu and Liang Wang and Tieniu Tan},
      year={2024},
      eprint={2403.07350},
      archivePrefix={arXiv}
}

@article{cai2023benchlmm,
  title={Benchlmm: Benchmarking cross-style visual capability of large multimodal models},
  author={Cai, Rizhao and Song, Zirui and Guan, Dayan and Chen, Zhenhao and Luo, Xing and Yi, Chenyu and Kot, Alex},
  journal={arXiv preprint arXiv:2312.02896},
  year={2023}
}

@article{tu2023how,
  title={How Many Unicorns Are In This Image? A Safety Evaluation Benchmark For Vision LLMs},
  author={Tu, Haoqin and Cui, Chenhang and Wang, Zijun and Zhou, Yiyang and Zhao, Bingchen and Han, Junlin and Zhou, Wangchunshu and Yao, Huaxiu and Xie, Cihang},
  journal={arXiv preprint arXiv:2311.16101},
  year={2023}
}

@article{zhang2024benchmarking,
  title={Benchmarking large multimodal models against common corruptions},
  author={Zhang, Jiawei and Pang, Tianyu and Du, Chao and Ren, Yi and Li, Bo and Lin, Min},
  journal={arXiv preprint arXiv:2401.11943},
  year={2024}
}

@article{AesBench,
    title={AesBench: An Expert Benchmark for Multimodal Large Language Models on Image Aesthetics Perception},
    author={Huang, Yipo and Yuan, Quan and Sheng, Xiangfei and Yang, Zhichao and Wu, Haoning and Chen, Pengfei and Yang, Yuzhe and Li, Leida and Lin, Weisi},
   journal={arXiv preprint arXiv:2401.08276},
    year={2024},
}

@article{li2024fakebench,
  title={FakeBench: Uncover the Achilles' Heels of Fake Images with Large Multimodal Models},
  author={Li, Yixuan and Liu, Xuelin and Wang, Xiaoyang and Wang, Shiqi and Lin, Weisi},
  journal={arXiv preprint arXiv:2404.13306},
  year={2024}
}

@article{chowdhery2023palm,
  title={Palm: Scaling language modeling with pathways},
  author={Chowdhery, Aakanksha and Narang, Sharan and Devlin, Jacob and Bosma, Maarten and Mishra, Gaurav and Roberts, Adam and Barham, Paul and Chung, Hyung Won and Sutton, Charles and Gehrmann, Sebastian and others},
  journal={JMLR},
  year={2023}
}

@article{anil2023palm,
  title={Palm 2 technical report},
  author={Anil, Rohan and Dai, Andrew M and Firat, Orhan and Johnson, Melvin and Lepikhin, Dmitry and Passos, Alexandre and Shakeri, Siamak and Taropa, Emanuel and Bailey, Paige and Chen, Zhifeng and others},
  journal={arXiv preprint arXiv:2305.10403},
  year={2023}
}

@article{muennighoff2022crosslingual,
  title={Crosslingual generalization through multitask finetuning},
  author={Muennighoff, Niklas and Wang, Thomas and Sutawika, Lintang and Roberts, Adam and Biderman, Stella and Scao, Teven Le and Bari, M Saiful and Shen, Sheng and Yong, Zheng-Xin and Schoelkopf, Hailey and others},
  journal={arXiv preprint arXiv:2211.01786},
  year={2022}
}

@article{fu2024vita,
  title={Vita: Towards open-source interactive omni multimodal llm},
  author={Fu, Chaoyou and Lin, Haojia and Long, Zuwei and Shen, Yunhang and Zhao, Meng and Zhang, Yifan and Dong, Shaoqi and Wang, Xiong and Yin, Di and Ma, Long and others},
  journal={arXiv preprint arXiv:2408.05211},
  year={2024}
}


@article{li2024vlrewardbench,
  title={VLRewardBench: A Challenging Benchmark for Vision-Language Generative Reward Models},
  author={Li, Lei and Wei, Yuancheng and Xie, Zhihui and Yang, Xuqing and Song, Yifan and Wang, Peiyi and An, Chenxin and Liu, Tianyu and Li, Sujian and Lin, Bill Yuchen and others},
  journal={arXiv preprint arXiv:2411.17451},
  year={2024}
}

@inproceedings{zhangmultitrust,
  title={MultiTrust: A Comprehensive Benchmark Towards Trustworthy Multimodal Large Language Models},
  author={Zhang, Yichi and Huang, Yao and Sun, Yitong and Liu, Chang and Zhao, Zhe and Fang, Zhengwei and Wang, Yifan and Chen, Huanran and Yang, Xiao and Wei, Xingxing and others},
  booktitle={The Thirty-eight Conference on Neural Information Processing Systems Datasets and Benchmarks Track}
}


@article{amirloo2024understanding,
  title={Understanding alignment in multimodal llms: A comprehensive study},
  author={Amirloo, Elmira and Fauconnier, Jean-Philippe and Roesmann, Christoph and Kerl, Christian and Boney, Rinu and Qian, Yusu and Wang, Zirui and Dehghan, Afshin and Yang, Yinfei and Gan, Zhe and others},
  journal={arXiv preprint arXiv:2407.02477},
  year={2024}
}


@article{zhang2024mme,
  title={MME-RealWorld: Could Your Multimodal LLM Challenge High-Resolution Real-World Scenarios that are Difficult for Humans?},
  author={Zhang, Yi-Fan and Zhang, Huanyu and Tian, Haochen and Fu, Chaoyou and Zhang, Shuangqing and Wu, Junfei and Li, Feng and Wang, Kun and Wen, Qingsong and Zhang, Zhang and others},
  journal={arXiv preprint arXiv:2408.13257},
  year={2024}
}


@article{touvron2023llama2,
  title={Llama 2: Open foundation and fine-tuned chat models},
  author={Touvron, Hugo and Martin, Louis and Stone, Kevin and Albert, Peter and Almahairi, Amjad and Babaei, Yasmine and Bashlykov, Nikolay and Batra, Soumya and Bhargava, Prajjwal and Bhosale, Shruti and others},
  journal={arXiv preprint arXiv:2307.09288},
  year={2023}
}

@article{team2023gemini,
  title={Gemini: a family of highly capable multimodal models},
  author={Team, Gemini and Anil, Rohan and Borgeaud, Sebastian and Wu, Yonghui and Alayrac, Jean-Baptiste and Yu, Jiahui and Soricut, Radu and Schalkwyk, Johan and Dai, Andrew M and Hauth, Anja and others},
  journal={arXiv preprint arXiv:2312.11805},
  year={2023}
}


@article{touvron2023llama,
  title={Llama: Open and efficient foundation language models},
  author={Touvron, Hugo and Lavril, Thibaut and Izacard, Gautier and Martinet, Xavier and Lachaux, Marie-Anne and Lacroix, Timoth{\'e}e and Rozi{\`e}re, Baptiste and Goyal, Naman and Hambro, Eric and Azhar, Faisal and others},
  journal={arXiv preprint arXiv:2302.13971},
  year={2023}
}

@misc{taori2023stanford,
  title={Stanford alpaca: An instruction-following llama model},
  author={Taori, Rohan and Gulrajani, Ishaan and Zhang, Tianyi and Dubois, Yann and Li, Xuechen and Guestrin, Carlos and Liang, Percy and Hashimoto, Tatsunori B},
  year={2023}
}
@article{chiang2023vicuna,
  title={Vicuna: An open-source chatbot impressing gpt-4 with 90\%* chatgpt quality},
  author={Chiang, Wei-Lin and Li, Zhuohan and Lin, Zi and Sheng, Ying and Wu, Zhanghao and Zhang, Hao and Zheng, Lianmin and Zhuang, Siyuan and Zhuang, Yonghao and Gonzalez, Joseph E and others},
  journal={See https://vicuna. lmsys. org (accessed 14 April 2023)},
  year={2023}
}
@article{jiang2023mistral,
  title={Mistral 7B},
  author={Jiang, Albert Q and Sablayrolles, Alexandre and Mensch, Arthur and Bamford, Chris and Chaplot, Devendra Singh and Casas, Diego de las and Bressand, Florian and Lengyel, Gianna and Lample, Guillaume and Saulnier, Lucile and others},
  journal={arXiv preprint arXiv:2310.06825},
  year={2023}
}

@article{awadalla2023openflamingo,
  title={Openflamingo: An open-source framework for training large autoregressive vision-language models},
  author={Awadalla, Anas and Gao, Irena and Gardner, Josh and Hessel, Jack and Hanafy, Yusuf and Zhu, Wanrong and Marathe, Kalyani and Bitton, Yonatan and Gadre, Samir and Sagawa, Shiori and others},
  journal={arXiv preprint arXiv:2308.01390},
  year={2023}
}
@article{laurenccon2024obelics,
  title={Obelics: An open web-scale filtered dataset of interleaved image-text documents},
  author={Lauren{\c{c}}on, Hugo and Saulnier, Lucile and Tronchon, L{\'e}o and Bekman, Stas and Singh, Amanpreet and Lozhkov, Anton and Wang, Thomas and Karamcheti, Siddharth and Rush, Alexander and Kiela, Douwe and others},
  journal={NeurIPS},
  year={2024}
}
@article{driess2023palm,
  title={Palm-e: An embodied multimodal language model},
  author={Driess, Danny and Xia, Fei and Sajjadi, Mehdi SM and Lynch, Corey and Chowdhery, Aakanksha and Ichter, Brian and Wahid, Ayzaan and Tompson, Jonathan and Vuong, Quan and Yu, Tianhe and others},
  journal={arXiv preprint arXiv:2303.03378},
  year={2023}
}
@article{li2023blip,
  title={Blip-2: Bootstrapping language-image pre-training with frozen image encoders and large language models},
  author={Li, Junnan and Li, Dongxu and Savarese, Silvio and Hoi, Steven},
  journal={arXiv preprint arXiv:2301.12597},
  year={2023}
}
@article{li2023otter,
  title={Otter: A multi-modal model with in-context instruction tuning},
  author={Li, Bo and Zhang, Yuanhan and Chen, Liangyu and Wang, Jinghao and Yang, Jingkang and Liu, Ziwei},
  journal={arXiv preprint arXiv:2305.03726},
  year={2023}
}
@article{ye2023mplug,
  title={mplug-owl: Modularization empowers large language models with multimodality},
  author={Ye, Qinghao and Xu, Haiyang and Xu, Guohai and Ye, Jiabo and Yan, Ming and Zhou, Yiyang and Wang, Junyang and Hu, Anwen and Shi, Pengcheng and Shi, Yaya and others},
  journal={arXiv preprint arXiv:2304.14178},
  year={2023}
}

@article{meta2024llama,
  title={Llama 3.2: Revolutionizing edge AI and vision with open, customizable models},
  author={Meta, AI},
  journal={Meta AI Blog. Retrieved December},
  volume={20},
  pages={2024},
  year={2024}
}

@article{chen2024far,
  title={How far are we to gpt-4v? closing the gap to commercial multimodal models with open-source suites},
  author={Chen, Zhe and Wang, Weiyun and Tian, Hao and Ye, Shenglong and Gao, Zhangwei and Cui, Erfei and Tong, Wenwen and Hu, Kongzhi and Luo, Jiapeng and Ma, Zheng and others},
  journal={arXiv preprint arXiv:2404.16821},
  year={2024}
}

@article{wang2024qwen2,
  title={Qwen2-vl: Enhancing vision-language model's perception of the world at any resolution},
  author={Wang, Peng and Bai, Shuai and Tan, Sinan and Wang, Shijie and Fan, Zhihao and Bai, Jinze and Chen, Keqin and Liu, Xuejing and Wang, Jialin and Ge, Wenbin and others},
  journal={arXiv preprint arXiv:2409.12191},
  year={2024}
}

@article{yu2023reformulating,
  title={Reformulating vision-language foundation models and datasets towards universal multimodal assistants},
  author={Yu, Tianyu and Hu, Jinyi and Yao, Yuan and Zhang, Haoye and Zhao, Yue and Wang, Chongyi and Wang, Shan and Pan, Yinxv and Xue, Jiao and Li, Dahai and others},
  journal={arXiv preprint arXiv:2310.00653},
  year={2023}
}
@article{liu2023visual,
  title={Visual instruction tuning},
  author={Liu, Haotian and Li, Chunyuan and Wu, Qingyang and Lee, Yong Jae},
  journal={arXiv preprint arXiv:2304.08485},
  year={2023}
}
@article{bai2023qwen,
  title={Qwen-vl: A frontier large vision-language model with versatile abilities},
  author={Bai, Jinze and Bai, Shuai and Yang, Shusheng and Wang, Shijie and Tan, Sinan and Wang, Peng and Lin, Junyang and Zhou, Chang and Zhou, Jingren},
  journal={arXiv preprint arXiv:2308.12966},
  year={2023}
}


@misc{fuyu-8b,
  author = {Bavishi, Rohan and Elsen, Erich and Hawthorne, Curtis and Nye, Maxwell and Odena, Augustus and Somani, Arushi and  Ta\c{s}\i{}rlar, Sa\u{g}nak},
  title = {Introducing our Multimodal Models},
  url = {https://www.adept.ai/blog/fuyu-8b},
  year = {2023}
}

@article{zhu2023minigpt,
  title={Minigpt-4: Enhancing vision-language understanding with advanced large language models},
  author={Zhu, Deyao and Chen, Jun and Shen, Xiaoqian and Li, Xiang and Elhoseiny, Mohamed},
  journal={arXiv preprint arXiv:2304.10592},
  year={2023}
}

@article{gpt4,
  title={Gpt-4 technical report},
  author={OpenAI.},
  year={2023}
}
@article{brown2020language,
  title={Language models are few-shot learners},
  author={Brown, Tom and Mann, Benjamin and Ryder, Nick and Subbiah, Melanie and Kaplan, Jared D and Dhariwal, Prafulla and Neelakantan, Arvind and Shyam, Pranav and Sastry, Girish and Askell, Amanda and others},
  journal={NeurIPS},
  year={2020}
}

@article{dai2024instructblip,
  title={Instructblip: Towards general-purpose vision-language models with instruction tuning},
  author={Dai, Wenliang and Li, Junnan and Li, Dongxu and Tiong, Anthony Meng Huat and Zhao, Junqi and Wang, Weisheng and Li, Boyang and Fung, Pascale N and Hoi, Steven},
  journal={NeurIPS},
  year={2024}
}

@article{liu2023improved,
  title={Improved baselines with visual instruction tuning},
  author={Liu, Haotian and Li, Chunyuan and Li, Yuheng and Lee, Yong Jae},
  journal={arXiv preprint arXiv:2310.03744},
  year={2023}
}
@article{li2023monkey,
  title={Monkey: Image resolution and text label are important things for large multi-modal models},
  author={Li, Zhang and Yang, Biao and Liu, Qiang and Ma, Zhiyin and Zhang, Shuo and Yang, Jingxu and Sun, Yabo and Liu, Yuliang and Bai, Xiang},
  journal={arXiv preprint arXiv:2311.06607},
  year={2023}
}
@article{mckinzie2024mm1,
  title={Mm1: Methods, analysis \& insights from multimodal llm pre-training},
  author={McKinzie, Brandon and Gan, Zhe and Fauconnier, Jean-Philippe and Dodge, Sam and Zhang, Bowen and Dufter, Philipp and Shah, Dhruti and Du, Xianzhi and Peng, Futang and Weers, Floris and others},
  journal={arXiv preprint arXiv:2403.09611},
  year={2024}
}
@article{zong2024safety,
  title={Safety fine-tuning at (almost) no cost: A baseline for vision large language models},
  author={Zong, Yongshuo and Bohdal, Ondrej and Yu, Tingyang and Yang, Yongxin and Hospedales, Timothy},
  journal={arXiv preprint arXiv:2402.02207},
  year={2024}
}

@misc{liu2024llavanext,
    title={LLaVA-NeXT: Improved reasoning, OCR, and world knowledge},
    url={https://llava-vl.github.io/blog/2024-01-30-llava-next/},
    author={Liu, Haotian and Li, Chunyuan and Li, Yuheng and Li, Bo and Zhang, Yuanhan and Shen, Sheng and Lee, Yong Jae},
    year={2024}
}

@article{chen2024sharegpt4video,
  title={Sharegpt4video: Improving video understanding and generation with better captions},
  author={Chen, Lin and Wei, Xilin and Li, Jinsong and Dong, Xiaoyi and Zhang, Pan and Zang, Yuhang and Chen, Zehui and Duan, Haodong and Lin, Bin and Tang, Zhenyu and others},
  journal={arXiv preprint arXiv:2406.04325},
  year={2024}
}


@inproceedings{liu2023mitigating,
  title={Mitigating hallucination in large multi-modal models via robust instruction tuning},
  author={Liu, Fuxiao and Lin, Kevin and Li, Linjie and Wang, Jianfeng and Yacoob, Yaser and Wang, Lijuan},
  booktitle={The Twelfth International Conference on Learning Representations},
  year={2023}
}


@article{sun2023aligning,
  title={Aligning large multimodal models with factually augmented rlhf},
  author={Sun, Zhiqing and Shen, Sheng and Cao, Shengcao and Liu, Haotian and Li, Chunyuan and Shen, Yikang and Gan, Chuang and Gui, Liang-Yan and Wang, Yu-Xiong and Yang, Yiming and others},
  journal={arXiv preprint arXiv:2309.14525},
  year={2023}
}
@article{yu2024rlaif,
  title={Rlaif-v: Aligning mllms through open-source ai feedback for super gpt-4v trustworthiness},
  author={Yu, Tianyu and Zhang, Haoye and Yao, Yuan and Dang, Yunkai and Chen, Da and Lu, Xiaoman and Cui, Ganqu and He, Taiwen and Liu, Zhiyuan and Chua, Tat-Seng and others},
  journal={arXiv preprint arXiv:2405.17220},
  year={2024}
}
@inproceedings{yu2024rlhf,
  title={Rlhf-v: Towards trustworthy mllms via behavior alignment from fine-grained correctional human feedback},
  author={Yu, Tianyu and Yao, Yuan and Zhang, Haoye and He, Taiwen and Han, Yifeng and Cui, Ganqu and Hu, Jinyi and Liu, Zhiyuan and Zheng, Hai-Tao and Sun, Maosong and others},
  booktitle={Proceedings of the IEEE/CVF Conference on Computer Vision and Pattern Recognition},
  pages={13807--13816},
  year={2024}
}

@article{li2023silkie,
  title={Silkie: Preference distillation for large visual language models},
  author={Li, Lei and Xie, Zhihui and Li, Mukai and Chen, Shunian and Wang, Peiyi and Chen, Liang and Yang, Yazheng and Wang, Benyou and Kong, Lingpeng},
  journal={arXiv preprint arXiv:2312.10665},
  year={2023}
}


@article{xiong2024llava,
  title={Llava-critic: Learning to evaluate multimodal models},
  author={Xiong, Tianyi and Wang, Xiyao and Guo, Dong and Ye, Qinghao and Fan, Haoqi and Gu, Quanquan and Huang, Heng and Li, Chunyuan},
  journal={arXiv preprint arXiv:2410.02712},
  year={2024}
}


@article{xu2024llava,
  title={LLaVA-UHD: an LMM Perceiving Any Aspect Ratio and High-Resolution Images},
  author={Xu, Ruyi and Yao, Yuan and Guo, Zonghao and Cui, Junbo and Ni, Zanlin and Ge, Chunjiang and Chua, Tat-Seng and Liu, Zhiyuan and Sun, Maosong and Huang, Gao},
  journal={arXiv preprint arXiv:2403.11703},
  year={2024}
}
@article{li2024mini,
  title={Mini-gemini: Mining the potential of multi-modality vision language models},
  author={Li, Yanwei and Zhang, Yuechen and Wang, Chengyao and Zhong, Zhisheng and Chen, Yixin and Chu, Ruihang and Liu, Shaoteng and Jia, Jiaya},
  journal={arXiv preprint arXiv:2403.18814},
  year={2024}
}

@article{zhang2024beyond,
  title={Beyond LLaVA-HD: Diving into High-Resolution Large Multimodal Models},
  author={Zhang, Yi-Fan and Wen, Qingsong and Fu, Chaoyou and Wang, Xue and Zhang, Zhang and Wang, Liang and Jin, Rong},
  journal={arXiv preprint arXiv:2406.08487},
  year={2024}
}

@article{ge2024convllava,
  title={ConvLLaVA: Hierarchical Backbones as Visual Encoder for Large Multimodal Models},
  author={Ge, Chunjiang and Cheng, Sijie and Wang, Ziming and Yuan, Jiale and Gao, Yuan and Song, Jun and Song, Shiji and Huang, Gao and Zheng, Bo},
  journal={arXiv preprint arXiv:2405.15738},
  year={2024}
}


@article{xu2024llava-uhd,
  title={{LLaVA-UHD}: an LMM Perceiving Any Aspect Ratio and High-Resolution Images},
  author={Xu, Ruyi and Yao, Yuan and Guo, Zonghao and Cui, Junbo and Ni, Zanlin and Ge, Chunjiang and Chua, Tat-Seng and Liu, Zhiyuan and Huang, Gao},
  journal={arXiv preprint arXiv:2403.11703},
  year={2024}
}

@article{zhu2021detection,
  title={Detection and tracking meet drones challenge},
  author={Zhu, Pengfei and Wen, Longyin and Du, Dawei and Bian, Xiao and Fan, Heng and Hu, Qinghua and Ling, Haibin},
  journal={T-PAMI},
  year={2021},
}

@inproceedings{jia2021llvip,
  title={LLVIP: A visible-infrared paired dataset for low-light vision},
  author={Jia, Xinyu and Zhu, Chuang and Li, Minzhen and Tang, Wenqi and Zhou, Wenli},
  booktitle={ICCV},
  year={2021}
}

@article{liu2024textmonkey,
  title={Textmonkey: An ocr-free large multimodal model for understanding document},
  author={Liu, Yuliang and Yang, Biao and Liu, Qiang and Li, Zhang and Ma, Zhiyin and Zhang, Shuo and Bai, Xiang},
  journal={arXiv preprint arXiv:2403.04473},
  year={2024}
}

@article{hu2024mplug,
  title={mplug-docowl 1.5: Unified structure learning for ocr-free document understanding},
  author={Hu, Anwen and Xu, Haiyang and Ye, Jiabo and Yan, Ming and Zhang, Liang and Zhang, Bo and Li, Chen and Zhang, Ji and Jin, Qin and Huang, Fei and others},
  journal={arXiv preprint arXiv:2403.12895},
  year={2024}
}

@article{chen2023sharegpt4v,
  title={Sharegpt4v: Improving large multi-modal models with better captions},
  author={Chen, Lin and Li, Jisong and Dong, Xiaoyi and Zhang, Pan and He, Conghui and Wang, Jiaqi and Zhao, Feng and Lin, Dahua},
  journal={arXiv preprint arXiv:2311.12793},
  year={2023}
}

@article{chen2023minigpt,
  title={Minigpt-v2: large language model as a unified interface for vision-language multi-task learning},
  author={Chen, Jun and Zhu, Deyao and Shen, Xiaoqian and Li, Xiang and Liu, Zechun and Zhang, Pengchuan and Krishnamoorthi, Raghuraman and Chandra, Vikas and Xiong, Yunyang and Elhoseiny, Mohamed},
  journal={arXiv preprint arXiv:2310.09478},
  year={2023}
}

@article{hu2024minicpm,
  title={Minicpm: Unveiling the potential of small language models with scalable training strategies},
  author={Hu, Shengding and Tu, Yuge and Han, Xu and He, Chaoqun and Cui, Ganqu and Long, Xiang and Zheng, Zhi and Fang, Yewei and Huang, Yuxiang and Zhao, Weilin and others},
  journal={arXiv preprint arXiv:2404.06395},
  year={2024}
}

@article{lu2024deepseek,
  title={Deepseek-vl: towards real-world vision-language understanding},
  author={Lu, Haoyu and Liu, Wen and Zhang, Bo and Wang, Bingxuan and Dong, Kai and Liu, Bo and Sun, Jingxiang and Ren, Tongzheng and Li, Zhuoshu and Sun, Yaofeng and others},
  journal={arXiv preprint arXiv:2403.05525},
  year={2024}
}

@article{zhang2023internlm,
  title={Internlm-xcomposer: A vision-language large model for advanced text-image comprehension and composition},
  author={Zhang, Pan and Wang, Xiaoyi Dong Bin and Cao, Yuhang and Xu, Chao and Ouyang, Linke and Zhao, Zhiyuan and Ding, Shuangrui and Zhang, Songyang and Duan, Haodong and Yan, Hang and others},
  journal={arXiv preprint arXiv:2309.15112},
  year={2023}
}

@article{chen2023internvl,
  title={InternVL: Scaling up Vision Foundation Models and Aligning for Generic Visual-Linguistic Tasks},
  author={Chen, Zhe and Wu, Jiannan and Wang, Wenhai and Su, Weijie and Chen, Guo and Xing, Sen and Zhong, Muyan and Zhang, Qinglong and Zhu, Xizhou and Lu, Lewei and Li, Bin and Luo, Ping and Lu, Tong and Qiao, Yu and Dai, Jifeng},
  journal={arXiv preprint arXiv:2312.14238},
  year={2023}
}

@inproceedings{caesar2020nuscenes,
  title={nuscenes: A multimodal dataset for autonomous driving},
  author={Caesar, Holger and Bankiti, Varun and Lang, Alex H and Vora, Sourabh and Liong, Venice Erin and Xu, Qiang and Krishnan, Anush and Pan, Yu and Baldan, Giancarlo and Beijbom, Oscar},
  booktitle={CVPR},
  year={2020}
}


@inproceedings{li2022coda,
  title={Coda: A real-world road corner case dataset for object detection in autonomous driving},
  author={Li, Kaican and Chen, Kai and Wang, Haoyu and Hong, Lanqing and Ye, Chaoqiang and Han, Jianhua and Chen, Yukuai and Zhang, Wei and Xu, Chunjing and Yeung, Dit-Yan and others},
  booktitle={ECCV},
  year={2022},
}
@article{fu2024mme,
  title={Mme-survey: A comprehensive survey on evaluation of multimodal llms},
  author={Fu, Chaoyou and Zhang, Yi-Fan and Yin, Shukang and Li, Bo and Fang, Xinyu and Zhao, Sirui and Duan, Haodong and Sun, Xing and Liu, Ziwei and Wang, Liang and others},
  journal={arXiv preprint arXiv:2411.15296},
  year={2024}
}
@article{yan2024errorradar,
  title={Errorradar: Benchmarking complex mathematical reasoning of multimodal large language models via error detection},
  author={Yan, Yibo and Wang, Shen and Huo, Jiahao and Li, Hang and Li, Boyan and Su, Jiamin and Gao, Xiong and Zhang, Yi-Fan and Xu, Tianlong and Chu, Zhendong and others},
  journal={arXiv preprint arXiv:2410.04509},
  year={2024}
}

@article{zhou2024embodied,
  title={Embodied understanding of driving scenarios},
  author={Zhou, Yunsong and Huang, Linyan and Bu, Qingwen and Zeng, Jia and Li, Tianyu and Qiu, Hang and Zhu, Hongzi and Guo, Minyi and Qiao, Yu and Li, Hongyang},
  journal={arXiv preprint arXiv:2403.04593},
  year={2024}
}

@article{fu2025vita,
  title={VITA-1.5: Towards GPT-4o Level Real-Time Vision and Speech Interaction},
  author={Fu, Chaoyou and Lin, Haojia and Wang, Xiong and Zhang, Yi-Fan and Shen, Yunhang and Liu, Xiaoyu and Li, Yangze and Long, Zuwei and Gao, Heting and Li, Ke and others},
  journal={arXiv preprint arXiv:2501.01957},
  year={2025}
}

@inproceedings{duan2024vlmevalkit,
  title={Vlmevalkit: An open-source toolkit for evaluating large multi-modality models},
  author={Duan, Haodong and Yang, Junming and Qiao, Yuxuan and Fang, Xinyu and Chen, Lin and Liu, Yuan and Dong, Xiaoyi and Zang, Yuhang and Zhang, Pan and Wang, Jiaqi and others},
  booktitle={Proceedings of the 32nd ACM international conference on multimedia},
  pages={11198--11201},
  year={2024}
}


@article{yin2023survey,
  title={A survey on multimodal large language models},
  author={Yin, Shukang and Fu, Chaoyou and Zhao, Sirui and Li, Ke and Sun, Xing and Xu, Tong and Chen, Enhong},
  journal={arXiv preprint arXiv:2306.13549},
  year={2023}
}


@article{gao2024survey,
  title={A Survey for Foundation Models in Autonomous Driving},
  author={Gao, Haoxiang and Li, Yaqian and Long, Kaiwen and Yang, Ming and Shen, Yiqing},
  journal={arXiv preprint arXiv:2402.01105},
  year={2024}
}
@inproceedings{Maaz2023VideoChatGPT,
    title={Video-ChatGPT: Towards Detailed Video Understanding via Large Vision and Language Models},
    author={Maaz, Muhammad and Rasheed, Hanoona and Khan, Salman and Khan, Fahad Shahbaz},
    booktitle={Proceedings of the 62nd Annual Meeting of the Association for Computational Linguistics (ACL 2024)},
    year={2024}
}
@article{fu2024video,
  title={Video-MME: The First-Ever Comprehensive Evaluation Benchmark of Multi-modal LLMs in Video Analysis},
  author={Fu, Chaoyou and Dai, Yuhan and Luo, Yondong and Li, Lei and Ren, Shuhuai and Zhang, Renrui and Wang, Zihan and Zhou, Chenyu and Shen, Yunhang and Zhang, Mengdan and others},
  journal={arXiv:2405.21075},
  year={2024}
}

@article{yang2023llm4drive,
  title={Llm4drive: A survey of large language models for autonomous driving},
  author={Yang, Zhenjie and Jia, Xiaosong and Li, Hongyang and Yan, Junchi},
  journal={arXiv e-prints},
  pages={arXiv--2311},
  year={2023}
}
@misc{li2024llavanext-strong,
    title={LLaVA-NeXT: Stronger LLMs Supercharge Multimodal Capabilities in the Wild},
    url={https://llava-vl.github.io/blog/2024-05-10-llava-next-stronger-llms/},
    author={Li, Bo and Zhang, Kaichen and Zhang, Hao and Guo, Dong and Zhang, Renrui and Li, Feng and Zhang, Yuanhan and Liu, Ziwei and Li, Chunyuan},
    month={May},
    year={2024}
}
@article{li2023open,
  title={Open-sourced data ecosystem in autonomous driving: the present and future},
  author={Li, Hongyang and Li, Yang and Wang, Huijie and Zeng, Jia and Cai, Pinlong and Xu, Huilin and Lin, Dahua and Yan, Junchi and Xu, Feng and Xiong, Lu and others},
  journal={arXiv preprint arXiv:2312.03408},
  year={2023}
}