@article{aghaomidi2024ecg,
  title={ECG-SleepNet: Deep Learning-Based Comprehensive Sleep Stage Classification Using ECG Signals},
  author={Aghaomidi, Poorya and Wang, Ge},
  journal={arXiv},
  year={2024}
}

@article{alter2024robustness,
  title={On the robustness of kolmogorov-arnold networks: An adversarial perspective},
  author={Alter, Tal and Lapid, Raz and Sipper, Moshe},
  journal={arXiv},
  year={2024}
}

@article{gao2022pyramidclip,
  title={{PyramidCLIP}: Hierarchical feature alignment for vision-language model pretraining},
  author={Gao, Yuting and Liu, Jinfeng and Xu, Zihan and Zhang, Jun and Li, Ke and Ji, Rongrong and Shen, Chunhua},
  journal={Advances in Neural Information Processing Systems},
  volume={35},
  pages={35959--35970},
  year={2022}
}

@article{goel2022cyclip,
  title={{CyCLIP}: Cyclic contrastive language-image pretraining},
  author={Goel, Shashank and Bansal, Hritik and Bhatia, Sumit and Rossi, Ryan and Vinay, Vishwa and Grover, Aditya},
  journal={Advances in Neural Information Processing Systems},
  volume={35},
  pages={6704--6719},
  year={2022}
}

@article{jahin2024kacq,
  title={{KACQ-DCNN}: Uncertainty-aware interpretable kolmogorov-arnold classical-quantum dual-channel neural network for heart disease detection},
  author={Jahin, Md Abrar and Masud, Md Akmol and Mridha, MF and Aung, Zeyar and Dey, Nilanjan},
  journal={arXiv},
  year={2024}
}

@article{lee2022uniclip,
  title={{UniCLIP}: Unified framework for contrastive language-image pre-training},
  author={Lee, Janghyeon and Kim, Jongsuk and Shon, Hyounguk and Kim, Bumsoo and Kim, Seung Hwan and Lee, Honglak and Kim, Junmo},
  journal={Advances in Neural Information Processing Systems},
  volume={35},
  pages={1008--1019},
  year={2022}
}

@inproceedings{liu2024kan,
  title={{KAN}: Kolmogorov-arnold networks},
  author={Liu, Ziming and Wang, Yixuan and Vaidya, Sachin and Ruehle, Fabian and Halverson, James and Solja{\v{c}}i{\'c}, Marin and Hou, Thomas Y and Tegmark, Max},
  booktitle={International Conference on Learning Representations},
  year={2025}
}

@article{manzoor2023multimodality,
  title={Multimodality representation learning: A survey on evolution, pretraining and its applications},
  author={Manzoor, Muhammad Arslan and Albarri, Sarah and Xian, Ziting and Meng, Zaiqiao and Nakov, Preslav and Liang, Shangsong},
  journal={Transactions on Multimedia Computing, Communications and Applications},
  volume={20},
  number={3},
  pages={1--34},
  year={2023}
}

@inproceedings{radford2021learning,
  title={Learning transferable visual models from natural language supervision},
  author={Radford, Alec and Kim, Jong Wook and Hallacy, Chris and Ramesh, Aditya and Goh, Gabriel and Agarwal, Sandhini and Sastry, Girish and Askell, Amanda and Mishkin, Pamela and Clark, Jack and others},
  booktitle={International Conference on Machine Learning},
  pages={8748--8763},
  year={2021}
}

@article{samadi2024smooth,
  title={Smooth Kolmogorov Arnold networks enabling structural knowledge representation},
  author={Samadi, Moein E and M{\"u}ller, Younes and Schuppert, Andreas},
  journal={arXiv},
  year={2024}
}

@article{somvanshi2024survey,
  title={A survey on kolmogorov-arnold network},
  author={Somvanshi, Shriyank and Javed, Syed Aaqib and Islam, Md Monzurul and Pandit, Diwas and Das, Subasish},
  journal={arXiv},
  year={2024}
}

@article{tang20243d,
  title={3D U-KAN implementation for multi-modal MRI brain tumor segmentation},
  author={Tang, Tianze and Chen, Yanbing and Shu, Hai},
  journal={arXiv},
  year={2024}
}

@inproceedings{xue2023ulip,
  title={{ULIP}: Learning a unified representation of language, images, and point clouds for 3d understanding},
  author={Xue, Le and Gao, Mingfei and Xing, Chen and Mart{\'\i}n-Mart{\'\i}n, Roberto and Wu, Jiajun and Xiong, Caiming and Xu, Ran and Niebles, Juan Carlos and Savarese, Silvio},
  booktitle={Computer Vision and Pattern Recognition},
  pages={1179--1189},
  year={2023}
}

@article{zhang2024generalization,
  title={Generalization bounds and model complexity for kolmogorov-arnold networks},
  author={Zhang, Xianyang and Zhou, Huijuan},
  journal={arXiv},
  year={2024}
}

