@article{panicker2019survey,
  title={A survey of machine learning techniques in physiology based mental stress detection systems},
  author={Panicker, Suja Sreeith and Gayathri, Prakasam},
  journal={Biocybernetics and Biomedical Engineering},
  volume={39},
  number={2},
  pages={444--469},
  year={2019},
  publisher={Elsevier}
}

@inproceedings{dong2018stress,
  title={Stress resilience measurement with heart-rate variability during mental and physical stress},
  author={Dong, Suh-Yeon and Lee, Miran and Park, Heesu and Youn, Inchan},
  booktitle={International Conference of the IEEE Engineering in Medicine and Biology Society},
  pages={5290--5293},
  year={2018}
}

@article{wang2022rem,
  title={REM sleep is associated with distinct global cortical dynamics and controlled by occipital cortex},
  author={Wang, Ziyue and Fei, Xiang and Liu, Xiaotong and Wang, Yanjie and Hu, Yue and Peng, Wanling and Wang, Ying-wei and Zhang, Siyu and Xu, Min},
  journal={Nature Communications},
  volume={13},
  number={1},
  pages={6896},
  year={2022}
}

@article{miyagi2020psychological,
  title={Psychological resilience is correlated with dynamic changes in functional connectivity within the default mode network during a cognitive task},
  author={Miyagi, Takashi and Oishi, Naoya and Kobayashi, Kei and Ueno, Tsukasa and Yoshimura, Sayaka and Murai, Toshiya and Fujiwara, Hironobu},
  journal={Scientific Reports},
  volume={10},
  number={1},
  pages={17760},
  year={2020}
}

@article{bonanno2011resilience,
  title={Resilience to loss and potential trauma},
  author={Bonanno, George A and Westphal, Maren and Mancini, Anthony D},
  journal={Annual Review of Clinical Psychology},
  volume={7},
  pages={511--535},
  year={2011}
}

@article{russo2012neurobiology,
  title={Neurobiology of resilience},
  author={Russo, Scott J and Murrough, James W and Han, Ming-Hu and Charney, Dennis S and Nestler, Eric J},
  journal={Nature Neuroscience},
  volume={15},
  number={11},
  pages={1475--1484},
  year={2012}
}

@article{sapienza2011understanding,
  title={Understanding and promoting resilience in children and youth},
  author={Sapienza, Julianna K and Masten, Ann S},
  journal={Current Opinion in Psychiatry},
  volume={24},
  number={4},
  pages={267--273},
  year={2011}
}

@article{lau2021integrative,
  title={Integrative psycho-biophysiological markers in predicting psychological resilience},
  author={Lau, Way KW and Tai, Alan PL and Chan, Jackie NM and Lau, Benson WM and Geng, Xiujuan},
  journal={Psychoneuroendocrinology},
  volume={129},
  pages={105267},
  year={2021}
}

@article{kalisch2017resilience,
  title={The resilience framework as a strategy to combat stress-related disorders},
  author={Kalisch, Raffael and Baker, Dewleen G and Basten, Ulrike and Boks, Marco P and Bonanno, George A and Brummelman, Eddie and Chmitorz, Andrea and Fern{\`a}ndez, Guill{\'e}n and Fiebach, Christian J and Galatzer-Levy, Isaac and others},
  journal={Nature Human Behaviour},
  volume={1},
  pages={784--790},
  year={2017},
}

@inproceedings{wang2024generalizable,
  title={Generalizable sleep staging via multi-level domain alignment},
  author={Wang, Jiquan and Zhao, Sha and Jiang, Haiteng and Li, Shijian and Li, Tao and Pan, Gang},
  booktitle={AAAI Conference on Artificial Intelligence},
  volume={38},
  pages={265--273},
  year={2024}
}

@article{bergstra2011algorithms,
  title={Algorithms for hyper-parameter optimization},
  author={Bergstra, James and Bardenet, R{\'e}mi and Bengio, Yoshua and K{\'e}gl, Bal{\'a}zs},
  journal={Advances in Neural Information Processing Systems},
  volume={24},
  year={2011}
}

@article{babayan2019mind,
  title={A mind-brain-body dataset of {MRI}, {EEG}, cognition, emotion, and peripheral physiology in young and old adults},
  author={Babayan, Anahit and Erbey, Miray and Kumral, Deniz and Reinelt, Janis D and Reiter, Andrea MF and R{\"o}bbig, Josefin and Schaare, H Lina and Uhlig, Marie and Anwander, Alfred and Bazin, Pierre-Louis and others},
  journal={Scientific Data},
  volume={6},
  number={1},
  pages={1--21},
  year={2019}
}

@article{springenberg2014striving,
  title={Striving for simplicity: The all convolutional net},
  author={Springenberg, Jost Tobias and Dosovitskiy, Alexey and Brox, Thomas and Riedmiller, Martin},
  journal={arXiv},
  year={2014}
}

@inproceedings{chung2024time,
  title={Time is Not Enough: Time-Frequency based Explanation for Time-Series Black-Box Models},
  author={Chung, Hyunseung and Jo, Sumin and Kwon, Yeonsu and Choi, Edward},
  booktitle={International Conference on Information and Knowledge Management},
  pages={394--403},
  year={2024}
}

@article{quaedflieg2020stress,
  title={Stress impairs intentional memory control through altered theta oscillations in lateral parietal cortex},
  author={Quaedflieg, CWEM and Schneider, TR and Daume, J and Engel, AK and Schwabe, L},
  journal={Journal of Neuroscience},
  volume={40},
  number={40},
  pages={7739--7748},
  year={2020}
}

@article{keunhoyoo2024power,
  title={Power spectral analysis of resting-state EEG to monitor psychological resilience to stress},
  author={KeunhoYoo, Kenny and Xiu, Bowen and Nader, George and Graff, Ariel and Gerretsen, Philip and Zomorrodi, Reza and De Luca, Vincenzo},
  journal={Psychiatry Research Communications},
  volume={4},
  number={3},
  pages={100175},
  year={2024}
}

@article{gao2020connectome,
  title={Connectome-based models can predict processing speed in older adults},
  author={Gao, Mengxia and Wong, Clive HY and Huang, Huiyuan and Shao, Robin and Huang, Ruiwang and Chan, Chetwyn CH and Lee, Tatia MC},
  journal={NeuroImage},
  volume={223},
  pages={117290},
  year={2020}
}

@article{shen2013groupwise,
  title={Groupwise whole-brain parcellation from resting-state {fMRI} data for network node identification},
  author={Shen, Xilin and Tokoglu, Fuyuze and Papademetris, Xenios and Constable, R Todd},
  journal={Neuroimage},
  volume={82},
  pages={403--415},
  year={2013}
}

@article{huang2021eeg,
  title={{EEG}-based sleep staging analysis with functional connectivity},
  author={Huang, Hui and Zhang, Jianhai and Zhu, Li and Tang, Jiajia and Lin, Guang and Kong, Wanzeng and Lei, Xu and Zhu, Lei},
  journal={Sensors},
  volume={21},
  number={6},
  pages={1988},
  year={2021}
}

@article{schafer2024digital,
  title={Digital interventions to promote psychological resilience: a systematic review and meta-analysis},
  author={Sch{\"a}fer, Sarah K and von Boros, Lisa and Schaubruch, Lea M and Kunzler, Angela M and Lindner, Saskia and Koehler, Friederike and Werner, Tabea and Zappal{\`a}, Federico and Helmreich, Isabella and Wessa, Mich{\`e}le and others},
  journal={NPJ Digital Medicine},
  volume={7},
  number={1},
  pages={30},
  year={2024}
}

@article{zhao2024exploring,
  title={Exploring the measurement of psychological resilience in Chinese civil aviation pilots based on generalizability theory and item response theory},
  author={Zhao, Yanzeng and Zhu, Keyong and Zhang, Jun and Liu, Ziyu and Wang, Lijing},
  journal={Scientific Reports},
  volume={14},
  number={1},
  pages={1856},
  year={2024}
}

@incollection{choisay2023stress,
  title={Stress Adjustment as a Criterion for Hiring in High-Risk Jobs},
  author={Choisay, Fr{\'e}d{\'e}ric and Duvillard-Monternier, Solange and Fournier, Vanessa and Champeaux, Ghislain and Rey, Alexandre and Dubert, Jean-Louis},
  booktitle={The Palgrave Handbook of Occupational Stress},
  pages={299--318},
  year={2023},
}

@article{bardoel2014employee,
  title={Employee resilience: An emerging challenge for HRM},
  author={Bardoel, E Anne and Pettit, Trisha Michelle and De Cieri, Helen and McMillan, Lindsay},
  journal={Asia Pacific Journal of Human Resources},
  volume={52},
  number={3},
  pages={279--297},
  year={2014}
}

@article{pouyanfar2018survey,
  title={A survey on deep learning: Algorithms, techniques, and applications},
  author={Pouyanfar, Samira and Sadiq, Saad and Yan, Yilin and Tian, Haiman and Tao, Yudong and Reyes, Maria Presa and Shyu, Mei-Ling and Chen, Shu-Ching and Iyengar, Sundaraja S},
  journal={ACM Computing Surveys},
  volume={51},
  number={5},
  pages={1--36},
  year={2018}
}

@article{altman2018curse,
  title={The curse(s) of dimensionality},
  author={Altman, Naomi and Krzywinski, Martin},
  journal={Nature Methods},
  volume={15},
  number={6},
  pages={399--400},
  year={2018}
}

@article{tai2023conceptualizing,
  title={Conceptualizing psychological resilience through resting-state functional MRI in a mentally healthy population: a systematic review},
  author={Tai, Alan PL and Leung, Mei-Kei and Geng, Xiujuan and Lau, Way KW},
  journal={Frontiers in Behavioral Neuroscience},
  volume={17},
  pages={1175064},
  year={2023}
}

@article{connor2003development,
  title={Development of a new resilience scale: The Connor-Davidson resilience scale ({CD-RISC})},
  author={Connor, Kathryn M and Davidson, Jonathan RT},
  journal={Depression and Anxiety},
  volume={18},
  number={2},
  pages={76--82},
  year={2003}
}

@article{bonanno2021resilience,
  title={The resilience paradox},
  author={Bonanno, George A},
  journal={European journal of Psychotraumatology},
  volume={12},
  number={1},
  pages={1942642},
  year={2021}
}

@article{winslow2015identification,
  title={Identification of resilient individuals and those at risk for performance deficits under stress},
  author={Winslow, Brent D and Carroll, Meredith B and Martin, Jonathan W and Surpris, Glenn and Chadderdon, George L},
  journal={Frontiers in Neuroscience},
  volume={9},
  pages={328},
  year={2015}
}

@article{bansal2022systematic,
  title={A systematic review on data scarcity problem in deep learning: solution and applications},
  author={Bansal, Ms Aayushi and Sharma, Dr Rewa and Kathuria, Dr Mamta},
  journal={ACM Computing Surveys},
  volume={54},
  number={10s},
  pages={1--29},
  year={2022}
}
@article{kong2015neural,
  title={Neural correlates of psychological resilience and their relation to life satisfaction in a sample of healthy young adults},
  author={Kong, Feng and Wang, Xu and Hu, Siyuan and Liu, Jia},
  journal={Neuroimage},
  volume={123},
  pages={165--172},
  year={2015}
}

@article{keynan2019electrical,
  title={Electrical fingerprint of the amygdala guides neurofeedback training for stress resilience},
  author={Keynan, Jackob N and Cohen, Avihay and Jackont, Gilan and Green, Nili and Goldway, Noam and Davidov, Alexander and Meir-Hasson, Yehudit and Raz, Gal and Intrator, Nathan and Fruchter, Eyal and others},
  journal={Nature Human Behaviour},
  volume={3},
  number={1},
  pages={63--73},
  year={2019}
}

@article{paban2019psychological,
  title={Psychological resilience correlates with {EEG} source-space brain network flexibility},
  author={Paban, Veronique and Modolo, Julien and Mheich, Ahmad and Hassan, Mahmoud},
  journal={Network Neuroscience},
  volume={3},
  number={2},
  pages={539--550},
  year={2019}
}

@article{krause2023predicting,
  title={Predicting resilience from psychological and physiological daily-life measures},
  author={Krause, Florian and van Leeuwen, Judith and Bogemann, Sophie and Tutunji, Rayyan and Roelofs, Karin and van Kraaij, Alex and van Stiphout, Ruud and Hermans, Erno},
  year={2023},
  journal={OSF Preprints}
}

@article{xiang2024using,
  title={Using Pupil Diameter for Psychological Resilience Assessment in Medical Students Based on {SVM} and {SHAP} Model},
  author={Xiang, Fayang and Zhang, Li and Ye, Yidan and Xiong, Chuyue and Zhang, Yanjie and Hu, Yan and Du, Jiang and Zhou, Yi and Deng, Qiyue and Li, Xinke},
  journal={Journal of Biomedical and Health Informatics},
  year={2024}
}

@article{zebari2020comprehensive,
  title={A comprehensive review of dimensionality reduction techniques for feature selection and feature extraction},
  author={Zebari, Rizgar and Abdulazeez, Adnan and Zeebaree, Diyar and Zebari, Dilovan and Saeed, Jwan},
  journal={Journal of Applied Science and Technology Trends},
  volume={1},
  number={1},
  pages={56--70},
  year={2020}
}

@article{dargan2020survey,
  title={A survey of deep learning and its applications: a new paradigm to machine learning},
  author={Dargan, Shaveta and Kumar, Munish and Ayyagari, Maruthi Rohit and Kumar, Gulshan},
  journal={Archives of Computational Methods in Engineering},
  volume={27},
  pages={1071--1092},
  year={2020}
}

@inproceedings{zhang2019multimodal,
  title={Multimodal representation learning: Advances, trends and challenges},
  author={Zhang, Su-Fang and Zhai, Jun-Hai and Xie, Bo-Jun and Zhan, Yan and Wang, Xin},
  booktitle={International Conference on Machine Learning and Cybernetics},
  pages={1--6},
  year={2019}
}

@inproceedings{qiu2018multi,
  title={Multi-view emotion recognition using deep canonical correlation analysis},
  author={Qiu, Jie-Lin and Liu, Wei and Lu, Bao-Liang},
  booktitle={International Conference on Neural Information Processing},
  pages={221--231},
  year={2018}
}

@inproceedings{lan2020multimodal,
  title={Multimodal emotion recognition using deep generalized canonical correlation analysis with an attention mechanism},
  author={Lan, Yu-Ting and Liu, Wei and Lu, Bao-Liang},
  booktitle={International Joint Conference on Neural Networks},
  pages={1--6},
  year={2020}
}

@article{zhu2024eeg,
  title={{EEG}-eye movement based subject dependence, cross-subject, and cross-session emotion recognition with multidimensional homogeneous encoding space alignment},
  author={Zhu, Mu and Wu, Qingzhou and Bai, Zhongli and Song, Yu and Gao, Qiang},
  journal={Expert Systems with Applications},
  volume={251},
  pages={124001},
  year={2024}
}

@article{steyer1999latent,
  title={Latent state--trait theory and research in personality and individual differences},
  author={Steyer, Rolf and Schmitt, Manfred and Eid, Michael},
  journal={European Journal of Personality},
  volume={13},
  number={5},
  pages={389--408},
  year={1999}
}

@inproceedings{xue2023ulip,
  title={{ULIP}: Learning a unified representation of language, images, and point clouds for 3d understanding},
  author={Xue, Le and Gao, Mingfei and Xing, Chen and Mart{\'\i}n-Mart{\'\i}n, Roberto and Wu, Jiajun and Xiong, Caiming and Xu, Ran and Niebles, Juan Carlos and Savarese, Silvio},
  booktitle={Computer Vision and Pattern Recognition},
  pages={1179--1189},
  year={2023}
}

@article{stam2005nonlinear,
  title={Nonlinear dynamical analysis of {EEG} and {MEG}: review of an emerging field},
  author={Stam, Cornelis J},
  journal={Clinical Neurophysiology},
  volume={116},
  number={10},
  pages={2266--2301},
  year={2005}
}

@article{hlinka2011functional,
  title={Functional connectivity in resting-state {fMRI}: is linear correlation sufficient?},
  author={Hlinka, Jaroslav and Palu{\v{s}}, Milan and Vejmelka, Martin and Mantini, Dante and Corbetta, Maurizio},
  journal={Neuroimage},
  volume={54},
  number={3},
  pages={2218--2225},
  year={2011}
}

@article{liu2016noise,
  title={Noise contributions to the {fMRI} signal: An overview},
  author={Liu, Thomas T},
  journal={NeuroImage},
  volume={143},
  pages={141--151},
  year={2016}
}

@inproceedings{lai2018artifacts,
  title={Artifacts and noise removal for electroencephalogram ({EEG}): A literature review},
  author={Lai, Chi Qin and Ibrahim, Haidi and Abdullah, Mohd Zaid and Abdullah, Jafri Malin and Suandi, Shahrel Azmin and Azman, Azlinda},
  booktitle={Symposium on Computer Applications \& Industrial Electronics},
  pages={326--332},
  year={2018}
}

@inproceedings{zhouuni3d,
  title={{Uni3D}: Exploring Unified 3D Representation at Scale},
  author={Zhou, Junsheng and Wang, Jinsheng and Ma, Baorui and Liu, Yu-Shen and Huang, Tiejun and Wang, Xinlong},
  booktitle={International Conference on Learning Representations},
  year={2024}
}

@article{dale2001spatiotemporal,
  title={Spatiotemporal mapping of brain activity by integration of multiple imaging modalities},
  author={Dale, Anders M and Halgren, Eric},
  journal={Current Opinion in Neurobiology},
  volume={11},
  number={2},
  pages={202--208},
  year={2001}
}

@article{hou2024comprehensive,
  title={A comprehensive survey on kolmogorov arnold networks ({KAN})},
  author={Hou, Yuntian and Zhang, Di},
  journal={arXiv},
  year={2024}
}

@article{sturzbecher2012simultaneous,
  title={Simultaneous {EEG-fMRI}: integrating spatial and temporal resolution},
  author={Sturzbecher, Marcio Junior and de Araujo, Draulio Barros},
  journal={The Relevance of the Time Domain to Neural Network Models},
  pages={199--217},
  year={2012}
}

@article{klambauer2017self,
  title={Self-normalizing neural networks},
  author={Klambauer, G{\"u}nter and Unterthiner, Thomas and Mayr, Andreas and Hochreiter, Sepp},
  journal={Advances in Neural Information Processing Systems},
  volume={30},
  year={2017}
}

@inproceedings{bello2019attention,
  title={Attention augmented convolutional networks},
  author={Bello, Irwan and Zoph, Barret and Vaswani, Ashish and Shlens, Jonathon and Le, Quoc V},
  booktitle={International Conference on Computer Vision},
  pages={3286--3295},
  year={2019}
}

@inproceedings{lazarus2020psychological,
  title={Psychological stress in the workplace},
  author={Lazarus, Richard S},
  booktitle={Occupational Stress},
  pages={3--14},
  year={2020}
}

@article{dubey2022activation,
  title={Activation functions in deep learning: A comprehensive survey and benchmark},
  author={Dubey, Shiv Ram and Singh, Satish Kumar and Chaudhuri, Bidyut Baran},
  journal={Neurocomputing},
  volume={503},
  pages={92--108},
  year={2022}
}

@inproceedings{vaswani2017attention,
  author={Vaswani, Ashish and Shazeer, Noam and Parmar, Niki and Uszkoreit, Jakob and Jones, Llion and Gomez, Aidan N and Kaiser, \L ukasz and Polosukhin, Illia},
  booktitle={Advances in Neural Information Processing Systems},
  title={Attention is All you Need},
  volume={30},
  year={2017}
}

@inproceedings{chollet2017xception,
  title={Xception: Deep learning with depthwise separable convolutions},
  author={Chollet, Fran{\c{c}}ois},
  booktitle={Computer Vision and Pattern Recognition},
  pages={1251--1258},
  year={2017}
}

@inproceedings{kipf2017semi,
  title={Semi-Supervised Classification with Graph Convolutional Networks},
  author={Kipf, Thomas N. and Welling, Max},
  booktitle={International Conference on Learning Representations},
  year={2017}
}

@inproceedings{liu2024kan,
  title={{KAN}: Kolmogorov-arnold networks},
  author={Liu, Ziming and Wang, Yixuan and Vaidya, Sachin and Ruehle, Fabian and Halverson, James and Solja{\v{c}}i{\'c}, Marin and Hou, Thomas Y and Tegmark, Max},
  booktitle={International Conference on Learning Representations},
  year={2025}
}

@inproceedings{radford2021learning,
  title={Learning transferable visual models from natural language supervision},
  author={Radford, Alec and Kim, Jong Wook and Hallacy, Chris and Ramesh, Aditya and Goh, Gabriel and Agarwal, Sandhini and Sastry, Girish and Askell, Amanda and Mishkin, Pamela and Clark, Jack and others},
  booktitle={International Conference on Machine Learning},
  pages={8748--8763},
  year={2021}
}

@inproceedings{xiao2010smile,
  title={SMILE: A similarity-based approach for multiple instance learning},
  author={Xiao, Yanshan and Liu, Bo and Cao, Longbing and Yin, Jie and Wu, Xindong},
  booktitle={International Conference on Data Mining},
  pages={589--598},
  year={2010}
}

@article{ioffe2015batch,
  title={Batch normalization: Accelerating deep network training by reducing internal covariate shift},
  author={Ioffe, Sergey},
  journal={arXiv},
  year={2015}
}

@article{gonccalves2007artifact,
  title={Artifact removal in co-registered EEG/fMRI by selective average subtraction},
  author={Gon{\c{c}}alves, SI and Pouwels, PJW and Kuijer, JPA and Heethaar, RM and De Munck, JC},
  journal={Clinical Neurophysiology},
  volume={118},
  number={11},
  pages={2437--2450},
  year={2007}
}

@inproceedings{ingolfsson2020eeg,
  title={{EEG-TCNet}: An accurate temporal convolutional network for embedded motor-imagery brain--machine interfaces},
  author={Ingolfsson, Thorir Mar and Hersche, Michael and Wang, Xiaying and Kobayashi, Nobuaki and Cavigelli, Lukas and Benini, Luca},
  booktitle={International Conference on Systems, Man, and Cybernetics},
  pages={2958--2965},
  year={2020}
}

@article{jiang2019removal,
  title={Removal of artifacts from {EEG} signals: a review},
  author={Jiang, Xiao and Bian, Gui-Bin and Tian, Zean},
  journal={Sensors},
  volume={19},
  number={5},
  pages={987},
  year={2019}
}


@article{watanabe2023tree,
  title={Tree-structured parzen estimator: Understanding its algorithm components and their roles for better empirical performance},
  author={Watanabe, Shuhei},
  journal={arXiv},
  year={2023}
}

@article{miao2023lmda,
  title={LMDA-Net: A lightweight multi-dimensional attention network for general EEG-based brain-computer interfaces and interpretability},
  author={Miao, Zhengqing and Zhao, Meirong and Zhang, Xin and Ming, Dong},
  journal={NeuroImage},
  volume={276},
  pages={120209},
  year={2023}
}

@inproceedings{jiang2024large,
  title={Large Brain Model for Learning Generic Representations with Tremendous EEG Data in BCI},
  author={Jiang, Weibang and Zhao, Liming and Lu, Bao-liang},
  booktitle={International Conference on Learning Representations},
  year={2024}
}

@article{jiang2024csp,
  title={{CSP-Net}: Common spatial pattern empowered neural networks for {EEG}-based motor imagery classification},
  author={Jiang, Xue and Meng, Lubin and Chen, Xinru and Xu, Yifan and Wu, Dongrui},
  journal={Knowledge-Based Systems},
  volume={305},
  pages={112668},
  year={2024}
}

@inproceedings{eldele2024tslanet,
  title={{TSLANet}: Rethinking Transformers for Time Series Representation Learning},
  author={Eldele, Emadeldeen and Ragab, Mohamed and Chen, Zhenghua and Wu, Min and Li, Xiaoli},
  booktitle={International Conference on Learning Representations},
  year={2024}
}

@article{song2022eeg,
  title={{EEG} conformer: Convolutional transformer for {EEG} decoding and visualization},
  author={Song, Yonghao and Zheng, Qingqing and Liu, Bingchuan and Gao, Xiaorong},
  journal={Transactions on Neural Systems and Rehabilitation Engineering},
  volume={31},
  pages={710--719},
  year={2022}
}

@article{lawhern2018eegnet,
  title={{EEGNet}: a compact convolutional neural network for {EEG}-based brain--computer interfaces},
  author={Lawhern, Vernon J and Solon, Amelia J and Waytowich, Nicholas R and Gordon, Stephen M and Hung, Chou P and Lance, Brent J},
  journal={Journal of Neural Engineering},
  volume={15},
  number={5},
  pages={056013},
  year={2018}
}

@article{kan2022brain,
  title={Brain network transformer},
  author={Kan, Xuan and Dai, Wei and Cui, Hejie and Zhang, Zilong and Guo, Ying and Yang, Carl},
  journal={Advances in Neural Information Processing Systems},
  volume={35},
  pages={25586--25599},
  year={2022}
}

@article{hu2024brainnpt,
  title={{BrainNPT}: Pre-training transformer networks for brain network classification},
  author={Hu, Jinlong and Huang, Yangmin and Wang, Nan and Dong, Shoubin},
  journal={Transactions on Neural Systems and Rehabilitation Engineering},
  year={2024}
}

@article{li2021braingnn,
  title={{BrainGNN}: Interpretable brain graph neural network for fmri analysis},
  author={Li, Xiaoxiao and Zhou, Yuan and Dvornek, Nicha and Zhang, Muhan and Gao, Siyuan and Zhuang, Juntang and Scheinost, Dustin and Staib, Lawrence H and Ventola, Pamela and Duncan, James S},
  journal={Medical Image Analysis},
  volume={74},
  pages={102233},
  year={2021}
}

@inproceedings{mu2022slip,
  title={{SLIP}: Self-supervision meets language-image pre-training},
  author={Mu, Norman and Kirillov, Alexander and Wagner, David and Xie, Saining},
  booktitle={European Conference on Computer Vision},
  pages={529--544},
  year={2022}
}

@inproceedings{andrew2013deep,
  title={Deep canonical correlation analysis},
  author={Andrew, Galen and Arora, Raman and Bilmes, Jeff and Livescu, Karen},
  booktitle={International Conference on Machine Learning},
  pages={1247--1255},
  year={2013}
}

@article{oh2024geodesic,
  title={Geodesic multi-modal mixup for robust fine-tuning},
  author={Oh, Changdae and So, Junhyuk and Byun, Hoyoon and Lim, YongTaek and Shin, Minchul and Jeon, Jong-June and Song, Kyungwoo},
  journal={Advances in Neural Information Processing Systems},
  volume={36},
  year={2024}
}

@inproceedings{benton2019deep,
  title={Deep Generalized Canonical Correlation Analysis},
  author={Benton, Adrian and Khayrallah, Huda and Gujral, Biman and Reisinger, Dee Ann and Zhang, Sheng and Arora, Raman},
  booktitle={Association for Computational Linguistics},
  year={2019}
}

@inproceedings{lisupervision,
  title={Supervision Exists Everywhere: A Data Efficient Contrastive Language-Image Pre-training Paradigm},
  author={Li, Yangguang and Liang, Feng and Zhao, Lichen and Cui, Yufeng and Ouyang, Wanli and Shao, Jing and Yu, Fengwei and Yan, Junjie},
  booktitle={International Conference on Learning Representations},
  year={2022}
}

@inproceedings{you2022learning,
  title={Learning visual representation from modality-shared contrastive language-image pre-training},
  author={You, Haoxuan and Zhou, Luowei and Xiao, Bin and Codella, Noel and Cheng, Yu and Xu, Ruochen and Chang, Shih-Fu and Yuan, Lu},
  booktitle={European Conference on Computer Vision},
  pages={69--87},
  year={2022}
}

@article{gao2022pyramidclip,
  title={{PyramidCLIP}: Hierarchical feature alignment for vision-language model pretraining},
  author={Gao, Yuting and Liu, Jinfeng and Xu, Zihan and Zhang, Jun and Li, Ke and Ji, Rongrong and Shen, Chunhua},
  journal={Advances in Neural Information Processing Systems},
  volume={35},
  pages={35959--35970},
  year={2022}
}
@article{lee2022uniclip,
  title={{UniCLIP}: Unified framework for contrastive language-image pre-training},
  author={Lee, Janghyeon and Kim, Jongsuk and Shon, Hyounguk and Kim, Bumsoo and Kim, Seung Hwan and Lee, Honglak and Kim, Junmo},
  journal={Advances in Neural Information Processing Systems},
  volume={35},
  pages={1008--1019},
  year={2022}
}

@article{goel2022cyclip,
  title={{CyCLIP}: Cyclic contrastive language-image pretraining},
  author={Goel, Shashank and Bansal, Hritik and Bhatia, Sumit and Rossi, Ryan and Vinay, Vishwa and Grover, Aditya},
  journal={Advances in Neural Information Processing Systems},
  volume={35},
  pages={6704--6719},
  year={2022}
}

@inproceedings{liu2024vsgt,
  title={{VSGT}: variational spatial and gaussian temporal graph models for {EEG}-based emotion recognition},
  author={Liu, Chenyu and Zhou, Xinliang and Xiao, Jiaping and Zhu, Zhengri and Zhai, Liming and Jia, Ziyu and Liu, Yang},
  booktitle={International Joint Conference on Artificial Intelligence},
  pages={3078--3086},
  year={2024}
}

@inproceedings{liang2023teacher,
  title={Teacher Assistant-Based Knowledge Distillation Extracting Multi-level Features on Single Channel Sleep {EEG}.},
  author={Liang, Heng and Liu, Yucheng and Wang, Haichao and Jia, Ziyu and Center, Brainnetome},
  booktitle={International Joint Conference on Artificial Intelligence},
  pages={3948--3956},
  year={2023}
}

@inproceedings{fang2021learning,
  title={Learning regional attention convolutional neural network for motion intention recognition based on EEG data},
  author={Fang, Zhijie and Wang, Weiqun and Ren, Shixin and Wang, Jiaxing and Shi, Weiguo and Liang, Xu and Fan, Chen-Chen and Hou, Zengguang},
  booktitle={International Joint Conference on Artificial Intelligence},
  pages={1570--1576},
  year={2021}
}

@inproceedings{jiao2019decoding,
  title={Decoding {EEG} by Visual-guided Deep Neural Networks.},
  author={Jiao, Zhicheng and You, Haoxuan and Yang, Fan and Li, Xin and Zhang, Han and Shen, Dinggang},
  booktitle={International Joint Conference on Artificial Intelligence},
  volume={28},
  pages={1387--1393},
  year={2019}
}

@inproceedings{li2018novel,
  title={A novel neural network model based on cerebral hemispheric asymmetry for {EEG} emotion recognition.},
  author={Li, Yang and Zheng, Wenming and Cui, Zhen and Zhang, Tong and Zong, Yuan},
  booktitle={International Joint Conference on Artificial Intelligence},
  pages={1561--1567},
  year={2018}
}

@article{somvanshi2024survey,
  title={A survey on kolmogorov-arnold network},
  author={Somvanshi, Shriyank and Javed, Syed Aaqib and Islam, Md Monzurul and Pandit, Diwas and Das, Subasish},
  journal={arXiv},
  year={2024}
}

@article{zhang2024generalization,
  title={Generalization bounds and model complexity for kolmogorov-arnold networks},
  author={Zhang, Xianyang and Zhou, Huijuan},
  journal={arXiv},
  year={2024}
}

@article{alter2024robustness,
  title={On the robustness of kolmogorov-arnold networks: An adversarial perspective},
  author={Alter, Tal and Lapid, Raz and Sipper, Moshe},
  journal={arXiv},
  year={2024}
}

@article{samadi2024smooth,
  title={Smooth Kolmogorov Arnold networks enabling structural knowledge representation},
  author={Samadi, Moein E and M{\"u}ller, Younes and Schuppert, Andreas},
  journal={arXiv},
  year={2024}
}

@article{tang20243d,
  title={3D U-KAN implementation for multi-modal MRI brain tumor segmentation},
  author={Tang, Tianze and Chen, Yanbing and Shu, Hai},
  journal={arXiv},
  year={2024}
}

@article{jahin2024kacq,
  title={{KACQ-DCNN}: Uncertainty-aware interpretable kolmogorov-arnold classical-quantum dual-channel neural network for heart disease detection},
  author={Jahin, Md Abrar and Masud, Md Akmol and Mridha, MF and Aung, Zeyar and Dey, Nilanjan},
  journal={arXiv},
  year={2024}
}

@article{aghaomidi2024ecg,
  title={ECG-SleepNet: Deep Learning-Based Comprehensive Sleep Stage Classification Using ECG Signals},
  author={Aghaomidi, Poorya and Wang, Ge},
  journal={arXiv},
  year={2024}
}

@article{manzoor2023multimodality,
  title={Multimodality representation learning: A survey on evolution, pretraining and its applications},
  author={Manzoor, Muhammad Arslan and Albarri, Sarah and Xian, Ziting and Meng, Zaiqiao and Nakov, Preslav and Liang, Shangsong},
  journal={Transactions on Multimedia Computing, Communications and Applications},
  volume={20},
  number={3},
  pages={1--34},
  year={2023}
}