@article{al2003analysis,
  title={Analysis of traffic accidents at urban intersections in Riyadh},
  author={Al-Ghamdi, Ali S},
  journal={Accident Analysis \& Prevention},
  volume={35},
  number={5},
  pages={717--724},
  year={2003},
  publisher={Elsevier}
}

@article{al2021mapping,
  title={Mapping road traffic crash hotspots using GIS-based methods: A case study of Muscat Governorate in the Sultanate of Oman},
  author={Al-Aamri, Amira K and Hornby, Graeme and Zhang, Li-Chun and Al-Maniri, Abdullah A and Padmadas, Sabu S},
  journal={Spatial Statistics},
  volume={42},
  pages={100458},
  year={2021},
  publisher={Elsevier}
}

@techreport{bauer1996statistical,
  title={Statistical models of at-grade intersection accidents},
  author={Bauer, KM and Harwood, Douglas W and others},
  year={1996},
  institution={United States. Department of Transportation. Federal Highway Administration}
}

@article{chen2012analysis,
  title={Analysis of risk factors affecting the severity of intersection crashes by logistic regression},
  author={Chen, Huiqin and Cao, Libo and Logan, David B},
  journal={Traffic injury prevention},
  volume={13},
  number={3},
  pages={300--307},
  year={2012},
  publisher={Taylor \& Francis}
}

@article{chen2019multinomial,
  title={A multinomial logit model of pedestrian-vehicle crash severity in North Carolina},
  author={Chen, Zhen and Fan, Wei David},
  journal={International journal of transportation science and technology},
  volume={8},
  number={1},
  pages={43--52},
  year={2019},
  publisher={Elsevier}
}

@article{cheng2018traffic,
  title={Traffic crash evolution characteristic analysis and spatiotemporal hotspot identification of urban road intersections},
  author={Cheng, Zeyang and Zu, Zhenshan and Lu, Jian},
  journal={Sustainability},
  volume={11},
  number={1},
  pages={160},
  year={2018},
  publisher={MDPI}
}

@article{congress2021identifying,
  title={Identifying hazardous obstructions within an intersection using unmanned aerial data analysis},
  author={Congress, Surya Sarat Chandra and Puppala, Anand J and Banerjee, Aritra and Patil, Ujwalkumar D},
  journal={International journal of transportation science and technology},
  volume={10},
  number={1},
  pages={34--48},
  year={2021},
  publisher={Elsevier}
}

@article{dale2002spatial,
  title={Spatial autocorrelation and statistical tests in ecology},
  author={Dale, Mark RT and Fortin, Marie-Josee},
  journal={Ecoscience},
  volume={9},
  number={2},
  pages={162--167},
  year={2002},
  publisher={Taylor \& Francis}
}

@techreport{dixon2015improved,
  title={Improved safety performance functions for signalized intersections},
  author={Dixon, Karen and Monsere, Chris and Avelar, Raul and Barnett, Joel and Escobar, Paty and Kothuri, Sirisha and Wang, Yi and others},
  year={2015},
  institution={Oregon. Dept. of Transportation. Research Section}
}

@article{eboli2020factors,
  title={Factors influencing accident severity: an analysis by road accident type},
  author={Eboli, Laura and Forciniti, Carmen and Mazzulla, Gabriella},
  journal={Transportation research procedia},
  volume={47},
  pages={449--456},
  year={2020},
  publisher={Elsevier}
}

@article{gomes2013influence,
  title={The influence of the infrastructure characteristics in urban road accidents occurrence},
  author={Gomes, Sandra Vieira},
  journal={Accident Analysis \& Prevention},
  volume={60},
  pages={289--297},
  year={2013},
  publisher={Elsevier}
}

@article{gong2020application,
  title={Application of random effects negative binomial model with clustered dataset for vehicle crash frequency analysis},
  author={Gong, Haitao and Wang, Feng and Zhou, Bin Brenda and Dent, Shontria},
  journal={International journal of transportation science and technology},
  volume={9},
  number={3},
  pages={183--194},
  year={2020},
  publisher={Elsevier}
}

@article{hu2020investigation,
  title={Investigation of clusters and injuries in pedestrian crashes using GIS in Changsha, China},
  author={Hu, Lin and Wu, Xianhui and Huang, Jing and Peng, Yong and Liu, Weiguo},
  journal={Safety science},
  volume={127},
  pages={104710},
  year={2020},
  publisher={Elsevier}
}

@article{huang2008severity,
  title={Severity of driver injury and vehicle damage in traffic crashes at intersections: a Bayesian hierarchical analysis},
  author={Huang, Helai and Chin, Hoong Chor and Haque, Md Mazharul},
  journal={Accident Analysis \& Prevention},
  volume={40},
  number={1},
  pages={45--54},
  year={2008},
  publisher={Elsevier}
}

@article{kumar2016data,
  title={A data mining approach to characterize road accident locations},
  author={Kumar, Sachin and Toshniwal, Durga},
  journal={Journal of Modern Transportation},
  volume={24},
  pages={62--72},
  year={2016},
  publisher={Springer}
}

@article{lam2004environmental,
  title={Environmental factors associated with crash-related mortality and injury among taxi drivers in New South Wales, Australia},
  author={Lam, Lawrence T},
  journal={Accident Analysis \& Prevention},
  volume={36},
  number={5},
  pages={905--908},
  year={2004},
  publisher={Elsevier}
}

@article{lee2014analysis,
  title={Analysis of residence characteristics of at-fault drivers in traffic crashes},
  author={Lee, Jaeyoung and Abdel-Aty, Mohamed and Choi, Keechoo},
  journal={Safety science},
  volume={68},
  pages={6--13},
  year={2014},
  publisher={Elsevier}
}

@article{loo2006validating,
  title={Validating crash locations for quantitative spatial analysis: a GIS-based approach},
  author={Loo, Becky PY},
  journal={Accident Analysis \& Prevention},
  volume={38},
  number={5},
  pages={879--886},
  year={2006},
  publisher={Elsevier}
}

@article{ma2014quasi,
  title={A quasi-Poisson approach on modeling accident hazard index for urban road segments},
  author={Ma, Lu and Yan, Xuedong and Qiao, Wenxin and others},
  journal={Discrete dynamics in nature and society},
  volume={2014},
  year={2014},
  publisher={Hindawi}
}

@article{mussone1999analysis,
  title={An analysis of urban collisions using an artificial intelligence model},
  author={Mussone, Lorenzo and Ferrari, Andrea and Oneta, Marcello},
  journal={Accident Analysis \& Prevention},
  volume={31},
  number={6},
  pages={705--718},
  year={1999},
  publisher={Elsevier}
}

@article{mussone2017analysis,
  title={Analysis of factors affecting the severity of crashes in urban road intersections},
  author={Mussone, Lorenzo and Bassani, Marco' and Masci, Pietro'},
  journal={Accident Analysis \& Prevention},
  volume={103},
  pages={112--122},
  year={2017},
  publisher={Elsevier}
}

@misc{nhtsa,
author = {{National Highway Traffic Safety Administration}},
title = {Traffic Safety Facts},
year = {2021},
publisher = {U.S. Department of Transportation},
url = {https://www.nhtsa.gov/}
}

@article{noland2004spatially,
  title={A spatially disaggregate analysis of road casualties in England},
  author={Noland, Robert B and Quddus, Mohammed A},
  journal={Accident Analysis \& Prevention},
  volume={36},
  number={6},
  pages={973--984},
  year={2004},
  publisher={Elsevier}
}

@article{oh2004development,
  title={Development of accident prediction models for rural highway intersections},
  author={Oh, Jutaek and Washington, Simon and Choi, Keechoo},
  journal={Transportation Research Record},
  volume={1897},
  number={1},
  pages={18--27},
  year={2004},
  publisher={SAGE Publications Sage CA: Los Angeles, CA}
}

@article{park2016random,
  title={Random parameter negative binomial model of signalized intersections},
  author={Park, Minho and Lee, Dongmin and Jeon, Jinwoo and others},
  journal={Mathematical Problems in Engineering},
  volume={2016},
  year={2016},
  publisher={Hindawi}
}

@inproceedings{todd2017quantitative,
  title={Quantitative method for estimating driver eye height},
  author={Todd, J Jay and Bui, Young C and Tavassoli, Abtine and Krauss, David A},
  booktitle={Proceedings of the Human Factors and Ergonomics Society Annual Meeting},
  volume={61},
  pages={1443--1446},
  year={2017},
  organization={SAGE Publications Sage CA: Los Angeles, CA}
}

@article{tomoda2022analysis,
  title={Analysis on the impact of traffic safety measures on childrenâ€™s gaze behavior and their safety awareness at residential road intersections in Japan},
  author={Tomoda, Mitsuko and Uno, Haruka and Hashimoto, Seiji and Yoshiki, Syuji and Ujihara, Takehito},
  journal={Safety science},
  volume={150},
  pages={105706},
  year={2022},
  publisher={Elsevier}
}

