@article{elvik2019updated,
  title={Updated estimates of the relationship between speed and road safety at the aggregate and individual levels},
  author={Elvik, Rune and Vadeby, Anna and Hels, Tove and Van Schagen, Ingrid},
  journal={Accident Analysis \& Prevention},
  volume={123},
  pages={114--122},
  year={2019},
  publisher={Elsevier}
}

@article{abdel2013geographical,
  title={Geographical unit based analysis in the context of transportation safety planning},
  author={Abdel-Aty, Mohamed and Lee, Jaeyoung and Siddiqui, Chowdhury and Choi, Keechoo},
  journal={Transportation Research Part A: Policy and Practice},
  volume={49},
  pages={62--75},
  year={2013},
  publisher={Elsevier}
}

@book{elvik2009handbook,
  title={The handbook of road safety measures},
  author={Elvik, Rune and H{\o}ye, Alena and Vaa, Truls and S{\o}rensen, Michael},
  year={2009},
  publisher={Emerald Group Publishing Limited}
}

@article{laureshyn2010evaluation,
  title={Evaluation of traffic safety, based on micro-level behavioural data: Theoretical framework and first implementation},
  author={Laureshyn, Aliaksei and Svensson, {\AA}se and Hyd{\'e}n, Christer},
  journal={Accident Analysis \& Prevention},
  volume={42},
  number={6},
  pages={1637--1646},
  year={2010},
  publisher={Elsevier}
}

@book{shinar2017traffic,
  title={Traffic safety and human behavior},
  author={Shinar, David},
  year={2017},
  publisher={Emerald Publishing Limited}
}

@book{turner2006predicting,
  title={Predicting accident rates for cyclists and pedestrians},
  author={Turner, Shane and Francis, Tony and Roozenburg, Aaron and Transport, N Land},
  year={2006},
  publisher={Land Transport New Zealand Wellington}
}

@article{biljecki2023quality,
  title={Quality of crowdsourced geospatial building information: A global assessment of OpenStreetMap attributes},
  author={Biljecki, Filip and Chow, Yoong Shin and Lee, Kay},
  journal={Building and Environment},
  volume={237},
  pages={110295},
  year={2023},
  publisher={Elsevier}
}

@article{panek2015community,
  title={Community mapping in urban informal settlements: Examples from Nairobi, Kenya},
  author={Panek, Jiri and Sobotova, Lenka},
  journal={The electronic journal of information systems in developing countries},
  volume={68},
  number={1},
  pages={1--13},
  year={2015},
  publisher={Wiley Online Library}
}
@article{witt2021analysing,
  title={Analysing the impact of large data imports in OpenStreetMap},
  author={Witt, Raphael and Loos, Lukas and Zipf, Alexander},
  journal={ISPRS International Journal of Geo-Information},
  volume={10},
  number={8},
  pages={528},
  year={2021},
  publisher={Multidisciplinary Digital Publishing Institute}
}

@article{cheng2018traffic,
  title={Traffic crash evolution characteristic analysis and spatiotemporal hotspot identification of urban road intersections},
  author={Cheng, Zeyang and Zu, Zhenshan and Lu, Jian},
  journal={Sustainability},
  volume={11},
  number={1},
  pages={160},
  year={2018},
  publisher={MDPI}
}

@article{al2021mapping,
  title={Mapping road traffic crash hotspots using GIS-based methods: A case study of Muscat Governorate in the Sultanate of Oman},
  author={Al-Aamri, Amira K and Hornby, Graeme and Zhang, Li-Chun and Al-Maniri, Abdullah A and Padmadas, Sabu S},
  journal={Spatial Statistics},
  volume={42},
  pages={100458},
  year={2021},
  publisher={Elsevier}
}
@online{DeptTransport2021,
  author = {{Department for Transport}},
  title = {Reported road casualties in Great Britain, annual report: 2021},
  year = {2021},
  url = {https://www.gov.uk/government/statistics/reported-road-casualties-great-britain-annual-report-2021},
}
@article{gomes2013influence,
  title={The influence of the infrastructure characteristics in urban road accidents occurrence},
  author={Gomes, Sandra Vieira},
  journal={Accident Analysis \& Prevention},
  volume={60},
  pages={289--297},
  year={2013},
  publisher={Elsevier}
}
@article{chen2019multinomial,
  title={A multinomial logit model of pedestrian-vehicle crash severity in North Carolina},
  author={Chen, Zhen and Fan, Wei David},
  journal={International journal of transportation science and technology},
  volume={8},
  number={1},
  pages={43--52},
  year={2019},
  publisher={Elsevier}
}
@article{hu2020investigation,
  title={Investigation of clusters and injuries in pedestrian crashes using GIS in Changsha, China},
  author={Hu, Lin and Wu, Xianhui and Huang, Jing and Peng, Yong and Liu, Weiguo},
  journal={Safety science},
  volume={127},
  pages={104710},
  year={2020},
  publisher={Elsevier}
}
@misc{WHO2020,
  author       = {{World Health Organization}},
  title        = {Global status report on road safety 2020},
  year         = {2020},
  howpublished = {\url{https://www.who.int/publications/i/item/9789241565684}},
  note         = {Accessed on Month DD, YYYY},
}



@article{glushkov2021analysis,
  title={Analysis of the intersection throughput at changes in the traffic flow structure},
  author={Glushkov, Aleksander and Shepelev, Vladimir and Vorobyev, Andrey and Mavrin, Vadim and Marusin, Aleksandr and Evtykov, Stanislav},
  journal={Transportation Research Procedia},
  volume={57},
  pages={192--199},
  year={2021},
  publisher={Elsevier}
}

@article{haklay2008openstreetmap,
  title={Openstreetmap: User-generated street maps},
  author={Haklay, Mordechai and Weber, Patrick},
  journal={IEEE Pervasive computing},
  volume={7},
  number={4},
  pages={12--18},
  year={2008},
  publisher={Ieee}
}

@misc{ukaccidentdata,
  author       = {{Department for Transport}},
  title        = {Reported Road Casualties in Great Britain},
  year         = {2022},
  howpublished = {\url{https://data.gov.uk/dataset/cb7ae6f0-4be6-4935-9277-47e5ce24a11f/road-safety-data}},
}

@misc{uktrafficcount,
  author       = {{Department for Transport}},
  title        = {Road Traffic Statistics},
  year         = {2022},
  howpublished = {\url{https://data.gov.uk/dataset/2089b8f1-0a14-48f7-889c-6b06a14d7fe1/road-traffic-statistics}},
}

@book{hastie2009elements,
  title={The elements of statistical learning: data mining, inference, and prediction},
  author={Hastie, Trevor and Tibshirani, Robert and Friedman, Jerome H and Friedman, Jerome H},
  volume={2},
  year={2009},
  publisher={Springer}
}

@article{kumar2016data,
  title={A data mining approach to characterize road accident locations},
  author={Kumar, Sachin and Toshniwal, Durga},
  journal={Journal of Modern Transportation},
  volume={24},
  pages={62--72},
  year={2016},
  publisher={Springer}
}

@article{al2003analysis,
  title={Analysis of traffic accidents at urban intersections in Riyadh},
  author={Al-Ghamdi, Ali S},
  journal={Accident Analysis \& Prevention},
  volume={35},
  number={5},
  pages={717--724},
  year={2003},
  publisher={Elsevier}
}

@techreport{bauer1996statistical,
  title={Statistical models of at-grade intersection accidents},
  author={Bauer, KM and Harwood, Douglas W and others},
  year={1996},
  institution={United States. Department of Transportation. Federal Highway Administration}
}

@article{chen2012analysis,
  title={Analysis of risk factors affecting the severity of intersection crashes by logistic regression},
  author={Chen, Huiqin and Cao, Libo and Logan, David B},
  journal={Traffic injury prevention},
  volume={13},
  number={3},
  pages={300--307},
  year={2012},
  publisher={Taylor \& Francis}
}

@article{mussone1999analysis,
  title={An analysis of urban collisions using an artificial intelligence model},
  author={Mussone, Lorenzo and Ferrari, Andrea and Oneta, Marcello},
  journal={Accident Analysis \& Prevention},
  volume={31},
  number={6},
  pages={705--718},
  year={1999},
  publisher={Elsevier}
}

@article{ding2017exploring,
  title={Exploring the influence of built environment on travel mode choice considering the mediating effects of car ownership and travel distance},
  author={Ding, Chuan and Wang, Donggen and Liu, Chao and Zhang, Yi and Yang, Jiawen},
  journal={Transportation Research Part A: Policy and Practice},
  volume={100},
  pages={65--80},
  year={2017},
  publisher={Elsevier}
}

@inproceedings{todd2017quantitative,
  title={Quantitative method for estimating driver eye height},
  author={Todd, J Jay and Bui, Young C and Tavassoli, Abtine and Krauss, David A},
  booktitle={Proceedings of the Human Factors and Ergonomics Society Annual Meeting},
  volume={61},
  pages={1443--1446},
  year={2017},
  organization={SAGE Publications Sage CA: Los Angeles, CA}
}

@article{manary1998development,
  title={Development of an improved driver eye position model},
  author={Manary, Miriam A and Flannagan, Carol AC and Reed, Matthew P and Schneider, Lawrence W},
  journal={SAE transactions},
  pages={43--50},
  year={1998},
  publisher={JSTOR}
}

@article{ding2017exploring,
  title={Exploring the influence of built environment on travel mode choice considering the mediating effects of car ownership and travel distance},
  author={Ding, Chuan and Wang, Donggen and Liu, Chao and Zhang, Yi and Yang, Jiawen},
  journal={Transportation Research Part A: Policy and Practice},
  volume={100},
  pages={65--80},
  year={2017},
  publisher={Elsevier}
}
@article{dale2002spatial,
  title={Spatial autocorrelation and statistical tests in ecology},
  author={Dale, Mark RT and Fortin, Marie-Josee},
  journal={Ecoscience},
  volume={9},
  number={2},
  pages={162--167},
  year={2002},
  publisher={Taylor \& Francis}
}

@article{congress2021identifying,
  title={Identifying hazardous obstructions within an intersection using unmanned aerial data analysis},
  author={Congress, Surya Sarat Chandra and Puppala, Anand J and Banerjee, Aritra and Patil, Ujwalkumar D},
  journal={International journal of transportation science and technology},
  volume={10},
  number={1},
  pages={34--48},
  year={2021},
  publisher={Elsevier}
}

@misc{nhtsa,
author = {{National Highway Traffic Safety Administration}},
title = {Traffic Safety Facts},
year = {2021},
publisher = {U.S. Department of Transportation},
url = {https://www.nhtsa.gov/}
}

@techreport{dixon2015improved,
  title={Improved safety performance functions for signalized intersections},
  author={Dixon, Karen and Monsere, Chris and Avelar, Raul and Barnett, Joel and Escobar, Paty and Kothuri, Sirisha and Wang, Yi and others},
  year={2015},
  institution={Oregon. Dept. of Transportation. Research Section}
}
@article{zhang2019spatial,
  title={Spatial analysis of traffic accidents based on WaveCluster and vehicle communication system data},
  author={Zhang, Junhui and Shi, Tuo},
  journal={EURASIP Journal on Wireless Communications and Networking},
  volume={2019},
  pages={1--10},
  year={2019},
  publisher={Springer}
}
@article{shafabakhsh2017gis,
  title={GIS-based spatial analysis of urban traffic accidents: Case study in Mashhad, Iran},
  author={Shafabakhsh, Gholam Ali and Famili, Afshin and Bahadori, Mohammad Sadegh},
  journal={Journal of traffic and transportation engineering (English edition)},
  volume={4},
  number={3},
  pages={290--299},
  year={2017},
  publisher={Elsevier}
}
@article{eboli2020factors,
  title={Factors influencing accident severity: an analysis by road accident type},
  author={Eboli, Laura and Forciniti, Carmen and Mazzulla, Gabriella},
  journal={Transportation research procedia},
  volume={47},
  pages={449--456},
  year={2020},
  publisher={Elsevier}
}

@article{huang2008severity,
  title={Severity of driver injury and vehicle damage in traffic crashes at intersections: a Bayesian hierarchical analysis},
  author={Huang, Helai and Chin, Hoong Chor and Haque, Md Mazharul},
  journal={Accident Analysis \& Prevention},
  volume={40},
  number={1},
  pages={45--54},
  year={2008},
  publisher={Elsevier}
}

@article{oh2004development,
  title={Development of accident prediction models for rural highway intersections},
  author={Oh, Jutaek and Washington, Simon and Choi, Keechoo},
  journal={Transportation Research Record},
  volume={1897},
  number={1},
  pages={18--27},
  year={2004},
  publisher={SAGE Publications Sage CA: Los Angeles, CA}
}

@article{mussone2017analysis,
  title={Analysis of factors affecting the severity of crashes in urban road intersections},
  author={Mussone, Lorenzo and Bassani, Marco' and Masci, Pietro'},
  journal={Accident Analysis \& Prevention},
  volume={103},
  pages={112--122},
  year={2017},
  publisher={Elsevier}
}


@article{park2016random,
  title={Random parameter negative binomial model of signalized intersections},
  author={Park, Minho and Lee, Dongmin and Jeon, Jinwoo and others},
  journal={Mathematical Problems in Engineering},
  volume={2016},
  year={2016},
  publisher={Hindawi}
}

@article{lam2004environmental,
  title={Environmental factors associated with crash-related mortality and injury among taxi drivers in New South Wales, Australia},
  author={Lam, Lawrence T},
  journal={Accident Analysis \& Prevention},
  volume={36},
  number={5},
  pages={905--908},
  year={2004},
  publisher={Elsevier}
}

@article{gong2020application,
  title={Application of random effects negative binomial model with clustered dataset for vehicle crash frequency analysis},
  author={Gong, Haitao and Wang, Feng and Zhou, Bin Brenda and Dent, Shontria},
  journal={International journal of transportation science and technology},
  volume={9},
  number={3},
  pages={183--194},
  year={2020},
  publisher={Elsevier}
}

@misc{who2022,
author = {{World Health Organization}},
title = {Road traffic injuries},
year = {2022},
publisher = {World Health Organization},
url = {https://www.who.int/news-room/fact-sheets/detail/road-traffic-injuries}
}

@article{lee2014analysis,
  title={Analysis of residence characteristics of at-fault drivers in traffic crashes},
  author={Lee, Jaeyoung and Abdel-Aty, Mohamed and Choi, Keechoo},
  journal={Safety science},
  volume={68},
  pages={6--13},
  year={2014},
  publisher={Elsevier}
}

@article{tomoda2022analysis,
  title={Analysis on the impact of traffic safety measures on children’s gaze behavior and their safety awareness at residential road intersections in Japan},
  author={Tomoda, Mitsuko and Uno, Haruka and Hashimoto, Seiji and Yoshiki, Syuji and Ujihara, Takehito},
  journal={Safety science},
  volume={150},
  pages={105706},
  year={2022},
  publisher={Elsevier}
}

@article{useche2018infrastructural,
  title={Infrastructural and human factors affecting safety outcomes of cyclists},
  author={Useche, Sergio and Montoro, Luis and Alonso, Francisco and Oviedo-Trespalacios, Oscar},
  journal={Sustainability},
  volume={10},
  number={2},
  pages={299},
  year={2018},
  publisher={MDPI}
}

@article{mitra2012significance,
  title={On the significance of omitted variables in intersection crash modeling},
  author={Mitra, Sudeshna and Washington, Simon},
  journal={Accident Analysis \& Prevention},
  volume={49},
  pages={439--448},
  year={2012},
  publisher={Elsevier}
}

@article{al2022using,
  title={Using machine learning models to forecast severity level of traffic crashes by R Studio and ArcGIS},
  author={Al-Mistarehi, Bara’W and Alomari, Ahmad H and Imam, Rana and Mashaqba, Mohammad},
  journal={Frontiers in built environment},
  volume={8},
  pages={860805},
  year={2022},
  publisher={Frontiers}
}

@article{noland2004spatially,
  title={A spatially disaggregate analysis of road casualties in England},
  author={Noland, Robert B and Quddus, Mohammed A},
  journal={Accident Analysis \& Prevention},
  volume={36},
  number={6},
  pages={973--984},
  year={2004},
  publisher={Elsevier}
}
@article{loo2006validating,
  title={Validating crash locations for quantitative spatial analysis: a GIS-based approach},
  author={Loo, Becky PY},
  journal={Accident Analysis \& Prevention},
  volume={38},
  number={5},
  pages={879--886},
  year={2006},
  publisher={Elsevier}
}
@article{ma2014quasi,
  title={A quasi-Poisson approach on modeling accident hazard index for urban road segments},
  author={Ma, Lu and Yan, Xuedong and Qiao, Wenxin and others},
  journal={Discrete dynamics in nature and society},
  volume={2014},
  year={2014},
  publisher={Hindawi}
}