@incollection{Bengio+chapter2007,
author = {Bengio, Yoshua and LeCun, Yann},
booktitle = {Large Scale Kernel Machines},
publisher = {MIT Press},
title = {Scaling Learning Algorithms Towards {AI}},
year = {2007}
}
@article{singhal2023long,
  title={A long way to go: Investigating length correlations in rlhf},
  author={Singhal, Prasann and Goyal, Tanya and Xu, Jiacheng and Durrett, Greg},
  journal={arXiv preprint arXiv:2310.03716},
  year={2023}
}
@article{Hinton06,
author = {Hinton, Geoffrey E. and Osindero, Simon and Teh, Yee Whye},
journal = {Neural Computation},
pages = {1527--1554},
title = {A Fast Learning Algorithm for Deep Belief Nets},
volume = {18},
year = {2006}
}
@article{bai2022training,
  title={Training a helpful and harmless assistant with reinforcement learning from human feedback},
  author={Bai, Yuntao and Jones, Andy and Ndousse, Kamal and Askell, Amanda and Chen, Anna and DasSarma, Nova and Drain, Dawn and Fort, Stanislav and Ganguli, Deep and Henighan, Tom and others},
  journal={arXiv preprint arXiv:2204.05862},
  year={2022}
}
@article{shen2023loose,
  title={Loose lips sink ships: Mitigating length bias in reinforcement learning from human feedback},
  author={Shen, Wei and Zheng, Rui and Zhan, Wenyu and Zhao, Jun and Dou, Shihan and Gui, Tao and Zhang, Qi and Huang, Xuanjing},
  journal={arXiv preprint arXiv:2310.05199},
  year={2023}
}
@inproceedings{gao2023scaling,
  title={Scaling laws for reward model overoptimization},
  author={Gao, Leo and Schulman, John and Hilton, Jacob},
  booktitle={International Conference on Machine Learning},
  pages={10835--10866},
  year={2023},
  organization={PMLR}
}
@article{rafailov2024direct,
  title={Direct preference optimization: Your language model is secretly a reward model},
  author={Rafailov, Rafael and Sharma, Archit and Mitchell, Eric and Manning, Christopher D and Ermon, Stefano and Finn, Chelsea},
  journal={Advances in Neural Information Processing Systems},
  volume={36},
  year={2024}
}
@article{bradley1952rank,
  title={Rank analysis of incomplete block designs: I. The method of paired comparisons},
  author={Bradley, Ralph Allan and Terry, Milton E},
  journal={Biometrika},
  volume={39},
  number={3/4},
  pages={324--345},
  year={1952},
  publisher={JSTOR}
}
@article{rame2024warm,
  title={Warm: On the benefits of weight averaged reward models},
  author={Ram{\'e}, Alexandre and Vieillard, Nino and Hussenot, L{\'e}onard and Dadashi, Robert and Cideron, Geoffrey and Bachem, Olivier and Ferret, Johan},
  journal={arXiv preprint arXiv:2401.12187},
  year={2024}
}
@article{dubois2024length,
  title={Length-controlled alpacaeval: A simple way to debias automatic evaluators},
  author={Dubois, Yann and Galambosi, Bal{\'a}zs and Liang, Percy and Hashimoto, Tatsunori B},
  journal={arXiv preprint arXiv:2404.04475},
  year={2024}
}
@book{goodfellow2016deep,
title={Deep learning},
author={Goodfellow, Ian and Bengio, Yoshua and Courville, Aaron and Bengio, Yoshua},
volume={1},
year={2016},
publisher={MIT Press}
}
@article{ziegler2019fine,
  title={Fine-tuning language models from human preferences},
  author={Ziegler, Daniel M and Stiennon, Nisan and Wu, Jeffrey and Brown, Tom B and Radford, Alec and Amodei, Dario and Christiano, Paul and Irving, Geoffrey},
  journal={arXiv preprint arXiv:1909.08593},
  year={2019}
}
@article{stiennon2020learning,
  title={Learning to summarize with human feedback},
  author={Stiennon, Nisan and Ouyang, Long and Wu, Jeffrey and Ziegler, Daniel and Lowe, Ryan and Voss, Chelsea and Radford, Alec and Amodei, Dario and Christiano, Paul F},
  journal={Advances in Neural Information Processing Systems},
  volume={33},
  pages={3008--3021},
  year={2020}
}
@article{ouyang2022training,
  title={Training language models to follow instructions with human feedback},
  author={Ouyang, Long and Wu, Jeffrey and Jiang, Xu and Almeida, Diogo and Wainwright, Carroll and Mishkin, Pamela and Zhang, Chong and Agarwal, Sandhini and Slama, Katarina and Ray, Alex and others},
  journal={Advances in neural information processing systems},
  volume={35},
  pages={27730--27744},
  year={2022}
}

@article{yuan2024following,
  title={Following length constraints in instructions},
  author={Yuan, Weizhe and Kulikov, Ilia and Yu, Ping and Cho, Kyunghyun and Sukhbaatar, Sainbayar and Weston, Jason and Xu, Jing},
  journal={arXiv preprint arXiv:2406.17744},
  year={2024}
}

@article{park2024disentangling,
  title={Disentangling length from quality in direct preference optimization},
  author={Park, Ryan and Rafailov, Rafael and Ermon, Stefano and Finn, Chelsea},
  journal={arXiv preprint arXiv:2403.19159},
  year={2024}
}

@inproceedings{chenodin,
  title={ODIN: Disentangled Reward Mitigates Hacking in RLHF},
  author={Chen, Lichang and Zhu, Chen and Chen, Jiuhai and Soselia, Davit and Zhou, Tianyi and Goldstein, Tom and Huang, Heng and Shoeybi, Mohammad and Catanzaro, Bryan},
  booktitle={Forty-first International Conference on Machine Learning},
  year={2024}
}

@article{liu2024length,
  title={Length Desensitization in Directed Preference Optimization},
  author={Liu, Wei and Bai, Yang and Han, Chengcheng and Weng, Rongxiang and Xu, Jun and Cao, Xuezhi and Wang, Jingang and Cai, Xunliang},
  journal={arXiv preprint arXiv:2409.06411},
  year={2024}
}

@article{kopf2024openassistant,
  title={Openassistant conversations-democratizing large language model alignment},
  author={K{\"o}pf, Andreas and Kilcher, Yannic and von R{\"u}tte, Dimitri and Anagnostidis, Sotiris and Tam, Zhi Rui and Stevens, Keith and Barhoum, Abdullah and Nguyen, Duc and Stanley, Oliver and Nagyfi, Rich{\'a}rd and others},
  journal={Advances in Neural Information Processing Systems},
  volume={36},
  year={2024}
}

@article{yao2023deepspeed,
  title={Deepspeed-chat: Easy, fast and affordable rlhf training of chatgpt-like models at all scales},
  author={Yao, Zhewei and Aminabadi, Reza Yazdani and Ruwase, Olatunji and Rajbhandari, Samyam and Wu, Xiaoxia and Awan, Ammar Ahmad and Rasley, Jeff and Zhang, Minjia and Li, Conglong and Holmes, Connor and others},
  journal={arXiv preprint arXiv:2308.01320},
  year={2023}
}

@inproceedings{wolf2020transformers,
  title={Transformers: State-of-the-art natural language processing},
  author={Wolf, Thomas and Debut, Lysandre and Sanh, Victor and Chaumond, Julien and Delangue, Clement and Moi, Anthony and Cistac, Pierric and Rault, Tim and Louf, R{\'e}mi and Funtowicz, Morgan and others},
  booktitle={Proceedings of the 2020 conference on empirical methods in natural language processing: system demonstrations},
  pages={38--45},
  year={2020}
}

@article{dubois2024alpacafarm,
  title={Alpacafarm: A simulation framework for methods that learn from human feedback},
  author={Dubois, Yann and Li, Chen Xuechen and Taori, Rohan and Zhang, Tianyi and Gulrajani, Ishaan and Ba, Jimmy and Guestrin, Carlos and Liang, Percy S and Hashimoto, Tatsunori B},
  journal={Advances in Neural Information Processing Systems},
  volume={36},
  year={2024}
}

@article{zheng2023judging,
  title={Judging llm-as-a-judge with mt-bench and chatbot arena},
  author={Zheng, Lianmin and Chiang, Wei-Lin and Sheng, Ying and Zhuang, Siyuan and Wu, Zhanghao and Zhuang, Yonghao and Lin, Zi and Li, Zhuohan and Li, Dacheng and Xing, Eric and others},
  journal={Advances in Neural Information Processing Systems},
  volume={36},
  pages={46595--46623},
  year={2023}
}

@article{wang2023large,
  title={Large language models are not fair evaluators},
  author={Wang, Peiyi and Li, Lei and Chen, Liang and Cai, Zefan and Zhu, Dawei and Lin, Binghuai and Cao, Yunbo and Liu, Qi and Liu, Tianyu and Sui, Zhifang},
  journal={arXiv preprint arXiv:2305.17926},
  year={2023}
}

@article{chiang2023vicuna,
  title={Vicuna: An open-source chatbot impressing gpt-4 with 90\%* chatgpt quality},
  author={Chiang, Wei-Lin and Li, Zhuohan and Lin, Zi and Sheng, Ying and Wu, Zhanghao and Zhang, Hao and Zheng, Lianmin and Zhuang, Siyuan and Zhuang, Yonghao and Gonzalez, Joseph E and others},
  journal={See https://vicuna. lmsys. org (accessed 14 April 2023)},
  volume={2},
  number={3},
  pages={6},
  year={2023}
}

@article{achiam2023gpt,
  title={Gpt-4 technical report},
  author={Achiam, Josh and Adler, Steven and Agarwal, Sandhini and Ahmad, Lama and Akkaya, Ilge and Aleman, Florencia Leoni and Almeida, Diogo and Altenschmidt, Janko and Altman, Sam and Anadkat, Shyamal and others},
  journal={arXiv preprint arXiv:2303.08774},
  year={2023}
}

@article{yang2024qwen2,
  title={Qwen2 technical report},
  author={Yang, An and Yang, Baosong and Hui, Binyuan and Zheng, Bo and Yu, Bowen and Zhou, Chang and Li, Chengpeng and Li, Chengyuan and Liu, Dayiheng and Huang, Fei and others},
  journal={arXiv preprint arXiv:2407.10671},
  year={2024}
}

@article{caruccio2024claude,
  title={Claude 2.0 large language model: Tackling a real-world classification problem with a new iterative prompt engineering approach},
  author={Caruccio, Loredana and Cirillo, Stefano and Polese, Giuseppe and Solimando, Giandomenico and Sundaramurthy, Shanmugam and Tortora, Genoveffa},
  journal={Intelligent Systems with Applications},
  volume={21},
  pages={200336},
  year={2024},
  publisher={Elsevier}
}

@article{team2023gemini,
  title={Gemini: a family of highly capable multimodal models},
  author={Team, Gemini and Anil, Rohan and Borgeaud, Sebastian and Alayrac, Jean-Baptiste and Yu, Jiahui and Soricut, Radu and Schalkwyk, Johan and Dai, Andrew M and Hauth, Anja and Millican, Katie and others},
  journal={arXiv preprint arXiv:2312.11805},
  year={2023}
}

@article{dubey2024llama,
  title={The llama 3 herd of models},
  author={Dubey, Abhimanyu and Jauhri, Abhinav and Pandey, Abhinav and Kadian, Abhishek and Al-Dahle, Ahmad and Letman, Aiesha and Mathur, Akhil and Schelten, Alan and Yang, Amy and Fan, Angela and others},
  journal={arXiv preprint arXiv:2407.21783},
  year={2024}
}

@article{bai2022constitutional,
  title={Constitutional ai: Harmlessness from ai feedback},
  author={Bai, Yuntao and Kadavath, Saurav and Kundu, Sandipan and Askell, Amanda and Kernion, Jackson and Jones, Andy and Chen, Anna and Goldie, Anna and Mirhoseini, Azalia and McKinnon, Cameron and others},
  journal={arXiv preprint arXiv:2212.08073},
  year={2022}
}

@article{lee2023rlaif,
  title={Rlaif: Scaling reinforcement learning from human feedback with ai feedback},
  author={Lee, Harrison and Phatale, Samrat and Mansoor, Hassan and Lu, Kellie and Mesnard, Thomas and Bishop, Colton and Carbune, Victor and Rastogi, Abhinav},
  journal={arXiv preprint arXiv:2309.00267},
  year={2023}
}

@inproceedings{kreutzer-etal-2018-reliability,
    title = "Reliability and Learnability of Human Bandit Feedback for Sequence-to-Sequence Reinforcement Learning",
    author = "Kreutzer, Julia  and
      Uyheng, Joshua  and
      Riezler, Stefan",
    editor = "Gurevych, Iryna  and
      Miyao, Yusuke",
    booktitle = "Proceedings of the 56th Annual Meeting of the Association for Computational Linguistics (Volume 1: Long Papers)",
    month = jul,
    year = "2018",
    address = "Melbourne, Australia",
    publisher = "Association for Computational Linguistics",
    url = "https://aclanthology.org/P18-1165",
    doi = "10.18653/v1/P18-1165",
    pages = "1777--1788",
}

@inproceedings{liu2020learning,
  title={Learning to summarize from human feedback},
  author={Liu, Fei and others},
  booktitle={Proceedings of the 58th Annual Meeting of the Association for Computational Linguistics},
  year={2020}
}

@article{schulman2017proximal,
  title={Proximal policy optimization algorithms},
  author={Schulman, John and Wolski, Filip and Dhariwal, Prafulla and Radford, Alec and Klimov, Oleg},
  journal={arXiv preprint arXiv:1707.06347},
  year={2017}
}

@inproceedings{hong2024orpo,
  title={Orpo: Monolithic preference optimization without reference model},
  author={Hong, Jiwoo and Lee, Noah and Thorne, James},
  booktitle={Proceedings of the 2024 Conference on Empirical Methods in Natural Language Processing},
  pages={11170--11189},
  year={2024}
}

@article{chen2024noise,
  title={Noise contrastive alignment of language models with explicit rewards},
  author={Chen, Huayu and He, Guande and Yuan, Lifan and Cui, Ganqu and Su, Hang and Zhu, Jun},
  journal={arXiv preprint arXiv:2402.05369},
  year={2024}
}

@article{ethayarajh2024kto,
  title={Kto: Model alignment as prospect theoretic optimization},
  author={Ethayarajh, Kawin and Xu, Winnie and Muennighoff, Niklas and Jurafsky, Dan and Kiela, Douwe},
  journal={arXiv preprint arXiv:2402.01306},
  year={2024}
}

@article{skalse2022defining,
  title={Defining and characterizing reward gaming},
  author={Skalse, Joar and Howe, Nikolaus and Krasheninnikov, Dmitrii and Krueger, David},
  journal={Advances in Neural Information Processing Systems},
  volume={35},
  pages={9460--9471},
  year={2022}
}

@inproceedings{pan2022effects,
  title={The Effects of Reward Misspecification: Mapping and Mitigating Misaligned Models},
  author={Pan, Alexander and Bhatia, Kush and Steinhardt, Jacob},
  booktitle={International Conference on Learning Representations},
  year={2022}
}

@article{
casper2023open,
title={Open Problems and Fundamental Limitations of Reinforcement Learning from Human Feedback},
author={Stephen Casper and Xander Davies and Claudia Shi and Thomas Krendl Gilbert and J{\'e}r{\'e}my Scheurer and Javier Rando and Rachel Freedman and Tomek Korbak and David Lindner and Pedro Freire and Tony Tong Wang and Samuel Marks and Charbel-Raphael Segerie and Micah Carroll and Andi Peng and Phillip J.K. Christoffersen and Mehul Damani and Stewart Slocum and Usman Anwar and Anand Siththaranjan and Max Nadeau and Eric J Michaud and Jacob Pfau and Dmitrii Krasheninnikov and Xin Chen and Lauro Langosco and Peter Hase and Erdem Biyik and Anca Dragan and David Krueger and Dorsa Sadigh and Dylan Hadfield-Menell},
journal={Transactions on Machine Learning Research},
issn={2835-8856},
year={2023},
url={https://openreview.net/forum?id=bx24KpJ4Eb},
note={Survey Certification, Featured Certification}
}

@article{lambert2023alignment,
  title={The alignment ceiling: Objective mismatch in reinforcement learning from human feedback},
  author={Lambert, Nathan and Calandra, Roberto},
  journal={arXiv preprint arXiv:2311.00168},
  year={2023}
}

@inproceedings{poesia2022synchromesh,
title={Synchromesh: Reliable Code Generation from Pre-trained Language Models},
author={Gabriel Poesia and Alex Polozov and Vu Le and Ashish Tiwari and Gustavo Soares and Christopher Meek and Sumit Gulwani},
booktitle={International Conference on Learning Representations},
year={2022},
url={https://openreview.net/forum?id=KmtVD97J43e}
}

@article{10.1145/3672456,
author = {Jiang, Xue and Dong, Yihong and Wang, Lecheng and Fang, Zheng and Shang, Qiwei and Li, Ge and Jin, Zhi and Jiao, Wenpin},
title = {Self-Planning Code Generation with Large Language Models},
year = {2024},
issue_date = {September 2024},
publisher = {Association for Computing Machinery},
address = {New York, NY, USA},
volume = {33},
number = {7},
issn = {1049-331X},
url = {https://doi.org/10.1145/3672456},
doi = {10.1145/3672456},
journal = {ACM Trans. Softw. Eng. Methodol.},
month = sep,
articleno = {182},
numpages = {30},
keywords = {Code Generation, Large language models, Planning}
}

@inproceedings{hao-etal-2023-reasoning,
    title = "Reasoning with Language Model is Planning with World Model",
    author = "Hao, Shibo  and
      Gu, Yi  and
      Ma, Haodi  and
      Hong, Joshua  and
      Wang, Zhen  and
      Wang, Daisy  and
      Hu, Zhiting",
    editor = "Bouamor, Houda  and
      Pino, Juan  and
      Bali, Kalika",
    booktitle = "Proceedings of the 2023 Conference on Empirical Methods in Natural Language Processing",
    month = dec,
    year = "2023",
    address = "Singapore",
    publisher = "Association for Computational Linguistics",
    url = "https://aclanthology.org/2023.emnlp-main.507",
    doi = "10.18653/v1/2023.emnlp-main.507",
    pages = "8154--8173",
}

@article{zhao2024large,
  title={Large language models as commonsense knowledge for large-scale task planning},
  author={Zhao, Zirui and Lee, Wee Sun and Hsu, David},
  journal={Advances in Neural Information Processing Systems},
  volume={36},
  year={2024}
}

@inproceedings{imani2023mathprompter,
  title={MathPrompter: Mathematical Reasoning using Large Language Models},
  author={Imani, Shima and Du, Liang and Shrivastava, Harsh},
  booktitle={Proceedings of the 61st Annual Meeting of the Association for Computational Linguistics (Volume 5: Industry Track)},
  pages={37--42},
  year={2023}
}

@article{luo2023wizardmath,
  title={Wizardmath: Empowering mathematical reasoning for large language models via reinforced evol-instruct},
  author={Luo, Haipeng and Sun, Qingfeng and Xu, Can and Zhao, Pu and Lou, Jianguang and Tao, Chongyang and Geng, Xiubo and Lin, Qingwei and Chen, Shifeng and Zhang, Dongmei},
  journal={arXiv preprint arXiv:2308.09583},
  year={2023}
}

@misc{
kurach2019the,
title={The {GAN} Landscape: Losses, Architectures, Regularization, and Normalization},
author={Karol Kurach and Mario Lucic and Xiaohua Zhai and Marcin Michalski and Sylvain Gelly},
year={2019},
url={https://openreview.net/forum?id=rkGG6s0qKQ},
}

@article{shimony1993role,
  title={The role of relevance in explanation I: Irrelevance as statistical independence},
  author={Shimony, Solomon Eyal},
  journal={International Journal of Approximate Reasoning},
  volume={8},
  number={4},
  pages={281--324},
  year={1993},
  publisher={Elsevier}
}

@inproceedings{NEURIPS2023_4dbb61cb,
 author = {Ji, Jiaming and Liu, Mickel and Dai, Josef and Pan, Xuehai and Zhang, Chi and Bian, Ce and Chen, Boyuan and Sun, Ruiyang and Wang, Yizhou and Yang, Yaodong},
 booktitle = {Advances in Neural Information Processing Systems},
 editor = {A. Oh and T. Naumann and A. Globerson and K. Saenko and M. Hardt and S. Levine},
 pages = {24678--24704},
 publisher = {Curran Associates, Inc.},
 title = {BeaverTails: Towards Improved Safety Alignment of LLM via a Human-Preference Dataset},
 volume = {36},
 year = {2023}
}

@article{hurst2024gpt,
  title={Gpt-4o system card},
  author={Hurst, Aaron and Lerer, Adam and Goucher, Adam P and Perelman, Adam and Ramesh, Aditya and Clark, Aidan and Ostrow, AJ and Welihinda, Akila and Hayes, Alan and Radford, Alec and others},
  journal={arXiv preprint arXiv:2410.21276},
  year={2024}
}

@article{lambert2024rewardbench,
  title={Rewardbench: Evaluating reward models for language modeling},
  author={Lambert, Nathan and Pyatkin, Valentina and Morrison, Jacob and Miranda, LJ and Lin, Bill Yuchen and Chandu, Khyathi and Dziri, Nouha and Kumar, Sachin and Zick, Tom and Choi, Yejin and others},
  journal={arXiv preprint arXiv:2403.13787},
  year={2024}
}

@inproceedings{parrish-etal-2022-bbq,
    title = "{BBQ}: A hand-built bias benchmark for question answering",
    author = "Parrish, Alicia  and
      Chen, Angelica  and
      Nangia, Nikita  and
      Padmakumar, Vishakh  and
      Phang, Jason  and
      Thompson, Jana  and
      Htut, Phu Mon  and
      Bowman, Samuel",
    editor = "Muresan, Smaranda  and
      Nakov, Preslav  and
      Villavicencio, Aline",
    booktitle = "Findings of the Association for Computational Linguistics: ACL 2022",
    month = may,
    year = "2022",
    address = "Dublin, Ireland",
    publisher = "Association for Computational Linguistics",
    url = "https://aclanthology.org/2022.findings-acl.165/",
    doi = "10.18653/v1/2022.findings-acl.165",
    pages = "2086--2105"
}

@inproceedings{NEURIPS2021_63c4b1ba,
 author = {Queeney, James and Paschalidis, Yannis and Cassandras, Christos G},
 booktitle = {Advances in Neural Information Processing Systems},
 editor = {M. Ranzato and A. Beygelzimer and Y. Dauphin and P.S. Liang and J. Wortman Vaughan},
 pages = {11909--11919},
 publisher = {Curran Associates, Inc.},
 title = {Generalized Proximal Policy Optimization with Sample Reuse},
 url = {https://proceedings.neurips.cc/paper_files/paper/2021/file/63c4b1baf3b4460fa9936b1a20919bec-Paper.pdf},
 volume = {34},
 year = {2021}
}

@ARTICLE{9501950,
  author={Gu, Yang and Cheng, Yuhu and Chen, C. L. Philip and Wang, Xuesong},
  journal={IEEE Transactions on Systems, Man, and Cybernetics: Systems}, 
  title={Proximal Policy Optimization With Policy Feedback}, 
  year={2022},
  volume={52},
  number={7},
  pages={4600-4610},
  keywords={Optimization;Estimation;Training;Task analysis;Trajectory;Space exploration;Games;Actor–critic (AC);clipped discount factor;policy feedback;proximal policy optimization (PPO);value function},
  doi={10.1109/TSMC.2021.3098451}}

@inproceedings{
xu2024is,
title={Is {DPO} Superior to {PPO} for {LLM} Alignment? A Comprehensive Study},
author={Shusheng Xu and Wei Fu and Jiaxuan Gao and Wenjie Ye and Weilin Liu and Zhiyu Mei and Guangju Wang and Chao Yu and Yi Wu},
booktitle={Forty-first International Conference on Machine Learning},
year={2024},
url={https://openreview.net/forum?id=6XH8R7YrSk}
}

@inproceedings{
ivison2024unpacking,
title={Unpacking {DPO} and {PPO}: Disentangling Best Practices for Learning from Preference Feedback},
author={Hamish Ivison and Yizhong Wang and Jiacheng Liu and Zeqiu Wu and Valentina Pyatkin and Nathan Lambert and Noah A. Smith and Yejin Choi and Hannaneh Hajishirzi},
booktitle={The Thirty-eighth Annual Conference on Neural Information Processing Systems},
year={2024},
url={https://openreview.net/forum?id=JMBWTlazjW}
}

@misc{xu2024contrastivepreferenceoptimizationpushing,
      title={Contrastive Preference Optimization: Pushing the Boundaries of LLM Performance in Machine Translation}, 
      author={Haoran Xu and Amr Sharaf and Yunmo Chen and Weiting Tan and Lingfeng Shen and Benjamin Van Durme and Kenton Murray and Young Jin Kim},
      year={2024},
      eprint={2401.08417},
      archivePrefix={arXiv},
      primaryClass={cs.CL},
      url={https://arxiv.org/abs/2401.08417}, 
}