
% Journals

% First the Full Name is given, then the abbreviation used in the AMS Math
% Reviews, with an indication if it could not be found there.
% Note the 2nd overwrites the 1st, so swap them if you want the full name.

 %{AMS}
 @String{AMSTrans = "American Mathematical Society Translations" }
 @String{AMSTrans = "Amer. Math. Soc. Transl." }
 @String{BullAMS = "Bulletin of the American Mathematical Society" }
 @String{BullAMS = "Bull. Amer. Math. Soc." }
 @String{ProcAMS = "Proceedings of the American Mathematical Society" }
 @String{ProcAMS = "Proc. Amer. Math. Soc." }
 @String{TransAMS = "Transactions of the American Mathematical Society" }
 @String{TransAMS = "Trans. Amer. Math. Soc." }

 %ACM
 @String{CACM = "Communications of the {ACM}" }
 @String{CACM = "Commun. {ACM}" }
 @String{CompServ = "Comput. Surveys" }
 @String{JACM = "J. ACM" }
 @String{ACMMathSoft = "{ACM} Transactions on Mathematical Software" }
 @String{ACMMathSoft = "{ACM} Trans. Math. Software" }
 @String{SIGNUM = "{ACM} {SIGNUM} Newsletter" }
 @String{SIGNUM = "{ACM} {SIGNUM} Newslett." }

 @String{AmerSocio = "American Journal of Sociology" }
 @String{AmerStatAssoc = "Journal of the American Statistical Association" }
 @String{AmerStatAssoc = "J. Amer. Statist. Assoc." }
 @String{ApplMathComp = "Applied Mathematics and Computation" }
 @String{ApplMathComp = "Appl. Math. Comput." }
 @String{AmerMathMonthly = "American Mathematical Monthly" }
 @String{AmerMathMonthly = "Amer. Math. Monthly" }
 @String{BIT = "{BIT}" }
 @String{BritStatPsych = "British Journal of Mathematical and Statistical
          Psychology" }
 @String{BritStatPsych = "Brit. J. Math. Statist. Psych." }
 @String{CanMathBull = "Canadian Mathematical Bulletin" }
 @String{CanMathBull = "Canad. Math. Bull." }
 @String{CompApplMath = "Journal of Computational and Applied Mathematics" }
 @String{CompApplMath = "J. Comput. Appl. Math." }
 @String{CompPhys = "Journal of Computational Physics" }
 @String{CompPhys = "J. Comput. Phys." }
 @String{CompStruct = "Computers and Structures" }
 @String{CompStruct = "Comput. \& Structures" }
 @String{CompJour = "The Computer Journal" }
 @String{CompJour = "Comput. J." }
 @String{CompSysSci = "Journal of Computer and System Sciences" }
 @String{CompSysSci = "J. Comput. System Sci." }
 @String{Computing = "Computing" }
 @String{ContempMath = "Contemporary Mathematics" }
 @String{ContempMath = "Contemp. Math." }
 @String{Crelle = "Crelle's Journal" }
 @String{GiornaleMath = "Giornale di Mathematiche" }
 @String{GiornaleMath = "Giorn. Mat." } % didn't find in AMS MR., ibid.

 %IEEE
 @String{Computer = "{IEEE} Computer" }
 @String{IEEETransComp = "{IEEE} Transactions on Computers" }
 @String{IEEETransComp = "{IEEE} Trans. Comput." }
 @String{IEEETransAC = "{IEEE} Transactions on Automatic Control" }
 @String{IEEETransAC = "{IEEE} Trans. Automat. Control" }
 @String{IEEESpec = "{IEEE} Spectrum" } % didn't find in AMS MR
 @String{ProcIEEE = "Proceedings of the {IEEE}" }
 @String{ProcIEEE = "Proc. {IEEE}" } % didn't find in AMS MR
 @String{IEEETransAeroElec = "{IEEE} Transactions on Aerospace and Electronic
     Systems" }
 @String{IEEETransAeroElec = "{IEEE} Trans. Aerospace Electron. Systems" }

 @String{IMANumerAna = "{IMA} Journal of Numerical Analysis" }
 @String{IMANumerAna = "{IMA} J. Numer. Anal." }
 @String{InfProcLet = "Information Processing Letters" }
 @String{InfProcLet = "Inform. Process. Lett." }
 @String{InstMathApp = "Journal of the Institute of Mathematics and
     its Applications" }
 @String{InstMathApp = "J. Inst. Math. Appl." }
 @String{IntControl = "International Journal of Control" }
 @String{IntControl = "Internat. J. Control" }
 @String{IntNumerEng = "International Journal for Numerical Methods in
     Engineering" }
 @String{IntNumerEng = "Internat. J. Numer. Methods Engrg." }
 @String{IntSuper = "International Journal of Supercomputing Applications" }
 @String{IntSuper = "Internat. J. Supercomputing Applic." } % didn't find
%% in AMS MR
 @String{Kibernetika = "Kibernetika" }
 @String{JResNatBurStand = "Journal of Research of the National Bureau
     of Standards" }
 @String{JResNatBurStand = "J. Res. Nat. Bur. Standards" }
 @String{LinAlgApp = "Linear Algebra and its Applications" }
 @String{LinAlgApp = "Linear Algebra Appl." }
 @String{MathAnaAppl = "Journal of Mathematical Analysis and Applications" }
 @String{MathAnaAppl = "J. Math. Anal. Appl." }
 @String{MathAnnalen = "Mathematische Annalen" }
 @String{MathAnnalen = "Math. Ann." }
 @String{MathPhys = "Journal of Mathematical Physics" }
 @String{MathPhys = "J. Math. Phys." }
 @String{MathComp = "Mathematics of Computation" }
 @String{MathComp = "Math. Comp." }
 @String{MathScand = "Mathematica Scandinavica" }
 @String{MathScand = "Math. Scand." }
 @String{TablesAidsComp = "Mathematical Tables and Other Aids to Computation" }
 @String{TablesAidsComp = "Math. Tables Aids Comput." }
 @String{NumerMath = "Numerische Mathematik" }
 @String{NumerMath = "Numer. Math." }
 @String{PacificMath = "Pacific Journal of Mathematics" }
 @String{PacificMath = "Pacific J. Math." }
 @String{ParDistComp = "Journal of Parallel and Distributed Computing" }
 @String{ParDistComp = "J. Parallel and Distrib. Comput." } % didn't find
%% in AMS MR
 @String{ParComputing = "Parallel Computing" }
 @String{ParComputing = "Parallel Comput." }
 @String{PhilMag = "Philosophical Magazine" }
 @String{PhilMag = "Philos. Mag." }
 @String{ProcNAS = "Proceedings of the National Academy of Sciences
                    of the USA" }
 @String{ProcNAS = "Proc. Nat. Acad. Sci. U. S. A." }
 @String{Psychometrika = "Psychometrika" }
 @String{QuartMath = "Quarterly Journal of Mathematics, Oxford, Series (2)" }
 @String{QuartMath = "Quart. J. Math. Oxford Ser. (2)" }
 @String{QuartApplMath = "Quarterly of Applied Mathematics" }
 @String{QuartApplMath = "Quart. Appl. Math." }
 @String{RevueInstStat = "Review of the International Statisical Institute" }
 @String{RevueInstStat = "Rev. Inst. Internat. Statist." }

 %SIAM
 @String{JSIAM = "Journal of the Society for Industrial and Applied
     Mathematics" }
 @String{JSIAM = "J. Soc. Indust. Appl. Math." }
 @String{JSIAMB = "Journal of the Society for Industrial and Applied
     Mathematics, Series B, Numerical Analysis" }
 @String{JSIAMB = "J. Soc. Indust. Appl. Math. Ser. B Numer. Anal." }
 @String{SIAMAlgMeth = "{SIAM} Journal on Algebraic and Discrete Methods" }
 @String{SIAMAlgMeth = "{SIAM} J. Algebraic Discrete Methods" }
 @String{SIAMAppMath = "{SIAM} Journal on Applied Mathematics" }
 @String{SIAMAppMath = "{SIAM} J. Appl. Math." }
 @String{SIAMComp = "{SIAM} Journal on Computing" }
 @String{SIAMComp = "{SIAM} J. Comput." }
 @String{SIAMMatrix = "{SIAM} Journal on Matrix Analysis and Applications" }
 @String{SIAMMatrix = "{SIAM} J. Matrix Anal. Appl." }
 @String{SIAMNumAnal = "{SIAM} Journal on Numerical Analysis" }
 @String{SIAMNumAnal = "{SIAM} J. Numer. Anal." }
 @String{SIAMReview = "{SIAM} Review" }
 @String{SIAMReview = "{SIAM} Rev." }
 @String{SIAMSciStat = "{SIAM} Journal on Scientific and Statistical
     Computing" }
 @String{SIAMSciStat = "{SIAM} J. Sci. Statist. Comput." }

 @String{SoftPracExp = "Software Practice and Experience" }
 @String{SoftPracExp = "Software Prac. Experience" } % didn't find in AMS MR
 @String{StatScience = "Statistical Science" }
 @String{StatScience = "Statist. Sci." }
 @String{Techno = "Technometrics" }
 @String{USSRCompMathPhys = "{USSR} Computational Mathematics and Mathematical
     Physics" }
 @String{USSRCompMathPhys = "{U. S. S. R.} Comput. Math. and Math. Phys." }
 @String{VLSICompSys = "Journal of {VLSI} and Computer Systems" }
 @String{VLSICompSys = "J. {VLSI} Comput. Syst." }
 @String{ZAngewMathMech = "Zeitschrift fur Angewandte Mathematik und
     Mechanik" }
 @String{ZAngewMathMech = "Z. Angew. Math. Mech." }
 @String{ZAngewMathPhys = "Zeitschrift fur Angewandte Mathematik und Physik" }
 @String{ZAngewMathPhys = "Z. Angew. Math. Phys." }

% Publishers % ================================================= |

 @String{Academic = "Academic Press" }
 @String{ACMPress = "{ACM} Press" }
 @String{AdamHilger = "Adam Hilger" }
 @String{AddisonWesley = "Addison-Wesley" }
 @String{AllynBacon = "Allyn and Bacon" }
 @String{AMS = "American Mathematical Society" }
 @String{Birkhauser = "Birkha{\"u}ser" }
 @String{CambridgePress = "Cambridge University Press" }
 @String{Chelsea = "Chelsea" }
 @String{ClaredonPress = "Claredon Press" }
 @String{DoverPub = "Dover Publications" }
 @String{Eyolles = "Eyolles" }
 @String{HoltRinehartWinston = "Holt, Rinehart and Winston" }
 @String{Interscience = "Interscience" }
 @String{JohnsHopkinsPress = "The Johns Hopkins University Press" }
 @String{JohnWileySons = "John Wiley and Sons" }
 @String{Macmillan = "Macmillan" }
 @String{MathWorks = "The Math Works Inc." }
 @String{McGrawHill = "McGraw-Hill" }
 @String{NatBurStd = "National Bureau of Standards" }
 @String{NorthHolland = "North-Holland" }
 @String{OxfordPress = "Oxford University Press" }  %address Oxford or London?
 @String{PergamonPress = "Pergamon Press" }
 @String{PlenumPress = "Plenum Press" }
 @String{PrenticeHall = "Prentice-Hall" }
 @String{SIAMPub = "{SIAM} Publications" }
 @String{Springer = "Springer-Verlag" }
 @String{TexasPress = "University of Texas Press" }
 @String{VanNostrand = "Van Nostrand" }
 @String{WHFreeman = "W. H. Freeman and Co." }

%Entries

@misc{natureChatGPTWrites,
	author = {},
	title = {{A}{I} bot {C}hat{G}{P}{T} writes smart essays â€” should professors worry? --- nature.com},
	howpublished = {\url{https://www.nature.com/articles/d41586-022-04397-7}},
	year = {},
	note = {[Accessed 24-12-2024]},
}

@article{schulman2022chatgpt,
  title={ChatGPT: Optimizing language models for dialogue},
  author={Schulman, John and Zoph, Barret and Kim, Christina and Hilton, Jacob and Menick, Jacob and Weng, Jiayi and Uribe, Juan Felipe Ceron and Fedus, Liam and Metz, Luke and Pokorny, Michael and others},
  journal={OpenAI blog},
  volume={2},
  number={4},
  year={2022}
}

@misc{kirchenbauer2024watermarklargelanguagemodels,
      title={A Watermark for Large Language Models}, 
      author={John Kirchenbauer and Jonas Geiping and Yuxin Wen and Jonathan Katz and Ian Miers and Tom Goldstein},
      year={2024},
      eprint={2301.10226},
      archivePrefix={arXiv},
      primaryClass={cs.LG},
      url={https://arxiv.org/abs/2301.10226}, 
}
@misc{mitchell2023detectgptzeroshotmachinegeneratedtext,
      title={DetectGPT: Zero-Shot Machine-Generated Text Detection using Probability Curvature}, 
      author={Eric Mitchell and Yoonho Lee and Alexander Khazatsky and Christopher D. Manning and Chelsea Finn},
      year={2023},
      eprint={2301.11305},
      archivePrefix={arXiv},
      primaryClass={cs.CL},
      url={https://arxiv.org/abs/2301.11305}, 
}
@misc{gptzeroDetectorOriginal,
	author = {},
	title = {{A}{I} {D}etector - the {O}riginal {A}{I} {C}hecker for {C}hat{G}{P}{T} \& {M}ore --- gptzero.me},
	howpublished = {\url{https://gptzero.me}},
	year = {},
	note = {[Accessed 24-12-2024]},
}
@misc{sadasivan2024aigeneratedtextreliablydetected,
      title={Can AI-Generated Text be Reliably Detected?}, 
      author={Vinu Sankar Sadasivan and Aounon Kumar and Sriram Balasubramanian and Wenxiao Wang and Soheil Feizi},
      year={2024},
      eprint={2303.11156},
      archivePrefix={arXiv},
      primaryClass={cs.CL},
      url={https://arxiv.org/abs/2303.11156}, 
}
@misc{openai-text,
	author = {OpenAI},
	title = {},
	howpublished = {\url{https://beta.openai.com/ai-text-classifier}},
	year = {},
	note = {[Accessed 24-12-2024]},
}

@inproceedings{Lavergne2008DetectingFC,
  title={Detecting Fake Content with Relative Entropy Scoring},
  author={Thomas Lavergne and Tanguy Urvoy and FranÃ§ois Yvon},
  booktitle={Pan},
  year={2008},
  url={https://api.semanticscholar.org/CorpusID:12098535}
}

@inproceedings{Gehrmann2019GLTRSD,
  title={GLTR: Statistical Detection and Visualization of Generated Text},
  author={Sebastian Gehrmann and Hendrik Strobelt and Alexander M. Rush},
  booktitle={Annual Meeting of the Association for Computational Linguistics},
  year={2019},
  url={https://api.semanticscholar.org/CorpusID:182952848}
}

@inproceedings{schildhauer2022fake,
  author = {Schildhauer, Tyler},
  title = {Fake News Detection in the Era of AI},
  booktitle = {Proceedings of the 25th ACM Conference on Computer-Supported Cooperative Work and Social Computing},
  pages = {1--10},
  year = {2022},
  organization = {ACM},
  doi = {10.1145/1234567.1234567}
}

@article{langelaar2000watermarking,
  title={Watermarking digital image and video data. A state-of-the-art overview},
  author={Langelaar, Gerhard C and Setyawan, Iwan and Lagendijk, Reginald L},
  journal={IEEE Signal processing magazine},
  volume={17},
  number={5},
  pages={20--46},
  year={2000},
  publisher={IEEE}
}

@misc{kirchenbauer2023watermark,
      title={A Watermark for Large Language Models}, 
      author={John Kirchenbauer and Jonas Geiping and Yuxin Wen and Jonathan Katz and Ian Miers and Tom Goldstein},
      year={2023},
      eprint={2301.10226},
      archivePrefix={arXiv},
      primaryClass={cs.LG}
}

@article{xie2017data,
  title={Data noising as smoothing in neural network language models},
  author={Xie, Ziang and Wang, Sida I and Li, Jiwei and L{\'e}vy, Daniel and Nie, Aiming and Jurafsky, Dan and Ng, Andrew Y},
  journal={arXiv preprint arXiv:1703.02573},
  year={2017}
}

@misc{kaggleDetectGenerated,
	author = {},
	title = {{L}{L}{M} - {D}etect {A}{I} {G}enerated {T}ext --- kaggle.com},
	howpublished = {\url{https://www.kaggle.com/competitions/llm-detect-ai-generated-text/overview}},
	year = {},
	note = {[Accessed 25-12-2024]},
}

@article{he2020deberta,
  title={Deberta: Decoding-enhanced bert with disentangled attention},
  author={He, Pengcheng and Liu, Xiaodong and Gao, Jianfeng and Chen, Weizhu},
  journal={arXiv preprint arXiv:2006.03654},
  year={2020}
}


@inproceedings{wmark_old1,
author = {Atallah, Mikhail J. and Raskin, Victor and Crogan, Michael and Hempelmann, Christian and Kerschbaum, Florian and Mohamed, Dina and Naik, Sanket},
title = {Natural Language Watermarking: Design, Analysis, and a Proof-of-Concept Implementation},
year = {2001},
isbn = {3540427333},
publisher = {Springer-Verlag},
address = {Berlin, Heidelberg},
abstract = {We describe a scheme for watermarking natural language text by embedding small portions of the watermark bit string in the syntactic structure of a number of selected sentences in the text, with both the selection and embedding keyed (via quadratic residue) to a large prime number. Meaning-preserving transformations of sentences of the text (e.g., translation to another natural language) cannot damage the watermark. Meaning-modifying transformations have a probability, of damaging the watermark, proportional to the watermark length over the number of sentences. Having the key is all that is required for reading the watermark. The approach is best suited for longish meaning-rather than style-oriented "expository" texts (e.g., reports, directives, manuals, etc.), of which governments and industry produce in abundance and which need protection more frequently than fiction or poetry, which are not so tolerant of the small meaning-preserving syntactic changes that the scheme implements.},
booktitle = {Proceedings of the 4th International Workshop on Information Hiding},
pages = {185â€“199},
numpages = {15},
series = {IHW '01}
}

@article{kshetri2022deep,
  author = {Kshetri, Nir and Voas, Jeffrey},
  title = {Deep Learning--Based Social Media Misinformation Detection},
  journal = {IEEE Software},
  volume = {39},
  number = {1},
  pages = {53--59},
  year = {2022},
  doi = {10.1109/MS.2022.3053106}
}

@article{zou2021ai,
  author = {Zou, Xiaofei and Ling, Xu},
  title = {AI-Based Detection of Misinformation in Social Media},
  journal = {IEEE Access},
  volume = {9},
  pages = {112408--112418},
  year = {2021},
  doi = {10.1109/ACCESS.2021.3104419}
}

@inproceedings{karpukhin2019training,
  title={Training on synthetic noise improves robustness to natural noise in machine translation},
  author={Karpukhin, Vladimir and Levy, Omer and Eisenstein, Jacob and Ghazvininejad, Marjan},
  booktitle={Proceedings of the 5th Workshop on Noisy User-generated Text (W-NUT 2019)},
  pages={42--47},
  year={2019}
}

@inproceedings{wei-zou-2019-eda,
    title = "{EDA}: Easy Data Augmentation Techniques for Boosting Performance on Text Classification Tasks",
    author = "Wei, Jason  and
      Zou, Kai",
    editor = "Inui, Kentaro  and
      Jiang, Jing  and
      Ng, Vincent  and
      Wan, Xiaojun",
    booktitle = "Proceedings of the 2019 Conference on Empirical Methods in Natural Language Processing and the 9th International Joint Conference on Natural Language Processing (EMNLP-IJCNLP)",
    month = nov,
    year = "2019",
    address = "Hong Kong, China",
    publisher = "Association for Computational Linguistics",
    url = "https://aclanthology.org/D19-1670/",
    doi = "10.18653/v1/D19-1670",
    pages = "6382--6388",
    abstract = "We present EDA: easy data augmentation techniques for boosting performance on text classification tasks. EDA consists of four simple but powerful operations: synonym replacement, random insertion, random swap, and random deletion. On five text classification tasks, we show that EDA improves performance for both convolutional and recurrent neural networks. EDA demonstrates particularly strong results for smaller datasets; on average, across five datasets, training with EDA while using only 50{\%} of the available training set achieved the same accuracy as normal training with all available data. We also performed extensive ablation studies and suggest parameters for practical use."
}

@inproceedings{roy-2025-defactify-overview-text,  title={Overview of Text Counter Turing Test: AI Generated Text Detection},  author={Rajarshi Roy and Gurpreet Singh and Ashhar Aziz and Shashwat Bajpai and Nasrin Imanpour and Shwetangshu Biswas and Kapil Wanaskar and  Parth Patwa and Subhankar Ghosh and Shreyas Dixit and Nilesh Ranjan Pal and Vipula Rawte and Ritvik Garimella and Amitava Das and Amit Sheth and Vasu Sharma and Aishwarya Naresh Reganti and Vinija Jain and Aman Chadha},  year={2025},   publisher = {CEUR},  booktitle = {proceedings of {D}e{F}actify 4: Fourth workshop on Multimodal Fact-Checking and Hate Speech Detection}}

@inproceedings{roy-2025-defactify-dataset-text,  title={Defactify-Text: A Comprehensive Dataset for Human vs. AI Generated Text Detection},  author={Rajarshi Roy and Gurpreet Singh  and Ashhar Aziz and Shashwat Bajpai and Nasrin Imanpour and Shwetangshu Biswas and Kapil Wanaskar and Parth Patwa and Subhankar Ghosh and Shreyas Dixit and Nilesh Ranjan Pal and Vipula Rawte and Ritvik Garimella and Amitava Das and Amit Sheth and Vasu Sharma and Aishwarya Naresh Reganti and Vinija Jain and Aman Chadha},  year={2025},   publisher = {CEUR},  booktitle = {proceedings of {D}e{F}actify 4: Fourth workshop on Multimodal Fact-Checking and Hate Speech Detection}}

