@article{aronson2010overview,
  title={An overview of MetaMap: historical perspective and recent advances},
  author={Aronson, Alan R and Lang, Fran{\c{c}}ois-Michel},
  journal={Journal of the American Medical Informatics Association},
  volume={17},
  number={3},
  pages={229--236},
  year={2010},
  publisher={BMJ Group BMA House, Tavistock Square, London, WC1H 9JR}
}

@article{savova2010mayo,
  title={Mayo clinical Text Analysis and Knowledge Extraction System (cTAKES): architecture, component evaluation and applications},
  author={Savova, Guergana K and Masanz, James J and Ogren, Philip V and Zheng, Jiaping and Sohn, Sunghwan and Kipper-Schuler, Karin C and Chute, Christopher G},
  journal={Journal of the American Medical Informatics Association},
  volume={17},
  number={5},
  pages={507--513},
  year={2010},
  publisher={BMJ Group BMA House, Tavistock Square, London, WC1H 9JR}
}

@article{furrer2019oger++,
  title={OGER++: hybrid multi-type entity recognition},
  author={Furrer, Lenz and Jancso, Anna and Colic, Nicola and Rinaldi, Fabio},
  journal={Journal of cheminformatics},
  volume={11},
  pages={1--10},
  year={2019},
  publisher={Springer}
}

@article{gu2021domain,
  title={Domain-specific language model pretraining for biomedical natural language processing},
  author={Gu, Yu and Tinn, Robert and Cheng, Hao and Lucas, Michael and Usuyama, Naoto and Liu, Xiaodong and Naumann, Tristan and Gao, Jianfeng and Poon, Hoifung},
  journal={ACM Transactions on Computing for Healthcare (HEALTH)},
  volume={3},
  number={1},
  pages={1--23},
  year={2021},
  publisher={ACM New York, NY}
}

@article{kilicoglu2020broad,
  title={Broad-coverage biomedical relation extraction with SemRep},
  author={Kilicoglu, Halil and Rosemblat, Graciela and Fiszman, Marcelo and Shin, Dongwook},
  journal={BMC bioinformatics},
  volume={21},
  pages={1--28},
  year={2020},
  publisher={Springer}
}


@article{lee2020biobert,
  title={BioBERT: a pre-trained biomedical language representation model for biomedical text mining},
  author={Lee, Jinhyuk and Yoon, Wonjin and Kim, Sungdong and Kim, Donghyeon and Kim, Sunkyu and So, Chan Ho and Kang, Jaewoo},
  journal={Bioinformatics},
  volume={36},
  number={4},
  pages={1234--1240},
  year={2020},
  publisher={Oxford University Press}
}

@article{liu2021self,
  title={Self-supervised learning: Generative or contrastive},
  author={Liu, Xiao and Zhang, Fanjin and Hou, Zhenyu and Mian, Li and Wang, Zhaoyu and Zhang, Jing and Tang, Jie},
  journal={IEEE transactions on knowledge and data engineering},
  volume={35},
  number={1},
  pages={857--876},
  year={2021},
  publisher={IEEE}
}

@article{zhang2023biokg,
  title={BioKG: a comprehensive, large-scale biomedical knowledge graph for AI-powered, data-driven biomedical research},
  author={Zhang, Yuan and Sui, Xin and Pan, Feng and Yu, Kaixian and Li, Keqiao and Tian, Shubo and Erdengasileng, Arslan and Han, Qing and Wang, Wanjing and Wang, Jianan and others},
  journal={bioRxiv},
  year={2023},
  publisher={Cold Spring Harbor Laboratory Preprints}
}

@article{qiu2024biollm,
  title={BioLLM: A Standardized Framework for Integrating and Benchmarking Single-Cell Foundation Models},
  author={Qiu, Ping and Chen, Qian Qian and Qin, Hua and Fang, Shuangsang and Zhang, Yanlin and Xia, Tianyi and Cao, Lei and Zhang, Yong and Fang, Xiaodong and Li, Yuxiang and others},
  journal={bioRxiv},
  pages={2024--11},
  year={2024},
  publisher={Cold Spring Harbor Laboratory}
}

@article{zheng2021pharmkg,
  title={PharmKG: a dedicated knowledge graph benchmark for bomedical data mining},
  author={Zheng, Shuangjia and Rao, Jiahua and Song, Ying and Zhang, Jixian and Xiao, Xianglu and Fang, Evandro Fei and Yang, Yuedong and Niu, Zhangming},
  journal={Briefings in bioinformatics},
  volume={22},
  number={4},
  pages={bbaa344},
  year={2021},
  publisher={Oxford University Press}
}

@article{singhal2023large,
  title={Large language models encode clinical knowledge},
  author={Singhal, Karan and Azizi, Shekoofeh and Tu, Tao and Mahdavi, S Sara and Wei, Jason and Chung, Hyung Won and Scales, Nathan and Tanwani, Ajay and Cole-Lewis, Heather and Pfohl, Stephen and others},
  journal={Nature},
  volume={620},
  number={7972},
  pages={172--180},
  year={2023},
  publisher={Nature Publishing Group}
}

@article{taylor2022galactica,
  title={Galactica: A large language model for science},
  author={Taylor, Ross and Kardas, Marcin and Cucurull, Guillem and Scialom, Thomas and Hartshorn, Anthony and Saravia, Elvis and Poulton, Andrew and Kerkez, Viktor and Stojnic, Robert},
  journal={arXiv preprint arXiv:2211.09085},
  year={2022}
}

@article{manakul2023selfcheckgpt,
  title={Selfcheckgpt: Zero-resource black-box hallucination detection for generative large language models},
  author={Manakul, Potsawee and Liusie, Adian and Gales, Mark JF},
  journal={arXiv preprint arXiv:2303.08896},
  year={2023}
}

@phdthesis{zeng2023consistent,
  title={Consistent and efficient long document understanding},
  author={Zeng, Qi},
  year={2023},
  school={University of Illinois at Urbana-Champaign}
}


@article{nguyen2024direct,
  title={Direct Evaluation of Chain-of-Thought in Multi-hop Reasoning with Knowledge Graphs},
  author={Nguyen, Minh-Vuong and Luo, Linhao and Shiri, Fatemeh and Phung, Dinh and Li, Yuan-Fang and Vu, Thuy-Trang and Haffari, Gholamreza},
  journal={arXiv preprint arXiv:2402.11199},
  year={2024}
}

@article{miller1995wordnet,
  title={WordNet: a lexical database for English},
  author={Miller, George A},
  journal={Communications of the ACM},
  volume={38},
  number={11},
  pages={39--41},
  year={1995},
  publisher={ACM New York, NY, USA}
}

@inproceedings{etzioni2011open,
  title={Open information extraction: The second generation},
  author={Etzioni, Oren and Fader, Anthony and Christensen, Janara and Soderland, Stephen and others},
  booktitle={Twenty-Second International Joint Conference on Artificial Intelligence},
  year={2011},
  organization={Citeseer}
}

@article{vrandevcic2014wikidata,
  title={Wikidata: a free collaborative knowledgebase},
  author={Vrande{\v{c}}i{\'c}, Denny and Kr{\"o}tzsch, Markus},
  journal={Communications of the ACM},
  volume={57},
  number={10},
  pages={78--85},
  year={2014},
  publisher={ACM New York, NY, USA}
}

@article{lehmann2015contentious,
  title={The contentious nature of soil organic matter},
  author={Lehmann, Johannes and Kleber, Markus},
  journal={Nature},
  volume={528},
  number={7580},
  pages={60--68},
  year={2015},
  publisher={Nature Publishing Group UK London}
}

@article{bornmann2021growth,
  title={Growth rates of modern science: a latent piecewise growth curve approach to model publication numbers from established and new literature databases},
  author={Bornmann, Lutz and Haunschild, Robin and Mutz, R{\"u}diger},
  journal={Humanities and Social Sciences Communications},
  volume={8},
  number={1},
  pages={1--15},
  year={2021},
  publisher={Palgrave}
}

@article{hogan2021knowledge,
  title={Knowledge graphs},
  author={Hogan, Aidan and Blomqvist, Eva and Cochez, Michael and dâ€™Amato, Claudia and Melo, Gerard De and Gutierrez, Claudio and Kirrane, Sabrina and Gayo, Jos{\'e} Emilio Labra and Navigli, Roberto and Neumaier, Sebastian and others},
  journal={ACM Computing Surveys (Csur)},
  volume={54},
  number={4},
  pages={1--37},
  year={2021},
  publisher={ACM New York, NY, USA}
}

@article{ji2021survey,
  title={A survey on knowledge graphs: Representation, acquisition, and applications},
  author={Ji, Shaoxiong and Pan, Shirui and Cambria, Erik and Marttinen, Pekka and Philip, S Yu},
  journal={IEEE transactions on neural networks and learning systems},
  volume={33},
  number={2},
  pages={494--514},
  year={2021},
  publisher={IEEE}
}

@article{lu2025biomedical,
  title={Biomedical Knowledge Graph: A Survey of Domains, Tasks, and Real-World Applications},
  author={Lu, Yuxing and Goi, Sin Yee and Zhao, Xukai and Wang, Jinzhuo},
  journal={arXiv preprint arXiv:2501.11632},
  year={2025}
}

@article{liu2024deepseek,
  title={Deepseek-v3 technical report},
  author={Liu, Aixin and Feng, Bei and Xue, Bing and Wang, Bingxuan and Wu, Bochao and Lu, Chengda and Zhao, Chenggang and Deng, Chengqi and Zhang, Chenyu and Ruan, Chong and others},
  journal={arXiv preprint arXiv:2412.19437},
  year={2024}
}

@article{glm2024chatglm,
  title={Chatglm: A family of large language models from glm-130b to glm-4 all tools},
  author={GLM, Team and Zeng, Aohan and Xu, Bin and Wang, Bowen and Zhang, Chenhui and Yin, Da and Zhang, Dan and Rojas, Diego and Feng, Guanyu and Zhao, Hanlin and others},
  journal={arXiv preprint arXiv:2406.12793},
  year={2024}
}

@article{achiam2023gpt,
  title={Gpt-4 technical report},
  author={Achiam, Josh and Adler, Steven and Agarwal, Sandhini and Ahmad, Lama and Akkaya, Ilge and Aleman, Florencia Leoni and Almeida, Diogo and Altenschmidt, Janko and Altman, Sam and Anadkat, Shyamal and others},
  journal={arXiv preprint arXiv:2303.08774},
  year={2023}
}

@article{wu2023autogen,
  title={Autogen: Enabling next-gen llm applications via multi-agent conversation framework},
  author={Wu, Qingyun and Bansal, Gagan and Zhang, Jieyu and Wu, Yiran and Zhang, Shaokun and Zhu, Erkang and Li, Beibin and Jiang, Li and Zhang, Xiaoyun and Wang, Chi},
  journal={arXiv preprint arXiv:2308.08155},
  year={2023}
}

@inproceedings{nguyen2015relation,
  title={Relation extraction: Perspective from convolutional neural networks},
  author={Nguyen, Thien Huu and Grishman, Ralph},
  booktitle={Proceedings of the 1st workshop on vector space modeling for natural language processing},
  pages={39--48},
  year={2015}
}

@article{irving2018ai,
  title={AI safety via debate},
  author={Irving, Geoffrey and Christiano, Paul and Amodei, Dario},
  journal={arXiv preprint arXiv:1805.00899},
  year={2018}
}

@article{nasar2018information,
  title={Information extraction from scientific articles: a survey},
  author={Nasar, Zara and Jaffry, Syed Waqar and Malik, Muhammad Kamran},
  journal={Scientometrics},
  volume={117},
  number={3},
  pages={1931--1990},
  year={2018},
  publisher={Springer}
}

@book{euzenat2007ontology,
  title={Ontology matching},
  author={Euzenat, J{\'e}r{\^o}me and Shvaiko, Pavel and others},
  volume={18},
  year={2007},
  publisher={Springer}
}

@article{touvron2023llama,
  title={Llama 2: Open foundation and fine-tuned chat models},
  author={Touvron, Hugo and Martin, Louis and Stone, Kevin and Albert, Peter and Almahairi, Amjad and Babaei, Yasmine and Bashlykov, Nikolay and Batra, Soumya and Bhargava, Prajjwal and Bhosale, Shruti and others},
  journal={arXiv preprint arXiv:2307.09288},
  year={2023}
}

@article{white2020pubmed,
  title={PubMed 2.0},
  author={White, Jacob},
  journal={Medical reference services quarterly},
  volume={39},
  number={4},
  pages={382--387},
  year={2020},
  publisher={Taylor \& Francis}
}

@article{du2023improving,
  title={Improving factuality and reasoning in language models through multiagent debate},
  author={Du, Yilun and Li, Shuang and Torralba, Antonio and Tenenbaum, Joshua B and Mordatch, Igor},
  journal={arXiv preprint arXiv:2305.14325},
  year={2023}
}

@article{liang2023encouraging,
  title={Encouraging divergent thinking in large language models through multi-agent debate},
  author={Liang, Tian and He, Zhiwei and Jiao, Wenxiang and Wang, Xing and Wang, Yan and Wang, Rui and Yang, Yujiu and Shi, Shuming and Tu, Zhaopeng},
  journal={arXiv preprint arXiv:2305.19118},
  year={2023}
}

@article{chan2023chateval,
  title={Chateval: Towards better llm-based evaluators through multi-agent debate},
  author={Chan, Chi-Min and Chen, Weize and Su, Yusheng and Yu, Jianxuan and Xue, Wei and Zhang, Shanghang and Fu, Jie and Liu, Zhiyuan},
  journal={arXiv preprint arXiv:2308.07201},
  year={2023}
}

@article{ouyang2022training,
  title={Training language models to follow instructions with human feedback},
  author={Ouyang, Long and Wu, Jeffrey and Jiang, Xu and Almeida, Diogo and Wainwright, Carroll and Mishkin, Pamela and Zhang, Chong and Agarwal, Sandhini and Slama, Katarina and Ray, Alex and others},
  journal={Advances in neural information processing systems},
  volume={35},
  pages={27730--27744},
  year={2022}
}

@article{liu2004conceptnet,
  title={ConceptNetâ€”a practical commonsense reasoning tool-kit},
  author={Liu, Hugo and Singh, Push},
  journal={BT technology journal},
  volume={22},
  number={4},
  pages={211--226},
  year={2004},
  publisher={Springer}
}

@article{pan2024unifying,
  title={Unifying large language models and knowledge graphs: A roadmap},
  author={Pan, Shirui and Luo, Linhao and Wang, Yufei and Chen, Chen and Wang, Jiapu and Wu, Xindong},
  journal={IEEE Transactions on Knowledge and Data Engineering},
  year={2024},
  publisher={IEEE}
}

@article{zhu2024llms,
  title={Llms for knowledge graph construction and reasoning: Recent capabilities and future opportunities},
  author={Zhu, Yuqi and Wang, Xiaohan and Chen, Jing and Qiao, Shuofei and Ou, Yixin and Yao, Yunzhi and Deng, Shumin and Chen, Huajun and Zhang, Ningyu},
  journal={World Wide Web},
  volume={27},
  number={5},
  pages={58},
  year={2024},
  publisher={Springer}
}

@inproceedings{carvalho1998multi,
  title={Multi-agent systems for natural language processing},
  author={Carvalho, AMBR and de Paiva, Daniel da Silva and Sichman, JS d and da Silva, JLT and Wazlawick, RS and de Lima, VLS},
  booktitle={Proceedings of the Second Iberoamerican Workshop on Distributed Artificial Intelligence and Multi-agent Systems},
  year={1998},
  organization={Citeseer}
}

@article{talebirad2023multi,
  title={Multi-agent collaboration: Harnessing the power of intelligent llm agents},
  author={Talebirad, Yashar and Nadiri, Amirhossein},
  journal={arXiv preprint arXiv:2306.03314},
  year={2023}
}

@inproceedings{lu2024clinicalrag,
  title={ClinicalRAG: Enhancing Clinical Decision Support through Heterogeneous Knowledge Retrieval},
  author={Lu, Yuxing and Zhao, Xukai and Wang, Jinzhuo},
  booktitle={Proceedings of the 1st Workshop on Towards Knowledgeable Language Models (KnowLLM 2024)},
  pages={64--68},
  year={2024}
}

@article{dagdelen2024structured,
  title={Structured information extraction from scientific text with large language models},
  author={Dagdelen, John and Dunn, Alexander and Lee, Sanghoon and Walker, Nicholas and Rosen, Andrew S and Ceder, Gerbrand and Persson, Kristin A and Jain, Anubhav},
  journal={Nature Communications},
  volume={15},
  number={1},
  pages={1418},
  year={2024},
  publisher={Nature Publishing Group UK London}
}

@article{guo2024large,
  title={Large language model based multi-agents: A survey of progress and challenges},
  author={Guo, Taicheng and Chen, Xiuying and Wang, Yaqi and Chang, Ruidi and Pei, Shichao and Chawla, Nitesh V and Wiest, Olaf and Zhang, Xiangliang},
  journal={arXiv preprint arXiv:2402.01680},
  year={2024}
}

@article{fourney2024magentic,
  title={Magentic-one: A generalist multi-agent system for solving complex tasks},
  author={Fourney, Adam and Bansal, Gagan and Mozannar, Hussein and Tan, Cheng and Salinas, Eduardo and Niedtner, Friederike and Proebsting, Grace and Bassman, Griffin and Gerrits, Jack and Alber, Jacob and others},
  journal={arXiv preprint arXiv:2411.04468},
  year={2024}
}
