@inproceedings{carvalho1998multi,
  title={Multi-agent systems for natural language processing},
  author={Carvalho, AMBR and de Paiva, Daniel da Silva and Sichman, JS d and da Silva, JLT and Wazlawick, RS and de Lima, VLS},
  booktitle={Proceedings of the Second Iberoamerican Workshop on Distributed Artificial Intelligence and Multi-agent Systems},
  year={1998},
  organization={Citeseer}
}

@article{lee2020biobert,
  title={BioBERT: a pre-trained biomedical language representation model for biomedical text mining},
  author={Lee, Jinhyuk and Yoon, Wonjin and Kim, Sungdong and Kim, Donghyeon and Kim, Sunkyu and So, Chan Ho and Kang, Jaewoo},
  journal={Bioinformatics},
  volume={36},
  number={4},
  pages={1234--1240},
  year={2020},
  publisher={Oxford University Press}
}

@article{liang2023encouraging,
  title={Encouraging divergent thinking in large language models through multi-agent debate},
  author={Liang, Tian and He, Zhiwei and Jiao, Wenxiang and Wang, Xing and Wang, Yan and Wang, Rui and Yang, Yujiu and Shi, Shuming and Tu, Zhaopeng},
  journal={arXiv preprint arXiv:2305.19118},
  year={2023}
}

@article{liu2004conceptnet,
  title={ConceptNetâ€”a practical commonsense reasoning tool-kit},
  author={Liu, Hugo and Singh, Push},
  journal={BT technology journal},
  volume={22},
  number={4},
  pages={211--226},
  year={2004},
  publisher={Springer}
}

@article{liu2021self,
  title={Self-supervised learning: Generative or contrastive},
  author={Liu, Xiao and Zhang, Fanjin and Hou, Zhenyu and Mian, Li and Wang, Zhaoyu and Zhang, Jing and Tang, Jie},
  journal={IEEE transactions on knowledge and data engineering},
  volume={35},
  number={1},
  pages={857--876},
  year={2021},
  publisher={IEEE}
}

@inproceedings{lu2024clinicalrag,
  title={ClinicalRAG: Enhancing Clinical Decision Support through Heterogeneous Knowledge Retrieval},
  author={Lu, Yuxing and Zhao, Xukai and Wang, Jinzhuo},
  booktitle={Proceedings of the 1st Workshop on Towards Knowledgeable Language Models (KnowLLM 2024)},
  pages={64--68},
  year={2024}
}

@article{manakul2023selfcheckgpt,
  title={Selfcheckgpt: Zero-resource black-box hallucination detection for generative large language models},
  author={Manakul, Potsawee and Liusie, Adian and Gales, Mark JF},
  journal={arXiv preprint arXiv:2303.08896},
  year={2023}
}

@article{miller1995wordnet,
  title={WordNet: a lexical database for English},
  author={Miller, George A},
  journal={Communications of the ACM},
  volume={38},
  number={11},
  pages={39--41},
  year={1995},
  publisher={ACM New York, NY, USA}
}

@article{ouyang2022training,
  title={Training language models to follow instructions with human feedback},
  author={Ouyang, Long and Wu, Jeffrey and Jiang, Xu and Almeida, Diogo and Wainwright, Carroll and Mishkin, Pamela and Zhang, Chong and Agarwal, Sandhini and Slama, Katarina and Ray, Alex and others},
  journal={Advances in neural information processing systems},
  volume={35},
  pages={27730--27744},
  year={2022}
}

@article{pan2024unifying,
  title={Unifying large language models and knowledge graphs: A roadmap},
  author={Pan, Shirui and Luo, Linhao and Wang, Yufei and Chen, Chen and Wang, Jiapu and Wu, Xindong},
  journal={IEEE Transactions on Knowledge and Data Engineering},
  year={2024},
  publisher={IEEE}
}

@article{talebirad2023multi,
  title={Multi-agent collaboration: Harnessing the power of intelligent llm agents},
  author={Talebirad, Yashar and Nadiri, Amirhossein},
  journal={arXiv preprint arXiv:2306.03314},
  year={2023}
}

@article{wu2023autogen,
  title={Autogen: Enabling next-gen llm applications via multi-agent conversation framework},
  author={Wu, Qingyun and Bansal, Gagan and Zhang, Jieyu and Wu, Yiran and Zhang, Shaokun and Zhu, Erkang and Li, Beibin and Jiang, Li and Zhang, Xiaoyun and Wang, Chi},
  journal={arXiv preprint arXiv:2308.08155},
  year={2023}
}

@phdthesis{zeng2023consistent,
  title={Consistent and efficient long document understanding},
  author={Zeng, Qi},
  year={2023},
  school={University of Illinois at Urbana-Champaign}
}

@article{zhang2023biokg,
  title={BioKG: a comprehensive, large-scale biomedical knowledge graph for AI-powered, data-driven biomedical research},
  author={Zhang, Yuan and Sui, Xin and Pan, Feng and Yu, Kaixian and Li, Keqiao and Tian, Shubo and Erdengasileng, Arslan and Han, Qing and Wang, Wanjing and Wang, Jianan and others},
  journal={bioRxiv},
  year={2023},
  publisher={Cold Spring Harbor Laboratory Preprints}
}

@article{zhu2024llms,
  title={Llms for knowledge graph construction and reasoning: Recent capabilities and future opportunities},
  author={Zhu, Yuqi and Wang, Xiaohan and Chen, Jing and Qiao, Shuofei and Ou, Yixin and Yao, Yunzhi and Deng, Shumin and Chen, Huajun and Zhang, Ningyu},
  journal={World Wide Web},
  volume={27},
  number={5},
  pages={58},
  year={2024},
  publisher={Springer}
}

