@inproceedings{AS20,
 author = {Abbe, Emmanuel and Sandon, Colin},
 booktitle = {Advances in Neural Information Processing Systems},
 pages = {20061--20072},
 title = {On the universality of deep learning},
volume = {33},
 year = {2020}
}

@inproceedings{abbe2022merged,
  title={The merged-staircase property: a necessary and nearly sufficient condition for sgd learning of sparse functions on two-layer neural networks},
  author={Abbe, Emmanuel and Boix-Adsera, Enric and Misiakiewicz, Theodor},
  booktitle={Conference on Learning Theory},
  pages={4782--4887},
  year={2022},
  organization={PMLR}
}

@article{abbe2023provable,
  title={Provable advantage of curriculum learning on parity targets with mixed inputs},
  author={Abbe, Emmanuel and Cornacchia, Elisabetta and Lotfi, Aryo},
  journal={Advances in Neural Information Processing Systems},
  volume={36},
  pages={24291--24321},
  year={2023}
}

@inproceedings{abbe2023sgd,
  title={{SGD} learning on neural networks: leap complexity and saddle-to-saddle dynamics},
  author={Abbe, Emmanuel and Adsera, Enric Boix and Misiakiewicz, Theodor},
  booktitle={The Thirty Sixth Annual Conference on Learning Theory},
  pages={2552--2623},
  year={2023},
  organization={PMLR}
}

@article{arnaboldi2024repetita,
  title={Repetita iuvant: Data repetition allows {SGD} to learn high-dimensional multi-index functions},
  author={Arnaboldi, Luca and Dandi, Yatin and Krzakala, Florent and Pesce, Luca and Stephan, Ludovic},
  journal={arXiv preprint arXiv:2405.15459},
  year={2024}
}

@article{arous2021online,
  title={Online stochastic gradient descent on non-convex losses from high-dimensional inference},
  author={Ben Arous, Gerard and Gheissari, Reza and Jagannath, Aukosh},
  journal={The Journal of Machine Learning Research},
  volume={22},
  number={1},
  pages={4788--4838},
  year={2021},
  publisher={JMLRORG}
}

@article{ba2022high,
  title={High-dimensional asymptotics of feature learning: How one gradient step improves the representation},
  author={Ba, Jimmy and Erdogdu, Murat A and Suzuki, Taiji and Wang, Zhichao and Wu, Denny and Yang, Greg},
  journal={Advances in Neural Information Processing Systems},
  volume={35},
  pages={37932--37946},
  year={2022}
}

@article{ba2024learning,
  title={Learning in the presence of low-dimensional structure: a spiked random matrix perspective},
  author={Ba, Jimmy and Erdogdu, Murat A and Suzuki, Taiji and Wang, Zhichao and Wu, Denny},
  journal={Advances in Neural Information Processing Systems},
  volume={36},
  year={2024}
}

@article{ben2022high,
  title={High-dimensional limit theorems for {SGD}: Effective dynamics and critical scaling},
  author={Ben Arous, Gerard and Gheissari, Reza and Jagannath, Aukosh},
  journal={Advances in Neural Information Processing Systems},
  volume={35},
  pages={25349--25362},
  year={2022}
}

@article{berthier2024learning,
  title={Learning time-scales in two-layers neural networks},
  author={Berthier, Rapha{\"e}l and Montanari, Andrea and Zhou, Kangjie},
  journal={Foundations of Computational Mathematics},
  pages={1--84},
  year={2024},
  publisher={Springer}
}

@article{bietti2022learning,
  title={Learning single-index models with shallow neural networks},
  author={Bietti, Alberto and Bruna, Joan and Sanford, Clayton and Song, Min Jae},
  journal={Advances in Neural Information Processing Systems},
  volume={35},
  pages={9768--9783},
  year={2022}
}

@article{bietti2023learning,
  title={On learning {G}aussian multi-index models with gradient flow},
  author={Bietti, Alberto and Bruna, Joan and Pillaud-Vivien, Loucas},
  journal={arXiv preprint arXiv:2310.19793},
  year={2023}
}

@inproceedings{chen2023learning,
  title={Learning narrow one-hidden-layer {ReLU} networks},
  author={Chen, Sitan and Dou, Zehao and Goel, Surbhi and Klivans, Adam and Meka, Raghu},
  booktitle={The Thirty Sixth Annual Conference on Learning Theory},
  pages={5580--5614},
  year={2023},
  organization={PMLR}
}

@inproceedings{cornacchia2023mathematical,
  title={A mathematical model for curriculum learning for parities},
  author={Cornacchia, Elisabetta and Mossel, Elchanan},
  booktitle={International Conference on Machine Learning},
  pages={6402--6423},
  year={2023},
  organization={PMLR}
}

@inproceedings{damian2022neural,
  title={Neural networks can learn representations with gradient descent},
  author={Damian, Alexandru and Lee, Jason and Soltanolkotabi, Mahdi},
  booktitle={Conference on Learning Theory},
  pages={5413--5452},
  year={2022},
  organization={PMLR}
}

@inproceedings{damian2024computational,
  title={Computational-Statistical Gaps in {G}aussian Single-Index Models},
  author={Damian, Alex and Pillaud-Vivien, Loucas and Lee, Jason and Bruna, Joan},
  booktitle={The Thirty Seventh Annual Conference on Learning Theory},
  pages={1262--1262},
  year={2024},
  organization={PMLR}
}

@article{damian2024smoothing,
  title={Smoothing the landscape boosts the signal for {SGD}: Optimal sample complexity for learning single index models},
  author={Damian, Alex and Nichani, Eshaan and Ge, Rong and Lee, Jason D},
  journal={Advances in Neural Information Processing Systems},
  volume={36},
  year={2024}
}

@article{dandi2023two,
  title={How two-layer neural networks learn, one (giant) step at a time},
  author={Dandi, Yatin and Krzakala, Florent and Loureiro, Bruno and Pesce, Luca and Stephan, Ludovic},
  journal={arXiv preprint arXiv:2305.18270},
  year={2023}
}

@article{dandi2024benefits,
  title={The benefits of reusing batches for gradient descent in two-layer networks: Breaking the curse of information and leap exponents},
  author={Dandi, Yatin and Troiani, Emanuele and Arnaboldi, Luca and Pesce, Luca and Zdeborov{\'a}, Lenka and Krzakala, Florent},
  journal={arXiv preprint arXiv:2402.03220},
  year={2024}
}

@article{frei2020agnostic,
  title={Agnostic learning of a single neuron with gradient descent},
  author={Frei, Spencer and Cao, Yuan and Gu, Quanquan},
  journal={Advances in Neural Information Processing Systems},
  volume={33},
  pages={5417--5428},
  year={2020}
}

@inproceedings{goel2020superpolynomial,
  title={Superpolynomial lower bounds for learning one-layer neural networks using gradient descent},
  author={Goel, Surbhi and Gollakota, Aravind and Jin, Zhihan and Karmalkar, Sushrut and Klivans, Adam},
  booktitle={International Conference on Machine Learning},
  pages={3587--3596},
  year={2020},
  organization={PMLR}
}

@article{joshi2024complexity,
  title={On the complexity of learning sparse functions with statistical and gradient queries},
  author={Joshi, Nirmit and Misiakiewicz, Theodor and Srebro, Nathan},
  journal={arXiv preprint arXiv:2407.05622},
  year={2024}
}

@article{lee2024neural,
  title={Neural network learns low-dimensional polynomials with {SGD} near the information-theoretic limit},
  author={Lee, Jason D and Oko, Kazusato and Suzuki, Taiji and Wu, Denny},
  journal={arXiv preprint arXiv:2406.01581},
  year={2024}
}

@inproceedings{malach2021quantifying,
  title={Quantifying the benefit of using differentiable learning over tangent kernels},
  author={Malach, Eran and Kamath, Pritish and Abbe, Emmanuel and Srebro, Nathan},
  booktitle={International Conference on Machine Learning},
  pages={7379--7389},
  year={2021},
  organization={PMLR}
}

@article{mossel2004learning,
  title={Learning functions of k relevant variables},
  author={Mossel, Elchanan and O'Donnell, Ryan and Servedio, Rocco A},
  journal={Journal of Computer and System Sciences},
  volume={69},
  number={3},
  pages={421--434},
  year={2004},
  publisher={Elsevier}
}

@article{mousavi2023gradient,
  title={Gradient-based feature learning under structured data},
  author={Mousavi-Hosseini, Alireza and Wu, Denny and Suzuki, Taiji and Erdogdu, Murat A},
  journal={Advances in Neural Information Processing Systems},
  volume={36},
  pages={71449--71485},
  year={2023}
}

@inproceedings{nitanda2024improved,
  title={Improved statistical and computational complexity of the mean-field {L}angevin dynamics under structured data},
  author={Nitanda, Atsushi and Oko, Kazusato and Suzuki, Taiji and Wu, Denny},
  booktitle={The Twelfth International Conference on Learning Representations},
  year={2024}
}

@book{shalev2014understanding,
  title={Understanding machine learning: From theory to algorithms},
  author={Shalev-Shwartz, Shai and Ben-David, Shai},
  year={2014},
  publisher={Cambridge university press}
}

@article{shamir2018distribution,
  title={Distribution-specific hardness of learning neural networks},
  author={Shamir, Ohad},
  journal={Journal of Machine Learning Research},
  volume={19},
  number={32},
  pages={1--29},
  year={2018}
}

@article{soltanolkotabi2017learning,
  title={Learning relus via gradient descent},
  author={Soltanolkotabi, Mahdi},
  journal={Advances in neural information processing systems},
  volume={30},
  year={2017}
}

@article{song2021cryptographic,
  title={On the cryptographic hardness of learning single periodic neurons},
  author={Song, Min Jae and Zadik, Ilias and Bruna, Joan},
  journal={Advances in neural information processing systems},
  volume={34},
  pages={29602--29615},
  year={2021}
}

@article{troiani2024fundamental,
  title={Fundamental limits of weak learnability in high-dimensional multi-index models},
  author={Troiani, Emanuele and Dandi, Yatin and Defilippis, Leonardo and Zdeborov{\'a}, Lenka and Loureiro, Bruno and Krzakala, Florent},
  journal={arXiv preprint arXiv:2405.15480},
  year={2024}
}

@inproceedings{valiant2012finding,
  title={Finding correlations in subquadratic time, with applications to learning parities and juntas},
  author={Valiant, Gregory},
  booktitle={2012 IEEE 53rd Annual Symposium on Foundations of Computer Science},
  pages={11--20},
  year={2012},
  organization={IEEE}
}

@inproceedings{wu2022learning,
  title={Learning a single neuron for non-monotonic activation functions},
  author={Wu, Lei},
  booktitle={International Conference on Artificial Intelligence and Statistics},
  pages={4178--4197},
  year={2022},
  organization={PMLR}
}

@inproceedings{yehudai2020learning,
  title={Learning a single neuron with gradient methods},
  author={Yehudai, Gilad and Shamir, Ohad},
  booktitle={Conference on Learning Theory},
  pages={3756--3786},
  year={2020},
  organization={PMLR}
}

@article{zweig2024single,
  title={On Single-Index Models beyond {G}aussian Data},
  author={Zweig, Aaron and Pillaud-Vivien, Loucas and Bruna, Joan},
  journal={Advances in Neural Information Processing Systems},
  volume={36},
  year={2024}
}

