@article{berthelot2023tract,
  title={TRACT: Denoising Diffusion Models with Transitive Closure Time-Distillation},
  author={Berthelot, David and Autef, Arnaud and Lin, Jierui and Yap, Dian Ang and Zhai, Shuangfei and Hu, Siyuan and Zheng, Daniel and Talbott, Walter and Gu, Eric},
  journal={arXiv preprint arXiv:2303.04248},
  year={2023}
}

@article{geng2024consistency,
  title={Consistency Models Made Easy},
  author={Geng, Zhengyang and Pokle, Ashwini and Luo, William and Lin, Justin and Kolter, J Zico},
  journal={arXiv preprint arXiv:2406.14548},
  year={2024}
}

@article{goodfellow2014generative,
  title={Generative adversarial nets},
  author={Goodfellow, Ian and Pouget-Abadie, Jean and Mirza, Mehdi and Xu, Bing and Warde-Farley, David and Ozair, Sherjil and Courville, Aaron and Bengio, Yoshua},
  journal={Advances in neural information processing systems},
  volume={27},
  year={2014}
}

@inproceedings{gu2022vector,
  title={Vector quantized diffusion model for text-to-image synthesis},
  author={Gu, Shuyang and Chen, Dong and Bao, Jianmin and Wen, Fang and Zhang, Bo and Chen, Dongdong and Yuan, Lu and Guo, Baining},
  booktitle={Proceedings of the IEEE/CVF conference on computer vision and pattern recognition},
  pages={10696--10706},
  year={2022}
}

@article{heek2024multistep,
  title={Multistep consistency models},
  author={Heek, Jonathan and Hoogeboom, Emiel and Salimans, Tim},
  journal={arXiv preprint arXiv:2403.06807},
  year={2024}
}

@article{ho2020denoising,
  title={Denoising diffusion probabilistic models},
  author={Ho, Jonathan and Jain, Ajay and Abbeel, Pieter},
  journal={Advances in neural information processing systems},
  volume={33},
  pages={6840--6851},
  year={2020}
}

@article{kim2023consistency,
  title={Consistency Trajectory Models: Learning Probability Flow ODE Trajectory of Diffusion},
  author={Kim, Dongjun and Lai, Chieh-Hsin and Liao, Wei-Hsiang and Murata, Naoki and Takida, Yuhta and Uesaka, Toshimitsu and He, Yutong and Mitsufuji, Yuki and Ermon, Stefano},
  journal={arXiv preprint arXiv:2310.02279},
  year={2023}
}

@article{kong2023act,
  title={Act: Adversarial consistency models},
  author={Kong, Fei and Duan, Jinhao and Sun, Lichao and Cheng, Hao and Xu, Renjing and Shen, Hengtao and Zhu, Xiaofeng and Shi, Xiaoshuang and Xu, Kaidi},
  journal={arXiv preprint arXiv:2311.14097},
  year={2023}
}

@article{lu2022dpm,
  title={Dpm-solver: A fast ode solver for diffusion probabilistic model sampling in around 10 steps},
  author={Lu, Cheng and Zhou, Yuhao and Bao, Fan and Chen, Jianfei and Li, Chongxuan and Zhu, Jun},
  journal={Advances in Neural Information Processing Systems},
  volume={35},
  pages={5775--5787},
  year={2022}
}

@misc{luo2023latent,
      title={Latent Consistency Models: Synthesizing High-Resolution Images with Few-Step Inference}, 
      author={Simian Luo and Yiqin Tan and Longbo Huang and Jian Li and Hang Zhao},
      year={2023},
      eprint={2310.04378},
      archivePrefix={arXiv},
      primaryClass={cs.CV}
}

@inproceedings{meng2023distillation,
  title={On distillation of guided diffusion models},
  author={Meng, Chenlin and Rombach, Robin and Gao, Ruiqi and Kingma, Diederik and Ermon, Stefano and Ho, Jonathan and Salimans, Tim},
  booktitle={Proceedings of the IEEE/CVF Conference on Computer Vision and Pattern Recognition},
  pages={14297--14306},
  year={2023}
}

@inproceedings{nguyen2024swiftbrush,
  title={Swiftbrush: One-step text-to-image diffusion model with variational score distillation},
  author={Nguyen, Thuan Hoang and Tran, Anh},
  booktitle={Proceedings of the IEEE/CVF Conference on Computer Vision and Pattern Recognition},
  pages={7807--7816},
  year={2024}
}

@article{ren2024hyper,
  title={Hyper-sd: Trajectory segmented consistency model for efficient image synthesis},
  author={Ren, Yuxi and Xia, Xin and Lu, Yanzuo and Zhang, Jiacheng and Wu, Jie and Xie, Pan and Wang, Xing and Xiao, Xuefeng},
  journal={arXiv preprint arXiv:2404.13686},
  year={2024}
}

@misc{rombach2021highresolution,
      title={High-Resolution Image Synthesis with Latent Diffusion Models}, 
      author={Robin Rombach and Andreas Blattmann and Dominik Lorenz and Patrick Esser and Bj√∂rn Ommer},
      year={2021},
      eprint={2112.10752},
      archivePrefix={arXiv},
      primaryClass={cs.CV}
}

@article{salimans2022progressive,
  title={Progressive distillation for fast sampling of diffusion models},
  author={Salimans, Tim and Ho, Jonathan},
  journal={arXiv preprint arXiv:2202.00512},
  year={2022}
}

@article{sauer2023adversarial,
  title={Adversarial diffusion distillation},
  author={Sauer, Axel and Lorenz, Dominik and Blattmann, Andreas and Rombach, Robin},
  journal={arXiv preprint arXiv:2311.17042},
  year={2023}
}

@article{song2019generative,
  title={Generative modeling by estimating gradients of the data distribution},
  author={Song, Yang and Ermon, Stefano},
  journal={Advances in neural information processing systems},
  volume={32},
  year={2019}
}

@article{song2020score,
  title={Score-based generative modeling through stochastic differential equations},
  author={Song, Yang and Sohl-Dickstein, Jascha and Kingma, Diederik P and Kumar, Abhishek and Ermon, Stefano and Poole, Ben},
  journal={arXiv preprint arXiv:2011.13456},
  year={2020}
}

@article{song2023consistency,
  title={Consistency models},
  author={Song, Yang and Dhariwal, Prafulla and Chen, Mark and Sutskever, Ilya},
  journal={arXiv preprint arXiv:2303.01469},
  year={2023}
}

@article{song2023improved,
  title={Improved techniques for training consistency models},
  author={Song, Yang and Dhariwal, Prafulla},
  journal={arXiv preprint arXiv:2310.14189},
  year={2023}
}

@article{xiao2021tackling,
  title={Tackling the generative learning trilemma with denoising diffusion gans},
  author={Xiao, Zhisheng and Kreis, Karsten and Vahdat, Arash},
  journal={arXiv preprint arXiv:2112.07804},
  year={2021}
}

@inproceedings{xu2024ufogen,
  title={Ufogen: You forward once large scale text-to-image generation via diffusion gans},
  author={Xu, Yanwu and Zhao, Yang and Xiao, Zhisheng and Hou, Tingbo},
  booktitle={Proceedings of the IEEE/CVF Conference on Computer Vision and Pattern Recognition},
  pages={8196--8206},
  year={2024}
}

@inproceedings{yin2024one,
  title={One-step diffusion with distribution matching distillation},
  author={Yin, Tianwei and Gharbi, Micha{\"e}l and Zhang, Richard and Shechtman, Eli and Durand, Fredo and Freeman, William T and Park, Taesung},
  booktitle={Proceedings of the IEEE/CVF Conference on Computer Vision and Pattern Recognition},
  pages={6613--6623},
  year={2024}
}

@article{zhang2022fast,
  title={Fast sampling of diffusion models with exponential integrator},
  author={Zhang, Qinsheng and Chen, Yongxin},
  journal={arXiv preprint arXiv:2204.13902},
  year={2022}
}

@article{zheng2024trajectory,
  title={Trajectory consistency distillation},
  author={Zheng, Jianbin and Hu, Minghui and Fan, Zhongyi and Wang, Chaoyue and Ding, Changxing and Tao, Dacheng and Cham, Tat-Jen},
  journal={arXiv preprint arXiv:2402.19159},
  year={2024}
}

