@incollection{Bengio+chapter2007,
author = {Bengio, Yoshua and LeCun, Yann},
booktitle = {Large Scale Kernel Machines},
publisher = {MIT Press},
title = {Scaling Learning Algorithms Towards {AI}},
year = {2007}
}

@article{Hinton06,
author = {Hinton, Geoffrey E. and Osindero, Simon and Teh, Yee Whye},
journal = {Neural Computation},
pages = {1527--1554},
title = {A Fast Learning Algorithm for Deep Belief Nets},
volume = {18},
year = {2006}
}

@book{goodfellow2016deep,
title={Deep learning},
author={Goodfellow, Ian and Bengio, Yoshua and Courville, Aaron and Bengio, Yoshua},
volume={1},
year={2016},
publisher={MIT Press}
}

@article{song2023consistency,
  title={Consistency models},
  author={Song, Yang and Dhariwal, Prafulla and Chen, Mark and Sutskever, Ilya},
  journal={arXiv preprint arXiv:2303.01469},
  year={2023}
}

@article{song2023improved,
  title={Improved techniques for training consistency models},
  author={Song, Yang and Dhariwal, Prafulla},
  journal={arXiv preprint arXiv:2310.14189},
  year={2023}
}

@misc{luo2023latent,
      title={Latent Consistency Models: Synthesizing High-Resolution Images with Few-Step Inference}, 
      author={Simian Luo and Yiqin Tan and Longbo Huang and Jian Li and Hang Zhao},
      year={2023},
      eprint={2310.04378},
      archivePrefix={arXiv},
      primaryClass={cs.CV}
}

@misc{rombach2021highresolution,
      title={High-Resolution Image Synthesis with Latent Diffusion Models}, 
      author={Robin Rombach and Andreas Blattmann and Dominik Lorenz and Patrick Esser and Bj√∂rn Ommer},
      year={2021},
      eprint={2112.10752},
      archivePrefix={arXiv},
      primaryClass={cs.CV}
}

@article{song2020score,
  title={Score-based generative modeling through stochastic differential equations},
  author={Song, Yang and Sohl-Dickstein, Jascha and Kingma, Diederik P and Kumar, Abhishek and Ermon, Stefano and Poole, Ben},
  journal={arXiv preprint arXiv:2011.13456},
  year={2020}
}

@inproceedings{Karras2022edm,
  author    = {Tero Karras and Miika Aittala and Timo Aila and Samuli Laine},
  title     = {Elucidating the Design Space of Diffusion-Based Generative Models},
  booktitle = {Proc. NeurIPS},
  year      = {2022}
}

@article{song2019generative,
  title={Generative modeling by estimating gradients of the data distribution},
  author={Song, Yang and Ermon, Stefano},
  journal={Advances in neural information processing systems},
  volume={32},
  year={2019}
}

@article{dhariwal2021diffusion,
  title={Diffusion models beat gans on image synthesis},
  author={Dhariwal, Prafulla and Nichol, Alexander},
  journal={Advances in neural information processing systems},
  volume={34},
  pages={8780--8794},
  year={2021}
}

@article{dao2023flow,
  title={Flow matching in latent space},
  author={Dao, Quan and Phung, Hao and Nguyen, Binh and Tran, Anh},
  journal={arXiv preprint arXiv:2307.08698},
  year={2023}
}

@article{vahdat2021score,
  title={Score-based generative modeling in latent space},
  author={Vahdat, Arash and Kreis, Karsten and Kautz, Jan},
  journal={Advances in neural information processing systems},
  volume={34},
  pages={11287--11302},
  year={2021}
}

@article{xiao2021tackling,
  title={Tackling the generative learning trilemma with denoising diffusion gans},
  author={Xiao, Zhisheng and Kreis, Karsten and Vahdat, Arash},
  journal={arXiv preprint arXiv:2112.07804},
  year={2021}
}

@InProceedings{phung2023wavediff,
    author    = {Phung, Hao and Dao, Quan and Tran, Anh},
    title     = {Wavelet Diffusion Models Are Fast and Scalable Image Generators},
    booktitle = {Proceedings of the IEEE/CVF Conference on Computer Vision and Pattern Recognition (CVPR)},
    month     = {June},
    year      = {2023},
    pages     = {10199-10208}
}

@inproceedings{dao2024high,
  title={A high-quality robust diffusion framework for corrupted dataset},
  author={Dao, Quan and Ta, Binh and Pham, Tung and Tran, Anh},
  booktitle={European Conference on Computer Vision},
  pages={107--123},
  year={2024},
  organization={Springer}
}

@article{salimans2022progressive,
  title={Progressive distillation for fast sampling of diffusion models},
  author={Salimans, Tim and Ho, Jonathan},
  journal={arXiv preprint arXiv:2202.00512},
  year={2022}
}

@article{ho2020denoising,
  title={Denoising diffusion probabilistic models},
  author={Ho, Jonathan and Jain, Ajay and Abbeel, Pieter},
  journal={Advances in neural information processing systems},
  volume={33},
  pages={6840--6851},
  year={2020}
}

@article{goodfellow2014generative,
  title={Generative adversarial nets},
  author={Goodfellow, Ian and Pouget-Abadie, Jean and Mirza, Mehdi and Xu, Bing and Warde-Farley, David and Ozair, Sherjil and Courville, Aaron and Bengio, Yoshua},
  journal={Advances in neural information processing systems},
  volume={27},
  year={2014}
}

@inproceedings{xu2024ufogen,
  title={Ufogen: You forward once large scale text-to-image generation via diffusion gans},
  author={Xu, Yanwu and Zhao, Yang and Xiao, Zhisheng and Hou, Tingbo},
  booktitle={Proceedings of the IEEE/CVF Conference on Computer Vision and Pattern Recognition},
  pages={8196--8206},
  year={2024}
}

@inproceedings{nguyen2024swiftbrush,
  title={Swiftbrush: One-step text-to-image diffusion model with variational score distillation},
  author={Nguyen, Thuan Hoang and Tran, Anh},
  booktitle={Proceedings of the IEEE/CVF Conference on Computer Vision and Pattern Recognition},
  pages={7807--7816},
  year={2024}
}

@inproceedings{yin2024one,
  title={One-step diffusion with distribution matching distillation},
  author={Yin, Tianwei and Gharbi, Micha{\"e}l and Zhang, Richard and Shechtman, Eli and Durand, Fredo and Freeman, William T and Park, Taesung},
  booktitle={Proceedings of the IEEE/CVF Conference on Computer Vision and Pattern Recognition},
  pages={6613--6623},
  year={2024}
}

@article{sauer2023adversarial,
  title={Adversarial diffusion distillation},
  author={Sauer, Axel and Lorenz, Dominik and Blattmann, Andreas and Rombach, Robin},
  journal={arXiv preprint arXiv:2311.17042},
  year={2023}
}

@inproceedings{meng2023distillation,
  title={On distillation of guided diffusion models},
  author={Meng, Chenlin and Rombach, Robin and Gao, Ruiqi and Kingma, Diederik and Ermon, Stefano and Ho, Jonathan and Salimans, Tim},
  booktitle={Proceedings of the IEEE/CVF Conference on Computer Vision and Pattern Recognition},
  pages={14297--14306},
  year={2023}
}

@article{lu2022dpm,
  title={Dpm-solver: A fast ode solver for diffusion probabilistic model sampling in around 10 steps},
  author={Lu, Cheng and Zhou, Yuhao and Bao, Fan and Chen, Jianfei and Li, Chongxuan and Zhu, Jun},
  journal={Advances in Neural Information Processing Systems},
  volume={35},
  pages={5775--5787},
  year={2022}
}

@article{zhang2022fast,
  title={Fast sampling of diffusion models with exponential integrator},
  author={Zhang, Qinsheng and Chen, Yongxin},
  journal={arXiv preprint arXiv:2204.13902},
  year={2022}
}

@inproceedings{gu2022vector,
  title={Vector quantized diffusion model for text-to-image synthesis},
  author={Gu, Shuyang and Chen, Dong and Bao, Jianmin and Wen, Fang and Zhang, Bo and Chen, Dongdong and Yuan, Lu and Guo, Baining},
  booktitle={Proceedings of the IEEE/CVF conference on computer vision and pattern recognition},
  pages={10696--10706},
  year={2022}
}

@article{kim2023consistency,
  title={Consistency Trajectory Models: Learning Probability Flow ODE Trajectory of Diffusion},
  author={Kim, Dongjun and Lai, Chieh-Hsin and Liao, Wei-Hsiang and Murata, Naoki and Takida, Yuhta and Uesaka, Toshimitsu and He, Yutong and Mitsufuji, Yuki and Ermon, Stefano},
  journal={arXiv preprint arXiv:2310.02279},
  year={2023}
}

@article{geng2024consistency,
  title={Consistency Models Made Easy},
  author={Geng, Zhengyang and Pokle, Ashwini and Luo, William and Lin, Justin and Kolter, J Zico},
  journal={arXiv preprint arXiv:2406.14548},
  year={2024}
}

@article{wang2024phased,
  title={Phased Consistency Model},
  author={Wang, Fu-Yun and Huang, Zhaoyang and Bergman, Alexander William and Shen, Dazhong and Gao, Peng and Lingelbach, Michael and Sun, Keqiang and Bian, Weikang and Song, Guanglu and Liu, Yu and others},
  journal={arXiv preprint arXiv:2405.18407},
  year={2024}
}

@article{pooladian2023multisample,
  title={Multisample flow matching: Straightening flows with minibatch couplings},
  author={Pooladian, Aram-Alexandre and Ben-Hamu, Heli and Domingo-Enrich, Carles and Amos, Brandon and Lipman, Yaron and Chen, Ricky TQ},
  journal={arXiv preprint arXiv:2304.14772},
  year={2023}
}

@article{li2024immiscible,
  title={Immiscible Diffusion: Accelerating Diffusion Training with Noise Assignment},
  author={Li, Yiheng and Jiang, Heyang and Kodaira, Akio and Tomizuka, Masayoshi and Keutzer, Kurt and Xu, Chenfeng},
  journal={arXiv preprint arXiv:2406.12303},
  year={2024}
}

@article{kong2023act,
  title={Act: Adversarial consistency models},
  author={Kong, Fei and Duan, Jinhao and Sun, Lichao and Cheng, Hao and Xu, Renjing and Shen, Hengtao and Zhu, Xiaofeng and Shi, Xiaoshuang and Xu, Kaidi},
  journal={arXiv preprint arXiv:2311.14097},
  year={2023}
}

@article{heek2024multistep,
  title={Multistep consistency models},
  author={Heek, Jonathan and Hoogeboom, Emiel and Salimans, Tim},
  journal={arXiv preprint arXiv:2403.06807},
  year={2024}
}

@article{berthelot2023tract,
  title={TRACT: Denoising Diffusion Models with Transitive Closure Time-Distillation},
  author={Berthelot, David and Autef, Arnaud and Lin, Jierui and Yap, Dian Ang and Zhai, Shuangfei and Hu, Siyuan and Zheng, Daniel and Talbott, Walter and Gu, Eric},
  journal={arXiv preprint arXiv:2303.04248},
  year={2023}
}

@inproceedings{celeba,
 author = {Huang, Huaibo and li, zhihang and He, Ran and Sun, Zhenan and Tan, Tieniu},
 booktitle = {Advances in Neural Information Processing Systems},
 editor = {S. Bengio and H. Wallach and H. Larochelle and K. Grauman and N. Cesa-Bianchi and R. Garnett},
 pages = {},
 publisher = {Curran Associates, Inc.},
 title = {IntroVAE: Introspective Variational Autoencoders for Photographic Image Synthesis},
 url = {https://proceedings.neurips.cc/paper_files/paper/2018/file/093f65e080a295f8076b1c5722a46aa2-Paper.pdf},
 volume = {31},
 year = {2018}
}

@article{lsun,
  title={LSUN: Construction of a Large-scale Image Dataset using Deep Learning with Humans in the Loop},
  author={Fisher Yu and Yinda Zhang and Shuran Song and Ari Seff and Jianxiong Xiao},
  journal={ArXiv},
  year={2015},
  volume={abs/1506.03365},
  url={https://api.semanticscholar.org/CorpusID:8317437}
}

@article{fid,
  title={Reliable Fidelity and Diversity Metrics for Generative Models},
  author={Muhammad Ferjad Naeem and Seong Joon Oh and Youngjung Uh and Yunjey Choi and Jaejun Yoo},
  journal={ArXiv},
  year={2020},
  volume={abs/2002.09797},
  url={https://api.semanticscholar.org/CorpusID:211259260}
}

@article{kynkaanniemi2019improved,
  title={Improved precision and recall metric for assessing generative models},
  author={Kynk{\"a}{\"a}nniemi, Tuomas and Karras, Tero and Laine, Samuli and Lehtinen, Jaakko and Aila, Timo},
  journal={Advances in Neural Information Processing Systems},
  volume={32},
  year={2019}
}

@inproceedings{lee2019target,
  title={Target-based temporal-difference learning},
  author={Lee, Donghwan and He, Niao},
  booktitle={International Conference on Machine Learning},
  pages={3713--3722},
  year={2019},
  organization={PMLR}
}

@inproceedings{kang2024diffusion2gan,
  author    = {Kang, Minguk and Zhang, Richard and Barnes, Connelly and Paris, Sylvain and Kwak, Suha and Park, Jaesik and Shechtman, Eli and Zhu, Jun-Yan and Park, Taesung},
  title     = {{Distilling Diffusion Models into Conditional GANs}},
  booktitle   = {European Conference on Computer Vision (ECCV)},
  year      = {2024},
}

@article{black1996robust,
  title={The robust estimation of multiple motions: Parametric and piecewise-smooth flow fields},
  author={Black, Michael J and Anandan, Paul},
  journal={Computer vision and image understanding},
  volume={63},
  number={1},
  pages={75--104},
  year={1996},
  publisher={Elsevier}
}

@incollection{geman1986bayesian,
  title={Bayesian image analysis},
  author={Geman, Donald and Geman, Stuart},
  booktitle={Disordered systems and biological organization},
  pages={301--319},
  year={1986},
  publisher={Springer}
}

@inproceedings{barron2019general,
  title={A general and adaptive robust loss function},
  author={Barron, Jonathan T},
  booktitle={Proceedings of the IEEE/CVF conference on computer vision and pattern recognition},
  pages={4331--4339},
  year={2019}
}

@article{lee2023minimizing,
  title={Minimizing Trajectory Curvature of ODE-based Generative Models},
  author={Lee, Sangyun and Kim, Beomsu and Ye, Jong Chul},
  journal={arXiv preprint arXiv:2301.12003},
  year={2023}
}

@inproceedings{zhang2023emergence,
  title={The emergence of reproducibility and consistency in diffusion models},
  author={Zhang, Huijie and Zhou, Jinfan and Lu, Yifu and Guo, Minzhe and Wang, Peng and Shen, Liyue and Qu, Qing},
  booktitle={Forty-first International Conference on Machine Learning},
  year={2023}
}

@article{wei2022outlier,
  title={Outlier suppression: Pushing the limit of low-bit transformer language models},
  author={Wei, Xiuying and Zhang, Yunchen and Zhang, Xiangguo and Gong, Ruihao and Zhang, Shanghang and Zhang, Qi and Yu, Fengwei and Liu, Xianglong},
  journal={Advances in Neural Information Processing Systems},
  volume={35},
  pages={17402--17414},
  year={2022}
}

@inproceedings{sohl2015deep,
  title={Deep unsupervised learning using nonequilibrium thermodynamics},
  author={Sohl-Dickstein, Jascha and Weiss, Eric and Maheswaranathan, Niru and Ganguli, Surya},
  booktitle={International conference on machine learning},
  pages={2256--2265},
  year={2015},
  organization={PMLR}
}

@inproceedings{huberman2024edit,
  title={An edit friendly ddpm noise space: Inversion and manipulations},
  author={Huberman-Spiegelglas, Inbar and Kulikov, Vladimir and Michaeli, Tomer},
  booktitle={Proceedings of the IEEE/CVF Conference on Computer Vision and Pattern Recognition},
  pages={12469--12478},
  year={2024}
}

@inproceedings{cyclediffusion,
  title={A Latent Space of Stochastic Diffusion Models for Zero-Shot Image Editing and Guidance},
  author={Chen Henry Wu and Fernando De la Torre},
  booktitle={ICCV},
  year={2023},
}

@article{meng2021sdedit,
  title={Sdedit: Guided image synthesis and editing with stochastic differential equations},
  author={Meng, Chenlin and He, Yutong and Song, Yang and Song, Jiaming and Wu, Jiajun and Zhu, Jun-Yan and Ermon, Stefano},
  journal={arXiv preprint arXiv:2108.01073},
  year={2021}
}

@article{poole2022dreamfusion,
  author = {Poole, Ben and Jain, Ajay and Barron, Jonathan T. and Mildenhall, Ben},
  title = {DreamFusion: Text-to-3D using 2D Diffusion},
  journal = {arXiv},
  year = {2022},
}

@article{wang2024prolificdreamer,
  title={Prolificdreamer: High-fidelity and diverse text-to-3d generation with variational score distillation},
  author={Wang, Zhengyi and Lu, Cheng and Wang, Yikai and Bao, Fan and Li, Chongxuan and Su, Hang and Zhu, Jun},
  journal={Advances in Neural Information Processing Systems},
  volume={36},
  year={2024}
}

@article{ruiz2022dreambooth,
  title={DreamBooth: Fine Tuning Text-to-image Diffusion Models for Subject-Driven Generation},
  author={Ruiz, Nataniel and Li, Yuanzhen and Jampani, Varun and Pritch, Yael and Rubinstein, Michael and Aberman, Kfir},
  booktitle={arXiv preprint arxiv:2208.12242},
  year={2022},
  journal={arXiv preprint},
}

@inproceedings{van2023anti,
  title={Anti-dreambooth: Protecting users from personalized text-to-image synthesis},
  author={Van Le, Thanh and Phung, Hao and Nguyen, Thuan Hoang and Dao, Quan and Tran, Ngoc N and Tran, Anh},
  booktitle={Proceedings of the IEEE/CVF International Conference on Computer Vision},
  pages={2116--2127},
  year={2023}
}

@inproceedings{kumari2023multi,
  title={Multi-concept customization of text-to-image diffusion},
  author={Kumari, Nupur and Zhang, Bingliang and Zhang, Richard and Shechtman, Eli and Zhu, Jun-Yan},
  booktitle={Proceedings of the IEEE/CVF Conference on Computer Vision and Pattern Recognition},
  pages={1931--1941},
  year={2023}
}

@misc{zhang2023adding,
  title={Adding Conditional Control to Text-to-Image Diffusion Models}, 
  author={Lvmin Zhang and Anyi Rao and Maneesh Agrawala},
  booktitle={IEEE International Conference on Computer Vision (ICCV)},
  year={2023},
}

@InProceedings{brooks2022instructpix2pix,
    author     = {Brooks, Tim and Holynski, Aleksander and Efros, Alexei A.},
    title      = {InstructPix2Pix: Learning to Follow Image Editing Instructions},
    booktitle  = {CVPR},
    year       = {2023},
}

@article{blattmann2023stable,
  title={Stable video diffusion: Scaling latent video diffusion models to large datasets},
  author={Blattmann, Andreas and Dockhorn, Tim and Kulal, Sumith and Mendelevitch, Daniel and Kilian, Maciej and Lorenz, Dominik and Levi, Yam and English, Zion and Voleti, Vikram and Letts, Adam and others},
  journal={arXiv preprint arXiv:2311.15127},
  year={2023}
}

@inproceedings{karras2019style,
  title={A style-based generator architecture for generative adversarial networks},
  author={Karras, Tero and Laine, Samuli and Aila, Timo},
  booktitle={Proceedings of the IEEE/CVF conference on computer vision and pattern recognition},
  pages={4401--4410},
  year={2019}
}

@article{teng2023relay,
  title={Relay diffusion: Unifying diffusion process across resolutions for image synthesis},
  author={Teng, Jiayan and Zheng, Wendi and Ding, Ming and Hong, Wenyi and Wangni, Jianqiao and Yang, Zhuoyi and Tang, Jie},
  journal={arXiv preprint arXiv:2309.03350},
  year={2023}
}

@article{kim2021soft,
  title={Soft truncation: A universal training technique of score-based diffusion model for high precision score estimation},
  author={Kim, Dongjun and Shin, Seungjae and Song, Kyungwoo and Kang, Wanmo and Moon, Il-Chul},
  journal={arXiv preprint arXiv:2106.05527},
  year={2021}
}

@article{park2024ddmi,
  title={DDMI: Domain-Agnostic Latent Diffusion Models for Synthesizing High-Quality Implicit Neural Representations},
  author={Park, Dogyun and Kim, Sihyeon and Lee, Sojin and Kim, Hyunwoo J},
  journal={arXiv preprint arXiv:2401.12517},
  year={2024}
}

@article{tong2023improving,
  title={Improving and generalizing flow-based generative models with minibatch optimal transport},
  author={Tong, Alexander and Malkin, Nikolay and Huguet, Guillaume and Zhang, Yanlei and Rector-Brooks, Jarrid and Fatras, Kilian and Wolf, Guy and Bengio, Yoshua},
  journal={arXiv preprint arXiv:2302.00482},
  year={2023}
}

@article{ren2024hyper,
  title={Hyper-sd: Trajectory segmented consistency model for efficient image synthesis},
  author={Ren, Yuxi and Xia, Xin and Lu, Yanzuo and Zhang, Jiacheng and Wu, Jie and Xie, Pan and Wang, Xing and Xiao, Xuefeng},
  journal={arXiv preprint arXiv:2404.13686},
  year={2024}
}

@article{zheng2024trajectory,
  title={Trajectory consistency distillation},
  author={Zheng, Jianbin and Hu, Minghui and Fan, Zhongyi and Wang, Chaoyue and Ding, Changxing and Tao, Dacheng and Cham, Tat-Jen},
  journal={arXiv preprint arXiv:2402.19159},
  year={2024}
}

@article{dao2024self,
  title={Self-Corrected Flow Distillation for Consistent One-Step and Few-Step Text-to-Image Generation},
  author={Dao, Quan and Phung, Hao and Dao, Trung and Metaxas, Dimitris and Tran, Anh},
  journal={arXiv preprint arXiv:2412.16906},
  year={2024}
}

@article{he2024dice,
  title={Dice: Discrete inversion enabling controllable editing for multinomial diffusion and masked generative models},
  author={He, Xiaoxiao and Han, Ligong and Dao, Quan and Wen, Song and Bai, Minhao and Liu, Di and Zhang, Han and Min, Martin Renqiang and Juefei-Xu, Felix and Tan, Chaowei and others},
  journal={arXiv preprint arXiv:2410.08207},
  year={2024}
}

@article{phung2024dimsum,
  title={DiMSUM: Diffusion Mamba--A Scalable and Unified Spatial-Frequency Method for Image Generation},
  author={Phung, Hao and Dao, Quan and Dao, Trung and Phan, Hoang and Metaxas, Dimitris and Tran, Anh},
  journal={arXiv preprint arXiv:2411.04168},
  year={2024}
}

diffusion

@inproceedings{zhangli2024layout,
  title={Layout-agnostic scene text image synthesis with diffusion models},
  author={Zhangli, Qilong and Jiang, Jindong and Liu, Di and Yu, Licheng and Dai, Xiaoliang and Ramchandani, Ankit and Pang, Guan and Metaxas, Dimitris N and Krishnan, Praveen},
  booktitle={2024 IEEE/CVF Conference on Computer Vision and Pattern Recognition (CVPR)},
  pages={7496--7506},
  year={2024},
  organization={IEEE Computer Society}
}

@inproceedings{han2024proxedit,
  title={Proxedit: Improving tuning-free real image editing with proximal guidance},
  author={Han, Ligong and Wen, Song and Chen, Qi and Zhang, Zhixing and Song, Kunpeng and Ren, Mengwei and Gao, Ruijiang and Stathopoulos, Anastasis and He, Xiaoxiao and Chen, Yuxiao and others},
  booktitle={Proceedings of the IEEE/CVF Winter Conference on Applications of Computer Vision},
  pages={4291--4301},
  year={2024}
}

3D

@article{liu2024lepard,
  title={Lepard: Learning explicit part discovery for 3d articulated shape reconstruction},
  author={Liu, Di and Stathopoulos, Anastasis and Zhangli, Qilong and Gao, Yunhe and Metaxas, Dimitris},
  journal={Advances in Neural Information Processing Systems},
  volume={36},
  year={2024}
}

@inproceedings{liu2023deformer,
  title={Deformer: Integrating transformers with deformable models for 3d shape abstraction from a single image},
  author={Liu, Di and Yu, Xiang and Ye, Meng and Zhangli, Qilong and Li, Zhuowei and Zhang, Zhixing and Metaxas, Dimitris N},
  booktitle={Proceedings of the IEEE/CVF International Conference on Computer Vision},
  pages={14236--14246},
  year={2023}
}

@inproceedings{liu2024instantaneous,
  title={Instantaneous Perception of Moving Objects in 3D},
  author={Liu, Di and Zhuang, Bingbing and Metaxas, Dimitris N and Chandraker, Manmohan},
  booktitle={Proceedings of the IEEE/CVF Conference on Computer Vision and Pattern Recognition},
  pages={19573--19583},
  year={2024}
}

@inproceedings{liu2021label,
  title={Label super resolution for 3d magnetic resonance images using deformable u-net},
  author={Liu, Di and Liu, Jiang and Liu, Yihao and Tao, Ran and Prince, Jerry L and Carass, Aaron},
  booktitle={Medical Imaging 2021: Image Processing},
  volume={11596},
  pages={606--611},
  year={2021},
  organization={SPIE}
}

@inproceedings{gao2024training,
  title={Training Like a Medical Resident: Context-Prior Learning Toward Universal Medical Image Segmentation},
  author={Gao, Yunhe and Li, Zhuowei and Liu, Di and Zhou, Mu and Zhang, Shaoting and Metaxas, Dimitris N},
  booktitle={Proceedings of the IEEE/CVF Conference on Computer Vision and Pattern Recognition},
  pages={11194--11204},
  year={2024}
}