@article{krizhevsky2012imagenet,
  title={Imagenet classification with deep convolutional neural networks},
  author={Krizhevsky, Alex and Sutskever, Ilya and Hinton, Geoffrey E},
  journal={Advances in neural information processing systems},
  volume={25},
  year={2012}
}

@article{he2016deep,
  title={Deep residual learning for image recognition},
  author={He, Kaiming and Zhang, Xiangyu and Ren, Shaoqing and Sun, Jian},
  journal={Proceedings of the IEEE conference on computer vision and pattern recognition},
  pages={770--778},
  year={2016}
}

@article{devlin2018bert,
  title={Bert: Pre-training of deep bidirectional transformers for language understanding},
  author={Devlin, Jacob and Chang, Ming-Wei and Lee, Kenton and Toutanova, Kristina},
  journal={arXiv preprint arXiv:1810.04805},
  year={2018}
}

@article{brown2020language,
    title={Language Models are Few-Shot Learners},
    author={Brown, Tom and Mann, Benjamin and Ryder, Nick and Subbiah, Melanie and Kaplan, Jared D and Dhariwal, Prafulla and Neelakantan, Arvind and Shyam, Pranav and Sastry, Girish and Askell, Amanda and others},
    journal={Advances in neural information processing systems},
    volume={33},
    pages={1877--1901},
    year={2020}
}

@article{hinton2012deep,
  title={Deep neural networks for acoustic modeling in speech recognition: The shared views of four research groups},
  author={Hinton, Geoffrey and Deng, Li and Yu, Dong and Dahl, George E and Mohamed, Abdel-rahman and Jaitly, Navdeep and Senior, Andrew and Vanhoucke, Vincent and Nguyen, Patrick and Sainath, Tara N and others},
  journal={IEEE Signal Processing Magazine},
  volume={29},
  number={6},
  pages={82--97},
  year={2012},
  publisher={IEEE}
}
@article{mnih2015human,
  title={Human-level control through deep reinforcement learning},
  author={Mnih, Volodymyr and Kavukcuoglu, Koray and Silver, David and Rusu, Andrei A and Veness, Joel and Bellemare, Marc G and Graves, Alex and Riedmiller, Martin and Fidjeland, Andreas K and Ostrovski, Georg and others},
  journal={nature},
  volume={518},
  number={7540},
  pages={529--533},
  year={2015},
  publisher={Nature Publishing Group}
}

@article{silver2017mastering,
  title={Mastering the game of go without human knowledge},
  author={Silver, David and Schrittwieser, Julian and Simonyan, Karen and Antonoglou, Ioannis and Huang, Aja and Guez, Arthur and Hubert, Thomas and Baker, Lucas and Lai, Matthew and Bolton, Adrian and others},
  journal={nature},
  volume={550},
  number={7676},
  pages={354--359},
  year={2017},
  publisher={Nature Publishing Group}
}

@article{frenay2013classification,
  title={Classification in the presence of label noise: a survey},
  author={Frenay, Beno{\^\i}t and Verleysen, Michel},
  journal={IEEE transactions on neural networks and learning systems},
  volume={25},
  number={5},
  pages={845--869},
  year={2013},
  publisher={IEEE}
}
@article{northcutt2021pervasive,
  title={Pervasive label errors in test sets destabilize machine learning benchmarks},
  author={Northcutt, Curtis G and Athalye, Anish and Mueller, Jonas},
  journal={arXiv preprint arXiv:2103.14749},
  year={2021}
}
@book{northcutt2017learning,
  title={Learning with Confident Examples: Rank Pruning for Robust Classification with Noisy Labels},
    author={Northcutt, Curtis and Wu, Tailin and Chuang, Isaac L},
    year={2017},
    publisher={JMLR}
}
@article{zhang2021understanding,
  title={Understanding deep learning (still) requires rethinking generalization},
  author={Zhang, Chiyuan and Bengio, Samy and Hardt, Moritz and Recht, Benjamin and Vinyals, Oriol},
  journal={Communications of the ACM},
  volume={64},
  number={3},
  pages={107--115},
  year={2021},
  publisher={ACM New York, NY, USA}
}

@article{algan2021image,
    title={Image classification with noisy labels: a comprehensive survey},
    author={Algan, G{\"o}khan and Ulusoy, Ilkay},
    journal={Artificial Intelligence Review},
    pages={1--56},
    year={2023},
    publisher={Springer}
}

@article{arpit2017closer,
  title={A closer look at memorization in deep networks},
  author={Arpit, Devansh and Jastrzebski, Stanisaw and Ballas, Nicolas and Krueger, David and Bengio, Yoshua and Kanwal, Maxinder S and Maharaj, Tegan and Fischer, Asja and Courville, Aaron and Bengio, Yoshua and others},
  journal={International Conference on Machine Learning},
  pages={233--242},
  year={2017},
  publisher={PMLR}
}
@inproceedings{buolamwini2018gender,
  title={Gender shades: Intersectional accuracy disparities in commercial gender classification},
  author={Buolamwini, Joy and Gebru, Timnit},
  booktitle={Conference on fairness, accountability and transparency},
  pages={77--91},
  year={2018},
  publisher={PMLR}
}
@inproceedings{goodfellow2014explaining,
  title={Explaining and harnessing adversarial examples},
  author={Goodfellow, Ian J and Shlens, Jonathon and Szegedy, Christian},
  booktitle={International Conference on Learning Representations (ICLR)},
    year={2015}
}

@inproceedings{szegedy2013intriguing,
  title={Intriguing properties of neural networks},
  author={Szegedy, Christian and Zaremba, Wojciech and Sutskever, Ilya and Bruna, Joan and Erhan, Dumitru and Goodfellow, Ian and Fergus, Rob},
  booktitle={International Conference on Learning Representations (ICLR)},
    year={2014}

}
@article{ghosh2017robust,
  title={Robust loss functions under label noise for deep neural networks},
  author={Ghosh, Arpit and Kumar, Himanshu and Sastry, PS},
  journal={Proceedings of the AAAI Conference on Artificial Intelligence},
  volume={31},
  number={1},
  year={2017}
}

@inproceedings{hendrycks2018deep,
    title={Using pre-training can improve model robustness and uncertainty},
    author={Hendrycks, Dan and Mazeika, Mantas and Kadavath, Saurav and Jurafsky, Dan},
    booktitle={International Conference on Machine Learning},
    pages={2712--2721},
    year={2019},
  publisher={PMLR}
}
@inproceedings{patrini2017making,
  title={Making deep neural networks robust to label noise: A loss correction approach},
  author={Patrini, Giorgio and Rozza, Alessandro and Menon, Aditya Krishna and Nock, Richard and Qu, Lizhen},
  booktitle={Proceedings of the IEEE conference on computer vision and pattern recognition},
  pages={1944--1952},
  year={2017}
}
@inproceedings{jiang2018mentornet,
  title={Mentornet: Learning data-driven curriculum for very deep neural networks on corrupted labels},
  author={Jiang, Lu and Zhou, Zhengyang and Leung, Thomas and Li, Li-Jia and Fei-Fei, Li},
  booktitle={International conference on machine learning},
  pages={2304--2313},
  year={2018},
  publisher={PMLR}
}
@inproceedings{han2018co,
  title={Co-teaching: Robust training of deep neural networks with extremely noisy labels},
  author={Han, Bo and Yao, Quanming and Yu, Xingrui and Niu, Gang and Xu, Miao and Hu, Weihua and Tsang, Ivor and Sugiyama, Masashi},
  booktitle={Advances in neural information processing systems},
  volume={31},
  year={2018}
}
@inproceedings{reed2014training,
  title={Training deep neural networks on noisy labels with bootstrapping},
  author={Reed, Scott E and Lee, Honglak and Anguelov, Dragomir and Szegedy, Christian and Erhan, Dumitru and Rabinovich, Andrew},
  booktitle={International Conference on Learning Representations (ICLR)},
  year={2015}
}

@inproceedings{tanaka2018joint,
  title={Joint optimization framework for learning with noisy labels},
  author={Tanaka, Daiki and Ikami, Daiki and Yamasaki, Toshihiko and Aizawa, Kiyoharu},
  booktitle={Proceedings of the IEEE conference on computer vision and pattern recognition},
  pages={5552--5560},
  year={2018}
}

@article{ren2018meta,
   title={Learning to reweight examples for robust deep learning},
   author={Ren, Mengye and Zeng, Wenyuan and Yang, Bin and Urtasun, Raquel},
   journal={International Conference on Machine Learning},
   pages={4334--4343},
   year={2018},
   publisher={PMLR}
}

@inproceedings{li2019learning,
  title={Learning to learn from noisy labeled data},
  author={Li, Yanyao and Yang, Yixiong and Hospedales, Timothy M and Xiang, Tao and Wang, Yi-Zhe},
  booktitle={Proceedings of the IEEE/CVF International Conference on Computer Vision},
  pages={5536--5544},
  year={2019}
}
@article{yu2019does,
  title={How does disagreement help generalization against label corruption?},
  author={Yu, Xingrui and Han, Bo and Yao, Jiangchao and Niu, Gang and Tsang, Ivor and Sugiyama, Masashi},
  journal={International Conference on Machine Learning},
  pages={7164--7173},
  year={2019},
    publisher={PMLR}
}
@inproceedings{zhang2018generalized,
    title={Generalized cross entropy loss for training deep neural networks with noisy labels},
    author={Zhang, Zhilu and Sabuncu, Mert},
    booktitle = {NeurIPS},
    year={2018}
}

@inproceedings{huber1964robust,
  title={Robust estimation of a location parameter},
  author={Huber, Peter J},
  booktitle={The Annals of Mathematical Statistics},
  volume = {35},
  number = {1},
  pages = {73-101},
  year={1964}
}
@article{liu2020early,
 title={Early-learning regularization prevents memorization of noisy labels},
 author={Liu, Sheng and Guo, Zhihui and Yu, Ting and Taylor, Jonathan and  Whinston, Andrew B},
 journal = {NeurIPS},
 year = {2020}
}

@inproceedings{arazo2019unsupervised,
  title={Unsupervised label noise modeling and loss correction},
  author={Arazo, Eric and Ortego, Diego and Albert, Paul and O'Connor, Noel E and McGuinness, Kevin},
  booktitle={International Conference on Machine Learning},
  pages={312--321},
  year={2019},
  publisher={PMLR}
}

@article{laine2016temporal,
    title={Temporal ensembling for semi-supervised learning},
    author={Laine, Samuli and Aila, Timo},
    journal={arXiv preprint arXiv:1610.02242},
    year={2016}
}
@inproceedings{miyato2018virtual,
  title={Virtual adversarial training: a regularization method for supervised and semi-supervised learning},
  author={Miyato, Takeru and Maeda, Shin-ichi and Koyama, Masanori and Ishii, Shin},
  booktitle={IEEE transactions on pattern analysis and machine intelligence},
  volume={41},
  number={8},
  pages={1979--1993},
  year={2018}
}
@article{wang2018iterative,
  title={Iterative learning with open-set noisy labels},
  author={Wang, Yisen and Wang, Weizhe and Zhou, Junjie and Gao, Yang and  Zha, Hongyuan},
  journal={Proceedings of the IEEE conference on computer vision and pattern recognition},
  pages={8688--8696},
  year={2018}
}
@book{settles2009active,
    title={Active learning literature survey},
    author={Settles, Burr},
    year={2009},
    publisher={University of Wisconsin-Madison Department of Computer Sciences}
}

@inproceedings{li2020dividemix,
  title={Dividemix: Learning with noisy labels as semi-supervised learning},
  author={Li, Junnan and Socher, Richard and Hoi, Steven CH},
  booktitle={International Conference on Learning Representations},
  year={2020}
}
@article{yi2019probabilistic,
  title={Probabilistic end-to-end noise correction for learning with noisy labels},
  author={Yi, Kun and Wu, Jianxin},
  journal={Proceedings of the IEEE/CVF Conference on Computer Vision and Pattern Recognition},
  pages={7021--7029},
  year={2019}
}
@inproceedings{zheng2020error,
  title={Error-bounded correction of noisy labels},
  author={Zheng, Song and  Wan, Pengfei and  Zhang, Chen and  Yu, Hong},
  booktitle = {ICML},
    year = {2021},
     publisher={PMLR}

}
@article{wu2020topological,
   title={Topological structural relation learning for zero-shot and few-shot image classification under label noise},
    author={Wu, Yongqiang and  Chen, Xiaolong and Shen, Yihang and Liu, Guosheng},
    journal = {IEEE Access},
    year = {2020},
    volume = {8},
    pages = {23336--23347},
    publisher={IEEE}
}
@article{wang2021noise,
title = {Noise detection and label correction via likelihood estimation for medical image classification},
author = {Wang, Xiaobo and Zhang, Jian and Wan, Shan and Liu, Zhiyong and Li, Qianqian and Sun, Shaowen and Sun, Kai},
journal = {Computer Methods and Programs in Biomedicine},
year = {2021},
volume = {208},
pages = {106234},
publisher={Elsevier}
}

@article{liu2015classification,
  title={Classification with noisy labels by importance reweighting},
  author={Liu, Tong and Tao, Dacheng},
  journal={IEEE transactions on pattern analysis and machine intelligence},
  volume={38},
  number={3},
  pages={447--461},
  year={2015},
  publisher={IEEE}
}

@inproceedings{finn2017model,
  title={Model-agnostic meta-learning for fast adaptation of deep networks},
  author={Finn, Chelsea and Abbeel, Pieter and Levine, Sergey},
  booktitle={International conference on machine learning},
  pages={1126--1135},
  year={2017},
  publisher={PMLR}
}

@inproceedings{snell2017prototypical,
  title={Prototypical networks for few-shot learning},
  author={Snell, Jake and Swersky, Kevin and Zemel, Richard},
  booktitle={Advances in neural information processing systems},
  volume={30},
  year={2017}
}

@article{andrychowicz2016learning,
  title={Learning to learn by gradient descent by gradient descent},
  author={Andrychowicz, Marcin and Denil, Misha and Gomez, Sergio and Hoffman, Matthew W and Pfau, David and Schaul, Tom and Shilling, Brendan and De Freitas, Nando},
  journal={Advances in neural information processing systems},
  volume={29},
  year={2016}
}
@article{munkhdalai2017meta,
  title={Meta networks},
  author={Munkhdalai, Tsendsuren and Yu, Hong},
  journal={International Conference on Machine Learning},
  pages={2554--2563},
  year={2017},
   publisher={PMLR}
}
@article{pan2009survey,
  title={A survey on transfer learning},
  author={Pan, Sinno Jialin and Yang, Qiang},
  journal={IEEE Transactions on knowledge and data engineering},
  volume={22},
  number={10},
  pages={1345--1359},
  year={2009},
  publisher={IEEE}
}

@article{taylor2009transfer,
  title={Transfer learning for reinforcement learning domains: A survey},
  author={Taylor, Matthew E and Stone, Peter},
  journal={Journal of Machine Learning Research},
  volume={10},
  number={7},
  year={2009}
}

@inproceedings{ganin2015domain,
    title={Domain-adversarial training of neural networks},
    author={Ganin, Yaroslav and Lempitsky, Victor},
    journal={J. Mach. Learn. Res.},
    volume={16},
    number={1},
    pages={2096--2030},
    year={2015}
}
@article{hochreiter1997long,
  title={Long short-term memory},
  author={Hochreiter, Sepp and Schmidhuber, J{\"u}rgen},
  journal={Neural computation},
  volume={9},
  number={8},
  pages={1735--1780},
  year={1997},
  publisher={MIT Press}
}

@article{krizhevsky2009learning,
  title={Learning multiple layers of features from tiny images},
  author={Krizhevsky, Alex and Hinton, Geoffrey},
  year={2009},
  publisher={Technical report, University of Toronto}
}

@inproceedings{xiao2015learning,
  title={Learning from massive noisy labeled data for image classification},
  author={Xiao, Tong and Xia, Tian and Yang, Yi and Huang, Chang and Wang, Xiaogang},
  booktitle={Proceedings of the IEEE conference on computer vision and pattern recognition},
  pages={2691--2699},
  year={2015}
}

@inproceedings{li2017webvision,
title = {Webvision database: Visual learning and understanding from web data},
author = {Wen Li and Limin Wang and Wei Li and Eirikur Agustsson and Luc Van Gool},
booktitle = {arXiv preprint arXiv:1708.02862},
year = {2017}
}

@article{deng2009imagenet,
  title={Imagenet: A large-scale hierarchical image database},
  author={Deng, Jia and Dong, Wei and Socher, Richard and Li, Li-Jia and Li, Kai and Fei-Fei, Li},
  journal={CVPR},
  pages={248--255},
  year={2009}
}
@inproceedings{kingma2014adam,
  title={Adam: A method for stochastic optimization},
  author={Kingma, Diederik P and Ba, Jimmy},
  booktitle={International Conference on Learning Representations (ICLR)},
  year={2015}
}

@inproceedings{van2008visualizing,
    title={Visualizing data using t-SNE},
    author={Van der Maaten, Laurens and Hinton, Geoffrey},
    booktitle = {J. Mach. Learn. Res.},
    year={2008}
}
 @article{vahdat2017toward,
  title={Toward robustness against label noise in training deep discriminative neural networks},
  author={Vahdat, Arash},
  journal={Advances in neural information processing systems},
  volume={30},
  year={2017}
}



@article{patrini2016loss,
    author    = {Giorgio Patrini and
               Alessandro Rozza and
               Aditya Krishna Menon and
               Richard Nock and
               Lizhen Qu},
    title     = {Loss Correction for Label Noise},
    journal   = {CoRR},
    volume    = {abs/1609.03683},
    year      = {2016},
    url       = {http://arxiv.org/abs/1609.03683},
    archivePrefix = {arXiv},
    eprint    = {1609.03683},
    timestamp = {Mon, 13 Aug 2018 16:48:21 +0200},
    biburl    = {https://dblp.org/rec/journals/corr/PatriniRMNQ16.bib},
    bibsource = {dblp computer science bibliography, https://dblp.org}
}

@inproceedings{goldberger2016training,
  title={Training deep neural-networks using a noise adaptation layer},
  author={Goldberger, Jacob and Ben-Reuven, Ehud},
  booktitle={International Conference on Learning Representations (ICLR)},
  year={2017}
}

@article{malach2017decoupling,
    title = {Decoupling "when to update" from "how to update"},
    author = {Malach, Eitan and Shalev-Shwartz, Shai},
    journal = {Advances in Neural Information Processing Systems},
    year = {2017},
    volume = {30}
}

@article{levine2016end,
  title={End-to-end training of deep visuomotor policies},
  author={Levine, Sergey and Finn, Chelsea and Darrell, Trevor and Abbeel, Pieter},
  journal={The Journal of Machine Learning Research},
  volume={17},
  number={1},
  pages={1334--1373},
  year={2016},
  publisher={JMLR. org}
}

@inproceedings{lusci2013deep,
title={Deep architectures and deep learning in chemoinformatics: the prediction of aqueous solubility for drug-like molecules}, author={Lusci, Alessandro and Pollastri, Gianluca and Baldi, Pierre},
booktitle={Journal of chemical information and modeling},
year={2013},
volume = {53},
pages = {1563-75}
}
@article{mehrabi2019real,
author = {Mehrabi, Ninareh and Morstatter, Fred and Saxena, Nripsuta and Lerman, Kristina and Galstyan, Aram},
title = {A Survey on Bias and Fairness in Machine Learning},
year = {2021},
journal = {ACM Computing Surveys (CSUR)},
publisher = {Association for Computing Machinery},
volume = {54},
pages = {1-35}
}
@inproceedings{beaumont2019learning,
title = {On Learning with Noisy Labels in Medical Imaging},
author = {Beaumont, Tim and Ma, Ji and Glocker, Ben and Kainz, Bernhard},
year = {2019},
booktitle = {International Workshop on Machine Learning in Medical Imaging}
}

@inproceedings{bojarski2016end,
title={End to End Learning for Self-Driving Cars},
author={Bojarski, Mariusz and Del Testa, Davide and Dworakowski, Daniel and Firner, Bernhard and Flepp, Beat and Goyal, Prasoon and Jackel, Lawrence D and Monfort, Mathew and Muller, Urs and Zhang, Jiakai and others},
booktitle={arXiv preprint arXiv:1604.07316},
year = {2016}
}

@inproceedings{joachims2002evaluating,
title={Evaluating the accuracy of implicit feedback from clicks and query reformulations in web search},
author={Joachims, Thorsten and Granka, Laura and Pan, Bing and Hembrooke, Helene and Gay, Geri},
booktitle={ACM SIGKDD Explorations Newsletter},
volume={7},
pages = {74-81},
year={2005}
}
@article{vilalta2002perspective,
    title={A perspective view and survey of meta-learning},
    author={Vilalta, Ricardo and Drissi, Youssef},
    journal={Artificial intelligence review},
    volume={18},
    number={2},
    pages={77--95},
    year={2002},
    publisher={Springer}
}
@article{angluin1988queries,
  title={Queries and concept learning},
  author={Angluin, Dana},
  journal={Machine learning},
  volume={2},
  number={4},
  pages={319--342},
  year={1988},
  publisher={Springer}
}
@article{zhu2005semi,
 author = {Zhu, Xiaojin and Ghahramani, Zoubin and Lafferty, John},
 title = {Semi-Supervised Learning Using Gaussian Fields and Harmonic Functions},
 journal = {Journal of Machine Learning Research},
 year = {2005},
 volume = {6},
 pages = {1953-1980}
}
 @inproceedings{yu2019combating,
 author = {Yu, Chen and Han, Bo and  Yao, Jiangchao and  Chu, Gang and  Ye, Chen and  Li, Shengfeng and  Niu, Gang and  Sugiyama, Masashi},
 title = {Combating noisy labels by agreement: A joint training method with co-regularization},
 booktitle = {International Conference on Machine Learning},
 year = {2019},
 pages = {5701-5709}
}
 @article{lee2013pseudo,
title = {Pseudo-Label: The simple and efficient semi-supervised learning method for deep neural networks},
author = {Lee, Dong-Hyun},
journal = {Workshop on Challenges in Representation Learning, ICML},
year = {2013},
volume = {3}
}
@article{tarvainen2017mean,
    title={Mean teachers are better role models: Weight-averaged consistency targets improve semi-supervised deep learning results},
    author={Tarvainen, Antti and Valpola, Harri},
    journal={Advances in neural information processing systems},
    volume={30},
    year={2017}
}

@inproceedings{ravi2016optimization,
    title={Optimization as a model for few-shot learning},
    author={Ravi, Sachin and Larochelle, Hugo},
    booktitle={International Conference on Learning Representations (ICLR)},
    year={2017}
}
@inproceedings{vinyals2016matching,
title = {Matching networks for one shot learning},
author = {Vinyals, Oriol and Blundell, Charles and Lillicrap, Timothy and Wierstra, Daan and others},
booktitle = {Advances in neural information processing systems},
year = {2016},
volume = {29}
}

@inproceedings{koch2015siamese,
title = {Siamese neural networks for one-shot image recognition},
author={Koch, Gregory and Zemel, Richard and Salakhutdinov, Ruslan},
 booktitle = {ICML Deep Learning Workshop},
 volume = {2},
 year = {2015}
}