@article{andrychowicz2016learning,
  title={Learning to learn by gradient descent by gradient descent},
  author={Andrychowicz, Marcin and Denil, Misha and Gomez, Sergio and Hoffman, Matthew W and Pfau, David and Schaul, Tom and Shilling, Brendan and De Freitas, Nando},
  journal={Advances in neural information processing systems},
  volume={29},
  year={2016}
}

@inproceedings{arazo2019unsupervised,
  title={Unsupervised label noise modeling and loss correction},
  author={Arazo, Eric and Ortego, Diego and Albert, Paul and O'Connor, Noel E and McGuinness, Kevin},
  booktitle={International Conference on Machine Learning},
  pages={312--321},
  year={2019},
  publisher={PMLR}
}

@inproceedings{finn2017model,
  title={Model-agnostic meta-learning for fast adaptation of deep networks},
  author={Finn, Chelsea and Abbeel, Pieter and Levine, Sergey},
  booktitle={International conference on machine learning},
  pages={1126--1135},
  year={2017},
  publisher={PMLR}
}

@inproceedings{ganin2015domain,
    title={Domain-adversarial training of neural networks},
    author={Ganin, Yaroslav and Lempitsky, Victor},
    journal={J. Mach. Learn. Res.},
    volume={16},
    number={1},
    pages={2096--2030},
    year={2015}
}

@article{ghosh2017robust,
  title={Robust loss functions under label noise for deep neural networks},
  author={Ghosh, Arpit and Kumar, Himanshu and Sastry, PS},
  journal={Proceedings of the AAAI Conference on Artificial Intelligence},
  volume={31},
  number={1},
  year={2017}
}

@inproceedings{han2018co,
  title={Co-teaching: Robust training of deep neural networks with extremely noisy labels},
  author={Han, Bo and Yao, Quanming and Yu, Xingrui and Niu, Gang and Xu, Miao and Hu, Weihua and Tsang, Ivor and Sugiyama, Masashi},
  booktitle={Advances in neural information processing systems},
  volume={31},
  year={2018}
}

@inproceedings{hendrycks2018deep,
    title={Using pre-training can improve model robustness and uncertainty},
    author={Hendrycks, Dan and Mazeika, Mantas and Kadavath, Saurav and Jurafsky, Dan},
    booktitle={International Conference on Machine Learning},
    pages={2712--2721},
    year={2019},
  publisher={PMLR}
}

@inproceedings{huber1964robust,
  title={Robust estimation of a location parameter},
  author={Huber, Peter J},
  booktitle={The Annals of Mathematical Statistics},
  volume = {35},
  number = {1},
  pages = {73-101},
  year={1964}
}

@inproceedings{jiang2018mentornet,
  title={Mentornet: Learning data-driven curriculum for very deep neural networks on corrupted labels},
  author={Jiang, Lu and Zhou, Zhengyang and Leung, Thomas and Li, Li-Jia and Fei-Fei, Li},
  booktitle={International conference on machine learning},
  pages={2304--2313},
  year={2018},
  publisher={PMLR}
}

@article{laine2016temporal,
    title={Temporal ensembling for semi-supervised learning},
    author={Laine, Samuli and Aila, Timo},
    journal={arXiv preprint arXiv:1610.02242},
    year={2016}
}

@inproceedings{li2019learning,
  title={Learning to learn from noisy labeled data},
  author={Li, Yanyao and Yang, Yixiong and Hospedales, Timothy M and Xiang, Tao and Wang, Yi-Zhe},
  booktitle={Proceedings of the IEEE/CVF International Conference on Computer Vision},
  pages={5536--5544},
  year={2019}
}

@inproceedings{li2020dividemix,
  title={Dividemix: Learning with noisy labels as semi-supervised learning},
  author={Li, Junnan and Socher, Richard and Hoi, Steven CH},
  booktitle={International Conference on Learning Representations},
  year={2020}
}

@article{liu2015classification,
  title={Classification with noisy labels by importance reweighting},
  author={Liu, Tong and Tao, Dacheng},
  journal={IEEE transactions on pattern analysis and machine intelligence},
  volume={38},
  number={3},
  pages={447--461},
  year={2015},
  publisher={IEEE}
}

@article{liu2020early,
 title={Early-learning regularization prevents memorization of noisy labels},
 author={Liu, Sheng and Guo, Zhihui and Yu, Ting and Taylor, Jonathan and  Whinston, Andrew B},
 journal = {NeurIPS},
 year = {2020}
}

@inproceedings{miyato2018virtual,
  title={Virtual adversarial training: a regularization method for supervised and semi-supervised learning},
  author={Miyato, Takeru and Maeda, Shin-ichi and Koyama, Masanori and Ishii, Shin},
  booktitle={IEEE transactions on pattern analysis and machine intelligence},
  volume={41},
  number={8},
  pages={1979--1993},
  year={2018}
}

@article{munkhdalai2017meta,
  title={Meta networks},
  author={Munkhdalai, Tsendsuren and Yu, Hong},
  journal={International Conference on Machine Learning},
  pages={2554--2563},
  year={2017},
   publisher={PMLR}
}

@book{northcutt2017learning,
  title={Learning with Confident Examples: Rank Pruning for Robust Classification with Noisy Labels},
    author={Northcutt, Curtis and Wu, Tailin and Chuang, Isaac L},
    year={2017},
    publisher={JMLR}
}

@article{pan2009survey,
  title={A survey on transfer learning},
  author={Pan, Sinno Jialin and Yang, Qiang},
  journal={IEEE Transactions on knowledge and data engineering},
  volume={22},
  number={10},
  pages={1345--1359},
  year={2009},
  publisher={IEEE}
}

@inproceedings{patrini2017making,
  title={Making deep neural networks robust to label noise: A loss correction approach},
  author={Patrini, Giorgio and Rozza, Alessandro and Menon, Aditya Krishna and Nock, Richard and Qu, Lizhen},
  booktitle={Proceedings of the IEEE conference on computer vision and pattern recognition},
  pages={1944--1952},
  year={2017}
}

@inproceedings{reed2014training,
  title={Training deep neural networks on noisy labels with bootstrapping},
  author={Reed, Scott E and Lee, Honglak and Anguelov, Dragomir and Szegedy, Christian and Erhan, Dumitru and Rabinovich, Andrew},
  booktitle={International Conference on Learning Representations (ICLR)},
  year={2015}
}

@article{ren2018meta,
   title={Learning to reweight examples for robust deep learning},
   author={Ren, Mengye and Zeng, Wenyuan and Yang, Bin and Urtasun, Raquel},
   journal={International Conference on Machine Learning},
   pages={4334--4343},
   year={2018},
   publisher={PMLR}
}

@book{settles2009active,
    title={Active learning literature survey},
    author={Settles, Burr},
    year={2009},
    publisher={University of Wisconsin-Madison Department of Computer Sciences}
}

@inproceedings{snell2017prototypical,
  title={Prototypical networks for few-shot learning},
  author={Snell, Jake and Swersky, Kevin and Zemel, Richard},
  booktitle={Advances in neural information processing systems},
  volume={30},
  year={2017}
}

@inproceedings{tanaka2018joint,
  title={Joint optimization framework for learning with noisy labels},
  author={Tanaka, Daiki and Ikami, Daiki and Yamasaki, Toshihiko and Aizawa, Kiyoharu},
  booktitle={Proceedings of the IEEE conference on computer vision and pattern recognition},
  pages={5552--5560},
  year={2018}
}

@article{taylor2009transfer,
  title={Transfer learning for reinforcement learning domains: A survey},
  author={Taylor, Matthew E and Stone, Peter},
  journal={Journal of Machine Learning Research},
  volume={10},
  number={7},
  year={2009}
}

@article{wang2018iterative,
  title={Iterative learning with open-set noisy labels},
  author={Wang, Yisen and Wang, Weizhe and Zhou, Junjie and Gao, Yang and  Zha, Hongyuan},
  journal={Proceedings of the IEEE conference on computer vision and pattern recognition},
  pages={8688--8696},
  year={2018}
}

@article{wang2021noise,
title = {Noise detection and label correction via likelihood estimation for medical image classification},
author = {Wang, Xiaobo and Zhang, Jian and Wan, Shan and Liu, Zhiyong and Li, Qianqian and Sun, Shaowen and Sun, Kai},
journal = {Computer Methods and Programs in Biomedicine},
year = {2021},
volume = {208},
pages = {106234},
publisher={Elsevier}
}

@article{wu2020topological,
   title={Topological structural relation learning for zero-shot and few-shot image classification under label noise},
    author={Wu, Yongqiang and  Chen, Xiaolong and Shen, Yihang and Liu, Guosheng},
    journal = {IEEE Access},
    year = {2020},
    volume = {8},
    pages = {23336--23347},
    publisher={IEEE}
}

@article{yi2019probabilistic,
  title={Probabilistic end-to-end noise correction for learning with noisy labels},
  author={Yi, Kun and Wu, Jianxin},
  journal={Proceedings of the IEEE/CVF Conference on Computer Vision and Pattern Recognition},
  pages={7021--7029},
  year={2019}
}

@article{yu2019does,
  title={How does disagreement help generalization against label corruption?},
  author={Yu, Xingrui and Han, Bo and Yao, Jiangchao and Niu, Gang and Tsang, Ivor and Sugiyama, Masashi},
  journal={International Conference on Machine Learning},
  pages={7164--7173},
  year={2019},
    publisher={PMLR}
}

@inproceedings{zhang2018generalized,
    title={Generalized cross entropy loss for training deep neural networks with noisy labels},
    author={Zhang, Zhilu and Sabuncu, Mert},
    booktitle = {NeurIPS},
    year={2018}
}

@inproceedings{zheng2020error,
  title={Error-bounded correction of noisy labels},
  author={Zheng, Song and  Wan, Pengfei and  Zhang, Chen and  Yu, Hong},
  booktitle = {ICML},
    year = {2021},
     publisher={PMLR}

}

