@article{das2024textgcn,
  title={A TextGCN-Based Decoding Approach for Improving Remote Sensing Image Captioning},
  author={Das, Swadhin and Sharma, Raksha},
  journal={IEEE Geoscience and Remote Sensing Letters},
  year={2024},
  publisher={IEEE}
}

@inproceedings{hoxha2020new,
  title={A new CNN-RNN framework for remote sensing image captioning},
  author={Hoxha, Genc and Melgani, Farid and Slaghenauffi, Jacopo},
  booktitle={2020 Mediterranean and Middle-East Geoscience and Remote Sensing Symposium (M2GARSS)},
  pages={1--4},
  year={2020},
  organization={IEEE}
}

@article{hoxha2021novel,
  title={A novel SVM-based decoder for remote sensing image captioning},
  author={Hoxha, Genc and Melgani, Farid},
  journal={IEEE Transactions on Geoscience and Remote Sensing},
  volume={60},
  pages={1--14},
  year={2021},
  publisher={IEEE}
}

@article{huang2020denoising,
  title={Denoising-based multiscale feature fusion for remote sensing image captioning},
  author={Huang, Wei and Wang, Qi and Li, Xuelong},
  journal={IEEE Geoscience and Remote Sensing Letters},
  volume={18},
  number={3},
  pages={436--440},
  year={2020},
  publisher={IEEE}
}

@article{li2018multi,
  title={Multi-modal gated recurrent units for image description},
  author={Li, Xuelong and Yuan, Aihong and Lu, Xiaoqiang},
  journal={Multimedia Tools and Applications},
  volume={77},
  number={22},
  pages={29847--29869},
  year={2018},
  publisher={Springer}
}

@article{li2020multi,
  title={A multi-level attention model for remote sensing image captions},
  author={Li, Yangyang and Fang, Shuangkang and Jiao, Licheng and Liu, Ruijiao and Shang, Ronghua},
  journal={Remote Sensing},
  volume={12},
  number={6},
  pages={939},
  year={2020},
  publisher={MDPI}
}

@article{liu2022remote,
  title={Remote-sensing image captioning based on multilayer aggregated transformer},
  author={Liu, Chenyang and Zhao, Rui and Shi, Zhenwei},
  journal={IEEE Geoscience and Remote Sensing Letters},
  volume={19},
  pages={1--5},
  year={2022},
  publisher={IEEE}
}

@article{lu2017exploring,
  title={Exploring models and data for remote sensing image caption generation},
  author={Lu, Xiaoqiang and Wang, Binqiang and Zheng, Xiangtao and Li, Xuelong},
  journal={IEEE Transactions on Geoscience and Remote Sensing},
  volume={56},
  number={4},
  pages={2183--2195},
  year={2017},
  publisher={IEEE}
}

@article{lu2019sound,
  title={Sound active attention framework for remote sensing image captioning},
  author={Lu, Xiaoqiang and Wang, Binqiang and Zheng, Xiangtao},
  journal={IEEE Transactions on Geoscience and Remote Sensing},
  volume={58},
  number={3},
  pages={1985--2000},
  year={2019},
  publisher={IEEE}
}

@article{ma2020multiscale,
  title={Multiscale methods for optical remote-sensing image captioning},
  author={Ma, Xiaofeng and Zhao, Rui and Shi, Zhenwei},
  journal={IEEE Geoscience and Remote Sensing Letters},
  volume={18},
  number={11},
  pages={2001--2005},
  year={2020},
  publisher={IEEE}
}

@inproceedings{qu2016deep,
  title={Deep semantic understanding of high resolution remote sensing image},
  author={Qu, Bo and Li, Xuelong and Tao, Dacheng and Lu, Xiaoqiang},
  booktitle={2016 International conference on computer, information and telecommunication systems (Cits)},
  pages={1--5},
  year={2016},
  organization={IEEE}
}

@article{ren2022mask,
  title={A mask-guided transformer network with topic token for remote sensing image captioning},
  author={Ren, Zihao and Gou, Shuiping and Guo, Zhang and Mao, Shasha and Li, Ruimin},
  journal={Remote Sensing},
  volume={14},
  number={12},
  pages={2939},
  year={2022},
  publisher={MDPI}
}

@article{shi2017can,
  title={Can a machine generate humanlike language descriptions for a remote sensing image?},
  author={Shi, Zhenwei and Zou, Zhengxia},
  journal={IEEE Transactions on Geoscience and Remote Sensing},
  volume={55},
  number={6},
  pages={3623--3634},
  year={2017},
  publisher={IEEE}
}

@article{sumbul2020sd,
  title={SD-RSIC: Summarization-driven deep remote sensing image captioning},
  author={Sumbul, Gencer and Nayak, Sonali and Demir, Beg{\"u}m},
  journal={IEEE Transactions on Geoscience and Remote Sensing},
  volume={59},
  number={8},
  pages={6922--6934},
  year={2020},
  publisher={IEEE}
}

@article{vaswani2017attention,
  title={Attention is all you need},
  author={Vaswani, A},
  journal={Advances in Neural Information Processing Systems},
  year={2017}
}

@inproceedings{vinyals2015show,
  title={Show and tell: A neural image caption generator},
  author={Vinyals, Oriol and Toshev, Alexander and Bengio, Samy and Erhan, Dumitru},
  booktitle={Proceedings of the IEEE conference on computer vision and pattern recognition},
  pages={3156--3164},
  year={2015}
}

@article{wang2020retrieval,
  title={Retrieval topic recurrent memory network for remote sensing image captioning},
  author={Wang, Binqiang and Zheng, Xiangtao and Qu, Bo and Lu, Xiaoqiang},
  journal={IEEE Journal of Selected Topics in Applied Earth Observations and Remote Sensing},
  volume={13},
  pages={256--270},
  year={2020},
  publisher={IEEE}
}

@article{wang2022glcm,
  title={GLCM: Global--local captioning model for remote sensing image captioning},
  author={Wang, Qi and Huang, Wei and Zhang, Xueting and Li, Xuelong},
  journal={IEEE Transactions on Cybernetics},
  volume={53},
  number={11},
  pages={6910--6922},
  year={2022},
  publisher={IEEE}
}

@article{wu2024trtr,
  title={TrTr-CMR: Cross-Modal Reasoning Dual Transformer for Remote Sensing Image Captioning},
  author={Wu, Yinan and Li, Lingling and Jiao, Licheng and Liu, Fang and Liu, Xu and Yang, Shuyuan},
  journal={IEEE Transactions on Geoscience and Remote Sensing},
  year={2024},
  publisher={IEEE}
}

@article{xu2015show,
  title={Show, attend and tell: Neural image caption generation with visual attention},
  author={Xu, Kelvin},
  journal={arXiv preprint arXiv:1502.03044},
  year={2015}
}

@article{ye2022joint,
  title={A joint-training two-stage method for remote sensing image captioning},
  author={Ye, Xiutiao and Wang, Shuang and Gu, Yu and Wang, Jihui and Wang, Ruixuan and Hou, Biao and Giunchiglia, Fausto and Jiao, Licheng},
  journal={IEEE Transactions on Geoscience and Remote Sensing},
  volume={60},
  pages={1--16},
  year={2022},
  publisher={IEEE}
}

@inproceedings{you2016image,
  title={Image captioning with semantic attention},
  author={You, Quanzeng and Jin, Hailin and Wang, Zhaowen and Fang, Chen and Luo, Jiebo},
  booktitle={Proceedings of the IEEE conference on computer vision and pattern recognition},
  pages={4651--4659},
  year={2016}
}

