@article{hoxha2021novel,
  title={A novel SVM-based decoder for remote sensing image captioning},
  author={Hoxha, Genc and Melgani, Farid},
  journal={IEEE Transactions on Geoscience and Remote Sensing},
  volume={60},
  pages={1--14},
  year={2021},
  publisher={IEEE}
}

@inproceedings{qu2016deep,
  title={Deep semantic understanding of high resolution remote sensing image},
  author={Qu, Bo and Li, Xuelong and Tao, Dacheng and Lu, Xiaoqiang},
  booktitle={2016 International conference on computer, information and telecommunication systems (Cits)},
  pages={1--5},
  year={2016},
  organization={IEEE}
}

@article{tanti2018put,
  title={Where to put the image in an image caption generator},
  author={Tanti, Marc and Gatt, Albert and Camilleri, Kenneth P},
  journal={Natural Language Engineering},
  volume={24},
  number={3},
  pages={467--489},
  year={2018},
  publisher={Cambridge University Press}
}

@article{wang2019semantic,
  title={Semantic descriptions of high-resolution remote sensing images},
  author={Wang, Binqiang and Lu, Xiaoqiang and Zheng, Xiangtao and Li, Xuelong},
  journal={IEEE Geoscience and Remote Sensing Letters},
  volume={16},
  number={8},
  pages={1274--1278},
  year={2019},
  publisher={IEEE}
}

@inproceedings{hoxha2020new,
  title={A new CNN-RNN framework for remote sensing image captioning},
  author={Hoxha, Genc and Melgani, Farid and Slaghenauffi, Jacopo},
  booktitle={2020 Mediterranean and Middle-East Geoscience and Remote Sensing Symposium (M2GARSS)},
  pages={1--4},
  year={2020},
  organization={IEEE}
}

@article{lu2017exploring,
  title={Exploring models and data for remote sensing image caption generation},
  author={Lu, Xiaoqiang and Wang, Binqiang and Zheng, Xiangtao and Li, Xuelong},
  journal={IEEE Transactions on Geoscience and Remote Sensing},
  volume={56},
  number={4},
  pages={2183--2195},
  year={2017},
  publisher={IEEE}
}

@article{shi2017can,
  title={Can a machine generate humanlike language descriptions for a remote sensing image?},
  author={Shi, Zhenwei and Zou, Zhengxia},
  journal={IEEE Transactions on Geoscience and Remote Sensing},
  volume={55},
  number={6},
  pages={3623--3634},
  year={2017},
  publisher={IEEE}
}

@inproceedings{you2016image,
  title={Image captioning with semantic attention},
  author={You, Quanzeng and Jin, Hailin and Wang, Zhaowen and Fang, Chen and Luo, Jiebo},
  booktitle={Proceedings of the IEEE conference on computer vision and pattern recognition},
  pages={4651--4659},
  year={2016}
}

@article{zhao2021high,
  title={High-resolution remote sensing image captioning based on structured attention},
  author={Zhao, Rui and Shi, Zhenwei and Zou, Zhengxia},
  journal={IEEE Transactions on Geoscience and Remote Sensing},
  volume={60},
  pages={1--14},
  year={2021},
  publisher={IEEE}
}

@article{li2018multi,
  title={Multi-modal gated recurrent units for image description},
  author={Li, Xuelong and Yuan, Aihong and Lu, Xiaoqiang},
  journal={Multimedia Tools and Applications},
  volume={77},
  number={22},
  pages={29847--29869},
  year={2018},
  publisher={Springer}
}

@article{lu2019sound,
  title={Sound active attention framework for remote sensing image captioning},
  author={Lu, Xiaoqiang and Wang, Binqiang and Zheng, Xiangtao},
  journal={IEEE Transactions on Geoscience and Remote Sensing},
  volume={58},
  number={3},
  pages={1985--2000},
  year={2019},
  publisher={IEEE}
}

@article{wang2020retrieval,
  title={Retrieval topic recurrent memory network for remote sensing image captioning},
  author={Wang, Binqiang and Zheng, Xiangtao and Qu, Bo and Lu, Xiaoqiang},
  journal={IEEE Journal of Selected Topics in Applied Earth Observations and Remote Sensing},
  volume={13},
  pages={256--270},
  year={2020},
  publisher={IEEE}
}

@article{ma2020multiscale,
  title={Multiscale methods for optical remote-sensing image captioning},
  author={Ma, Xiaofeng and Zhao, Rui and Shi, Zhenwei},
  journal={IEEE Geoscience and Remote Sensing Letters},
  volume={18},
  number={11},
  pages={2001--2005},
  year={2020},
  publisher={IEEE}
}

@article{sumbul2020sd,
  title={SD-RSIC: Summarization-driven deep remote sensing image captioning},
  author={Sumbul, Gencer and Nayak, Sonali and Demir, Beg{\"u}m},
  journal={IEEE Transactions on Geoscience and Remote Sensing},
  volume={59},
  number={8},
  pages={6922--6934},
  year={2020},
  publisher={IEEE}
}

@article{huang2020denoising,
  title={Denoising-based multiscale feature fusion for remote sensing image captioning},
  author={Huang, Wei and Wang, Qi and Li, Xuelong},
  journal={IEEE Geoscience and Remote Sensing Letters},
  volume={18},
  number={3},
  pages={436--440},
  year={2020},
  publisher={IEEE}
}

@article{wang2022multiscale,
  title={Multiscale multiinteraction network for remote sensing image captioning},
  author={Wang, Yong and Zhang, Wenkai and Zhang, Zhengyuan and Gao, Xin and Sun, Xian},
  journal={IEEE Journal of Selected Topics in Applied Earth Observations and Remote Sensing},
  volume={15},
  pages={2154--2165},
  year={2022},
  publisher={IEEE}
}

@article{ye2022joint,
  title={A joint-training two-stage method for remote sensing image captioning},
  author={Ye, Xiutiao and Wang, Shuang and Gu, Yu and Wang, Jihui and Wang, Ruixuan and Hou, Biao and Giunchiglia, Fausto and Jiao, Licheng},
  journal={IEEE Transactions on Geoscience and Remote Sensing},
  volume={60},
  pages={1--16},
  year={2022},
  publisher={IEEE}
}

@article{liu2022remote,
  title={Remote-sensing image captioning based on multilayer aggregated transformer},
  author={Liu, Chenyang and Zhao, Rui and Shi, Zhenwei},
  journal={IEEE Geoscience and Remote Sensing Letters},
  volume={19},
  pages={1--5},
  year={2022},
  publisher={IEEE}
}

@article{li2021recurrent,
  title={Recurrent attention and semantic gate for remote sensing image captioning},
  author={Li, Yunpeng and Zhang, Xiangrong and Gu, Jing and Li, Chen and Wang, Xin and Tang, Xu and Jiao, Licheng},
  journal={IEEE Transactions on Geoscience and Remote Sensing},
  volume={60},
  pages={1--16},
  year={2021},
  publisher={IEEE}
}

@article{zhang2021global,
  title={Global visual feature and linguistic state guided attention for remote sensing image captioning},
  author={Zhang, Zhengyuan and Zhang, Wenkai and Yan, Menglong and Gao, Xin and Fu, Kun and Sun, Xian},
  journal={IEEE Transactions on Geoscience and Remote Sensing},
  volume={60},
  pages={1--16},
  year={2021},
  publisher={IEEE}
}

@article{li2020multi,
  title={A multi-level attention model for remote sensing image captions},
  author={Li, Yangyang and Fang, Shuangkang and Jiao, Licheng and Liu, Ruijiao and Shang, Ronghua},
  journal={Remote Sensing},
  volume={12},
  number={6},
  pages={939},
  year={2020},
  publisher={MDPI}
}

@inproceedings{vinyals2015show,
  title={Show and tell: A neural image caption generator},
  author={Vinyals, Oriol and Toshev, Alexander and Bengio, Samy and Erhan, Dumitru},
  booktitle={Proceedings of the IEEE conference on computer vision and pattern recognition},
  pages={3156--3164},
  year={2015}
}

@article{wang2022glcm,
  title={GLCM: Global--local captioning model for remote sensing image captioning},
  author={Wang, Qi and Huang, Wei and Zhang, Xueting and Li, Xuelong},
  journal={IEEE Transactions on Cybernetics},
  volume={53},
  number={11},
  pages={6910--6922},
  year={2022},
  publisher={IEEE}
}

@article{ren2022mask,
  title={A mask-guided transformer network with topic token for remote sensing image captioning},
  author={Ren, Zihao and Gou, Shuiping and Guo, Zhang and Mao, Shasha and Li, Ruimin},
  journal={Remote Sensing},
  volume={14},
  number={12},
  pages={2939},
  year={2022},
  publisher={MDPI}
}

@inproceedings{papineni-etal-2002-bleu,
    title = "{B}leu: a Method for Automatic Evaluation of Machine Translation",
    author = "Papineni, Kishore  and
      Roukos, Salim  and
      Ward, Todd  and
      Zhu, Wei-Jing",
    booktitle = "Proceedings of the 40th Annual Meeting of the Association for Computational Linguistics",
    month = jul,
    year = "2002",
    address = "Philadelphia, Pennsylvania, USA",
    publisher = "Association for Computational Linguistics",
    url = "https://aclanthology.org/P02-1040",
    doi = "10.3115/1073083.1073135",
    pages = "311--318",
}

@inproceedings{lavie-agarwal-2007-meteor,
    title = "{METEOR}: An Automatic Metric for {MT} Evaluation with High Levels of Correlation with Human Judgments",
    author = "Lavie, Alon  and
      Agarwal, Abhaya",
    booktitle = "Proceedings of the Second Workshop on Statistical Machine Translation",
    month = jun,
    year = "2007",
    address = "Prague, Czech Republic",
    publisher = "Association for Computational Linguistics",
    url = "https://aclanthology.org/W07-0734",
    pages = "228--231",
}

@inproceedings{vedantam2015cider,
  title={Cider: Consensus-based image description evaluation},
  author={Vedantam, Ramakrishna and Lawrence Zitnick, C and Parikh, Devi},
  booktitle={Proceedings of the IEEE conference on computer vision and pattern recognition},
  pages={4566--4575},
  year={2015}
}

@inproceedings{lin-2004-rouge,
    title = "{ROUGE}: A Package for Automatic Evaluation of Summaries",
    author = "Lin, Chin-Yew",
    booktitle = "Text Summarization Branches Out",
    month = jul,
    year = "2004",
    address = "Barcelona, Spain",
    publisher = "Association for Computational Linguistics",
    url = "https://aclanthology.org/W04-1013",
    pages = "74--81",
}

@inproceedings{he2016deep,
  title={Deep residual learning for image recognition},
  author={He, Kaiming and Zhang, Xiangyu and Ren, Shaoqing and Sun, Jian},
  booktitle={Proceedings of the IEEE conference on computer vision and pattern recognition},
  pages={770--778},
  year={2016}
}

@inproceedings{huang2017densely,
  title={Densely connected convolutional networks},
  author={Huang, Gao and Liu, Zhuang and Van Der Maaten, Laurens and Weinberger, Kilian Q},
  booktitle={Proceedings of the IEEE conference on computer vision and pattern recognition},
  pages={4700--4708},
  year={2017}
}

@article{simonyan2014very,
  title={Very deep convolutional networks for large-scale image recognition},
  author={Simonyan, Karen and Zisserman, Andrew},
  journal={arXiv preprint arXiv:1409.1556},
  year={2014}
}

@inproceedings{das2024unveiling,
  title={Unveiling the Power of Convolutional Neural Networks: A Comprehensive Study on Remote Sensing Image Captioning and Encoder Selection},
  author={Das, Swadhin and Khandelwal, Akshat and Sharma, Raksha},
  booktitle={2024 International Joint Conference on Neural Networks (IJCNN)},
  pages={1--8},
  year={2024},
  organization={IEEE}
}

@article{yu2019novel,
  title={A novel hierarchical algorithm for bearing fault diagnosis based on stacked LSTM},
  author={Yu, Lu and Qu, Jianling and Gao, Feng and Tian, Yanping},
  journal={Shock and Vibration},
  volume={2019},
  number={1},
  pages={2756284},
  year={2019},
  publisher={Wiley Online Library}
}

@article{yang2024bootstrapping,
  title={Bootstrapping interactive image-text alignment for remote sensing image captioning},
  author={Yang, Cong and Li, Zuchao and Zhang, Lefei},
  journal={IEEE Transactions on Geoscience and Remote Sensing},
  year={2024},
  publisher={IEEE}
}

@article{zhang2023multi,
  title={Multi-source interactive stair attention for remote sensing image captioning},
  author={Zhang, Xiangrong and Li, Yunpeng and Wang, Xin and Liu, Feixiang and Wu, Zhaoji and Cheng, Xina and Jiao, Licheng},
  journal={Remote Sensing},
  volume={15},
  number={3},
  pages={579},
  year={2023},
  publisher={MDPI}
}

@article{meng2023prior,
  title={Prior Knowledge-Guided Transformer for Remote Sensing Image Captioning},
  author={Meng, Lingwu and Wang, Jing and Yang, Yang and Xiao, Liang},
  journal={IEEE Transactions on Geoscience and Remote Sensing},
  year={2023},
  publisher={IEEE}
}

@article{chen2022typeformer,
  title={TypeFormer: Multiscale transformer with type controller for remote sensing image caption},
  author={Chen, Zihang and Wang, Junjue and Ma, Ailong and Zhong, Yanfei},
  journal={IEEE Geoscience and Remote Sensing Letters},
  volume={19},
  pages={1--5},
  year={2022},
  publisher={IEEE}
}

@incollection{murali2022remote,
  title={Remote sensing image captioning via multilevel attention-based visual question answering},
  author={Murali, Nirmala and Shanthi, AP},
  booktitle={Innovations in Computational Intelligence and Computer Vision: Proceedings of ICICV 2021},
  pages={465--475},
  year={2022},
  publisher={Springer}
}

@inproceedings{das2018deep,
  title={Deep learning for military image captioning},
  author={Das, Subrata and Jain, Lalit and Das, Arup},
  booktitle={2018 21st International Conference on Information Fusion (FUSION)},
  pages={2165--2171},
  year={2018},
  organization={IEEE}
}

@inproceedings{mao2018deep,
  title={Deep cross-modal retrieval for remote sensing image and audio},
  author={Mao, Guo and Yuan, Yuan and Xiaoqiang, Lu},
  booktitle={2018 10th IAPR workshop on pattern recognition in remote sensing (PRRS)},
  pages={1--7},
  year={2018},
  organization={IEEE}
}

@inproceedings{wang2018intensive,
  title={Intensive positioning network for remote sensing image captioning},
  author={Wang, Shengsheng and Chen, Jiawei and Wang, Guangyao},
  booktitle={Intelligence Science and Big Data Engineering: 8th International Conference, IScIDE 2018, Lanzhou, China, August 18--19, 2018, Revised Selected Papers 8},
  pages={567--576},
  year={2018},
  organization={Springer}
}

@article{chen2019geospatial,
  title={Geospatial relation captioning for high-spatial-resolution images by using an attention-based neural network},
  author={Chen, Jie and Han, Yarong and Wan, Li and Zhou, Xing and Deng, Min},
  journal={International Journal of Remote Sensing},
  volume={40},
  number={16},
  pages={6482--6498},
  year={2019},
  publisher={Taylor \& Francis}
}

@inproceedings{chen2019feature,
  title={Feature fusion encoder decoder network for automatic liver lesion segmentation},
  author={Chen, Xueying and Zhang, Rong and Yan, Pingkun},
  booktitle={2019 IEEE 16th international symposium on biomedical imaging (ISBI 2019)},
  pages={430--433},
  year={2019},
  organization={IEEE}
}

@inproceedings{song2019msdnet,
  title={MSDNet for medical image fusion},
  author={Song, Xu and Wu, Xiao-Jun and Li, Hui},
  booktitle={Image and Graphics: 10th International Conference, ICIG 2019, Beijing, China, August 23--25, 2019, Proceedings, Part II 10},
  pages={278--288},
  year={2019},
  organization={Springer}
}

@article{jian2019symmetric,
  title={A symmetric encoder-decoder with residual block for infrared and visible image fusion},
  author={Jian, Lihua and Yang, Xiaomin and Liu, Zheng and Jeon, Gwanggil and Gao, Mingliang and Chisholm, David},
  journal={arXiv preprint arXiv:1905.11447},
  year={2019}
}

@article{zhou2019sentiment,
  title={Sentiment analysis of Chinese microblog based on stacked bidirectional LSTM},
  author={Zhou, Junhao and Lu, Yue and Dai, Hong-Ning and Wang, Hao and Xiao, Hong},
  journal={IEEE Access},
  volume={7},
  pages={38856--38866},
  year={2019},
  publisher={IEEE}
}

@inproceedings{thill2019anomaly,
  title={Anomaly Detection in Electrocardiogram Readings with Stacked LSTM Networks.},
  author={Thill, Markus and D{\"a}ubener, Sina and Konen, Wolfgang and B{\"a}ck, Thomas and Barancikova, P and Holena, M and Horvat, T and Pleva, M and Rosa, R},
  booktitle={ITAT},
  pages={17--25},
  year={2019}
}

@inproceedings{luo2019coping,
  title={Coping with overfitting problems of image caption models for service robotics applications},
  author={Luo, Ren C and Lin, Hsien Chang},
  booktitle={2019 IEEE International Conference on Industrial Cyber Physical Systems (ICPS)},
  pages={815--820},
  year={2019},
  organization={IEEE}
}

@article{alghamdi2024predicting,
  title={Predicting Energy Consumption Using Stacked LSTM Snapshot Ensemble},
  author={Alghamdi, Mona Ahamd and Abdullah, S and Ragab, Mahmoud},
  journal={Big Data Mining and Analytics},
  volume={7},
  number={2},
  pages={247--270},
  year={2024},
  publisher={TUP}
}

@article{ren2024network,
  title={A network structure for industrial process fault diagnosis based on hyper feature extraction and stacked LSTM},
  author={Ren, Yanwei and Zhang, Ridong and Gao, Furong},
  journal={Chemical Engineering Science},
  volume={287},
  pages={119745},
  year={2024},
  publisher={Elsevier}
}

@article{das2024textgcn,
  title={A TextGCN-Based Decoding Approach for Improving Remote Sensing Image Captioning},
  author={Das, Swadhin and Sharma, Raksha},
  journal={IEEE Geoscience and Remote Sensing Letters},
  year={2024},
  publisher={IEEE}
}

@article{wu2024trtr,
  title={TrTr-CMR: Cross-Modal Reasoning Dual Transformer for Remote Sensing Image Captioning},
  author={Wu, Yinan and Li, Lingling and Jiao, Licheng and Liu, Fang and Liu, Xu and Yang, Shuyuan},
  journal={IEEE Transactions on Geoscience and Remote Sensing},
  year={2024},
  publisher={IEEE}
}

@article{khan2022deep,
  title={A deep neural framework for image caption generation using gru-based attention mechanism},
  author={Khan, Rashid and Islam, M Shujah and Kanwal, Khadija and Iqbal, Mansoor and Hossain, Md Imran and Ye, Zhongfu},
  journal={arXiv preprint arXiv:2203.01594},
  year={2022}
}

@article{liang2024clustering,
  title={Clustering-based mask recovery for image captioning},
  author={Liang, Xu and Li, Chen and Tian, Lihua},
  journal={Neurocomputing},
  volume={599},
  pages={128127},
  year={2024},
  publisher={Elsevier}
}

@inproceedings{xie2017aggregated,
  title={Aggregated residual transformations for deep neural networks},
  author={Xie, Saining and Girshick, Ross and Doll{\'a}r, Piotr and Tu, Zhuowen and He, Kaiming},
  booktitle={Proceedings of the IEEE conference on computer vision and pattern recognition},
  pages={1492--1500},
  year={2017}
}

@inproceedings{liu2022convnet,
  title={A convnet for the 2020s},
  author={Liu, Zhuang and Mao, Hanzi and Wu, Chao-Yuan and Feichtenhofer, Christoph and Darrell, Trevor and Xie, Saining},
  booktitle={Proceedings of the IEEE/CVF conference on computer vision and pattern recognition},
  pages={11976--11986},
  year={2022}
}

@article{zhang2014saliency,
	title        = {Saliency-guided unsupervised feature learning for scene classification},
	author       = {Zhang, Fan and Du, Bo and Zhang, Liangpei},
	year         = 2014,
	journal      = {IEEE Transactions on Geoscience and Remote Sensing},
	publisher    = {IEEE},
	volume       = 53,
	number       = 4,
	pages        = {2175--2184}
}

@inproceedings{yang2010bag,
	title        = {Bag-of-visual-words and spatial extensions for land-use classification},
	author       = {Yang, Yi and Newsam, Shawn},
	year         = 2010,
	booktitle    = {Proceedings of the 18th SIGSPATIAL international conference on advances in geographic information systems},
	pages        = {270--279}
}

@article{xia2017aid,
  title={AID: A benchmark data set for performance evaluation of aerial scene classification},
  author={Xia, Gui-Song and Hu, Jingwen and Hu, Fan and Shi, Baoguang and Bai, Xiang and Zhong, Yanfei and Zhang, Liangpei and Lu, Xiaoqiang},
  journal={IEEE Transactions on Geoscience and Remote Sensing},
  volume={55},
  number={7},
  pages={3965--3981},
  year={2017},
  publisher={IEEE}
}

@inproceedings{singh2021image,
  title={Image captioning using artificial intelligence},
  author={Singh, Yajush Pratap and Ahmed, Sayed Abu Lais Ezaz and Singh, Prabhishek and Kumar, Neeraj and Diwakar, Manoj},
  booktitle={Journal of Physics: Conference Series},
  volume={1854},
  number={1},
  pages={012048},
  year={2021},
  organization={IOP Publishing}
}

@inproceedings{wang2023controllable,
  title={Controllable image captioning via prompting},
  author={Wang, Ning and Xie, Jiahao and Wu, Jihao and Jia, Mingbo and Li, Linlin},
  booktitle={Proceedings of the AAAI Conference on Artificial Intelligence},
  volume={37},
  number={2},
  pages={2617--2625},
  year={2023}
}

@article{alabdulkreem2023sustainable,
  title={Sustainable groundwater management using stacked LSTM with deep neural network},
  author={Alabdulkreem, Eatedal and Alruwais, Nuha and Mahgoub, Hany and Dutta, Ashit Kumar and Khalid, Majdi and Marzouk, Radwa and Motwakel, Abdelwahed and Drar, Suhanda},
  journal={Urban Climate},
  volume={49},
  pages={101469},
  year={2023},
  publisher={Elsevier}
}

@article{vakharia2023estimation,
  title={Estimation of lithium-ion battery discharge capacity by integrating optimized explainable-AI and stacked LSTM model},
  author={Vakharia, Vinay and Shah, Milind and Nair, Pranav and Borade, Himanshu and Sahlot, Pankaj and Wankhede, Vishal},
  journal={Batteries},
  volume={9},
  number={2},
  pages={125},
  year={2023},
  publisher={MDPI}
}

@article{vaswani2017attention,
  title={Attention is all you need},
  author={Vaswani, A},
  journal={Advances in Neural Information Processing Systems},
  year={2017}
}

@article{xu2015show,
  title={Show, attend and tell: Neural image caption generation with visual attention},
  author={Xu, Kelvin},
  journal={arXiv preprint arXiv:1502.03044},
  year={2015}
}