@article{aerni2024evaluations,
  title={Evaluations of Machine Learning Privacy Defenses are Misleading},
  author={Aerni, Michael and Zhang, Jie and Tram{\`e}r, Florian},
  journal={CCS 2024},
  year={2024}
}

@inproceedings{cazenavette2022dataset,
  title={Dataset distillation by matching training trajectories},
  author={Cazenavette, George and Wang, Tongzhou and Torralba, Antonio and Efros, Alexei A and Zhu, Jun-Yan},
  booktitle={Proceedings of the IEEE/CVF Conference on Computer Vision and Pattern Recognition},
  pages={4750--4759},
  year={2022}
}

@inproceedings{chen2022relaxloss,
  title = {{{RelaxLoss}}: {{Defending Membership Inference Attacks}} without {{Losing Utility}}},
  booktitle = {International {{Conference}} on {{Learning Representations}}},
  author = {Chen, Dingfan and Yu, Ning and Fritz, Mario},
  year = {2022},
}

@inproceedings{chen2024hamp,
  title = {Overconfidence Is a {{Dangerous Thing}}: {{Mitigating Membership Inference Attacks}} by {{Enforcing Less Confident Prediction}}},
  booktitle = {{{NDSS Symposium}}},
  author = {Chen, Zitao and Pattabiraman, Karthik},
  year = {2024},
}

@article{diffclass,
  title={Diffclass: Diffusion-based class incremental learning},
  author={Meng, Zichong and Zhang, Jie and Yang, Changdi and Zhan, Zheng and Zhao, Pu and WAng, Yanzhi},
  journal={ECCV 2024},
  year={2024}
}

@article{fgl,
  title={Federated generative learning with foundation models},
  author={Zhang, Jie and Qi, Xiaohua and Zhao, Bo},
  journal={arXiv preprint arXiv:2306.16064},
  year={2023}
}

@inproceedings{guo2024lossless,
      title={Towards Lossless Dataset Distillation via Difficulty-Aligned Trajectory Matching}, 
      author={Ziyao Guo and Kai Wang and George Cazenavette and Hui Li and Kaipeng Zhang and Yang You},
      year={2024},
      booktitle={The Twelfth International Conference on Learning Representations}
}

@inproceedings{lira,
  title={Membership inference attacks from first principles},
  author={Carlini, Nicholas and Chien, Steve and Nasr, Milad and Song, Shuang and Terzis, Andreas and Tramer, Florian},
  booktitle={2022 IEEE Symposium on Security and Privacy (SP)},
  pages={1897--1914},
  year={2022},
  organization={IEEE}
}

@article{lopes2017data,
  title={Data-free knowledge distillation for deep neural networks},
  author={Lopes, Raphael Gontijo and Fenu, Stefano and Starner, Thad},
  journal={arXiv preprint arXiv:1710.07535},
  year={2017}
}

@inproceedings{realfake,
  title={Real-fake: Effective training data synthesis through distribution matching},
  author={Yuan, Jianhao and Zhang, Jie and Sun, Shuyang and Torr, Philip and Zhao, Bo},
  booktitle={International Conference on Learning Representations (ICLR)},
  year={2024},
  organization={International Conference on Learning Representations (ICLR)}
}

@article{shin2017continual,
  title={Continual learning with deep generative replay},
  author={Shin, Hanul and Lee, Jung Kwon and Kim, Jaehong and Kim, Jiwon},
  journal={Advances in neural information processing systems},
  volume={30},
  year={2017}
}

@article{shin2023fill,
  title={Fill-up: Balancing long-tailed data with generative models},
  author={Shin, Joonghyuk and Kang, Minguk and Park, Jaesik},
  journal={arXiv preprint arXiv:2306.07200},
  year={2023}
}

@inproceedings{shokri2017membership,
  title={Membership inference attacks against machine learning models},
  author={Shokri, Reza and Stronati, Marco and Song, Congzheng and Shmatikov, Vitaly},
  booktitle={2017 IEEE symposium on security and privacy (SP)},
  pages={3--18},
  year={2017},
  organization={IEEE}
}

@inproceedings{zhang2023target,
  title={Target: Federated class-continual learning via exemplar-free distillation},
  author={Zhang, Jie and Chen, Chen and Zhuang, Weiming and Lyu, Lingjuan},
  booktitle={Proceedings of the IEEE/CVF International Conference on Computer Vision},
  pages={4782--4793},
  year={2023}
}

