@article{fgl,
  title={Federated generative learning with foundation models},
  author={Zhang, Jie and Qi, Xiaohua and Zhao, Bo},
  journal={arXiv preprint arXiv:2306.16064},
  year={2023}
}
@inproceedings{chen2022relaxloss,
  title = {{{RelaxLoss}}: {{Defending Membership Inference Attacks}} without {{Losing Utility}}},
  booktitle = {International {{Conference}} on {{Learning Representations}}},
  author = {Chen, Dingfan and Yu, Ning and Fritz, Mario},
  year = {2022},
}
@inproceedings{chen2024hamp,
  title = {Overconfidence Is a {{Dangerous Thing}}: {{Mitigating Membership Inference Attacks}} by {{Enforcing Less Confident Prediction}}},
  booktitle = {{{NDSS Symposium}}},
  author = {Chen, Zitao and Pattabiraman, Karthik},
  year = {2024},
}
@inproceedings{zhang2023target,
  title={Target: Federated class-continual learning via exemplar-free distillation},
  author={Zhang, Jie and Chen, Chen and Zhuang, Weiming and Lyu, Lingjuan},
  booktitle={Proceedings of the IEEE/CVF International Conference on Computer Vision},
  pages={4782--4793},
  year={2023}
}
@article{lopes2017data,
  title={Data-free knowledge distillation for deep neural networks},
  author={Lopes, Raphael Gontijo and Fenu, Stefano and Starner, Thad},
  journal={arXiv preprint arXiv:1710.07535},
  year={2017}
}
@article{carlini2022no,
  title={No Free Lunch in" Privacy for Free: How does Dataset Condensation Help Privacy"},
  author={Carlini, Nicholas and Feldman, Vitaly and Nasr, Milad},
  journal={arXiv preprint arXiv:2209.14987},
  year={2022}
}
@misc{DPorg-average-case-dp,
    title={The Pitfalls of Average-Case Differential Privacy},
    author={Thomas Steinke and Jonathan Ullman},
    howpublished={DifferentialPrivacy.org},
    note={\url{https://differentialprivacy.org/average-case-dp/}},
    year={2020},
    month={07},
}
@inproceedings{hao2021data,
  title={Data-free ensemble knowledge distillation for privacy-conscious multimedia model compression},
  author={Hao, Zhiwei and Luo, Yong and Hu, Han and An, Jianping and Wen, Yonggang},
  booktitle={Proceedings of the 29th ACM International Conference on Multimedia},
  pages={1803--1811},
  year={2021}
}
@misc{cifar,
  title={Learning multiple layers of features from tiny images},
  author={Krizhevsky, Alex and Hinton, Geoffrey},
  year={2009},
}
@InProceedings{pmlr-v162-dong22c,
  title = 	 {Privacy for Free: How does Dataset Condensation Help Privacy?},
  author =       {Dong, Tian and Zhao, Bo and Lyu, Lingjuan},
  booktitle = 	 {Proceedings of the 39th International Conference on Machine Learning},
  pages = 	 {5378--5396},
  year = 	 {2022},
  volume = 	 {162},
  series = 	 {Proceedings of Machine Learning Research},
  month = 	 {17--23 Jul},
  publisher =    {PMLR},
}

@inproceedings{guo2024lossless,
      title={Towards Lossless Dataset Distillation via Difficulty-Aligned Trajectory Matching}, 
      author={Ziyao Guo and Kai Wang and George Cazenavette and Hui Li and Kaipeng Zhang and Yang You},
      year={2024},
      booktitle={The Twelfth International Conference on Learning Representations}
}
@inproceedings{cazenavette2022dataset,
  title={Dataset distillation by matching training trajectories},
  author={Cazenavette, George and Wang, Tongzhou and Torralba, Antonio and Efros, Alexei A and Zhu, Jun-Yan},
  booktitle={Proceedings of the IEEE/CVF Conference on Computer Vision and Pattern Recognition},
  pages={4750--4759},
  year={2022}
}
@InProceedings{dm,
    author    = {Zhao, Bo and Bilen, Hakan},
    title     = {Dataset Condensation With Distribution Matching},
    booktitle = {Proceedings of the IEEE/CVF Winter Conference on Applications of Computer Vision (WACV)},
    month     = {January},
    year      = {2023},
    pages     = {6514-6523}
}
@article{chen2023comprehensive,
  title={A comprehensive study on dataset distillation: Performance, privacy, robustness and fairness},
  author={Chen, Zongxiong and Geng, Jiahui and Zhu, Derui and Woisetschlaeger, Herbert and Li, Qing and Schimmler, Sonja and Mayer, Ruben and Rong, Chunming},
  journal={arXiv preprint arXiv:2305.03355},
  year={2023}
}
@article{feldman2020neural,
  title={What neural networks memorize and why: Discovering the long tail via influence estimation},
  author={Feldman, Vitaly and Zhang, Chiyuan},
  journal={Advances in Neural Information Processing Systems},
  volume={33},
  pages={2881--2891},
  year={2020}
}
@InProceedings{dsa,
  title = 	 {Dataset Condensation with Differentiable Siamese Augmentation},
  author =       {Zhao, Bo and Bilen, Hakan},
  booktitle = 	 {Proceedings of the 38th International Conference on Machine Learning},
  pages = 	 {12674--12685},
  year = 	 {2021},
  editor = 	 {Meila, Marina and Zhang, Tong},
  volume = 	 {139},
  series = 	 {Proceedings of Machine Learning Research},
  month = 	 {18--24 Jul},
  publisher =    {PMLR},
  pdf = 	 {http://proceedings.mlr.press/v139/zhao21a/zhao21a.pdf},
  url = 	 {https://proceedings.mlr.press/v139/zhao21a.html}
}
@inproceedings{lira,
  title={Membership inference attacks from first principles},
  author={Carlini, Nicholas and Chien, Steve and Nasr, Milad and Song, Shuang and Terzis, Andreas and Tramer, Florian},
  booktitle={2022 IEEE Symposium on Security and Privacy (SP)},
  pages={1897--1914},
  year={2022},
  organization={IEEE}
}
@inproceedings{
toneva2018an,
title={An Empirical Study of Example Forgetting during Deep Neural Network Learning},
author={Mariya Toneva and Alessandro Sordoni and Remi Tachet des Combes and Adam Trischler and Yoshua Bengio and Geoffrey J. Gordon},
booktitle={International Conference on Learning Representations},
year={2019},
url={https://openreview.net/forum?id=BJlxm30cKm},
}
@inproceedings{
zhang2023ideal,
title={{IDEAL}: Query-Efficient Data-Free Learning from Black-Box Models},
author={Jie Zhang and Chen Chen and Lingjuan Lyu},
booktitle={The Eleventh International Conference on Learning Representations },
year={2023},
url={https://openreview.net/forum?id=ConT6H7MWL}
}
@inproceedings{fang2022up,
  title={Up to 100x faster data-free knowledge distillation},
  author={Fang, Gongfan and Mo, Kanya and Wang, Xinchao and Song, Jie and Bei, Shitao and Zhang, Haofei and Song, Mingli},
  booktitle={Proceedings of the AAAI Conference on Artificial Intelligence},
  volume={36},
  number={6},
  pages={6597--6604},
  year={2022}
}
@article{shin2017continual,
  title={Continual learning with deep generative replay},
  author={Shin, Hanul and Lee, Jung Kwon and Kim, Jaehong and Kim, Jiwon},
  journal={Advances in neural information processing systems},
  volume={30},
  year={2017}
}
@article{wang2018dataset,
  title={Dataset distillation},
  author={Wang, Tongzhou and Zhu, Jun-Yan and Torralba, Antonio and Efros, Alexei A},
  journal={arXiv preprint arXiv:1811.10959},
  year={2018}
}
@inproceedings{mirzasoleiman2020coresets,
  title={Coresets for data-efficient training of machine learning models},
  author={Mirzasoleiman, Baharan and Bilmes, Jeff and Leskovec, Jure},
  booktitle={International Conference on Machine Learning},
  pages={6950--6960},
  year={2020},
  organization={PMLR}
}
@inproceedings{abadi2016deep,
  title={Deep learning with differential privacy},
  author={Abadi, Martin and Chu, Andy and Goodfellow, Ian and McMahan, H Brendan and Mironov, Ilya and Talwar, Kunal and Zhang, Li},
  booktitle={Proceedings of the 2016 ACM SIGSAC conference on computer and communications security},
  pages={308--318},
  year={2016}
}
@inproceedings{shokri2017membership,
  title={Membership inference attacks against machine learning models},
  author={Shokri, Reza and Stronati, Marco and Song, Congzheng and Shmatikov, Vitaly},
  booktitle={2017 IEEE symposium on security and privacy (SP)},
  pages={3--18},
  year={2017},
  organization={IEEE}
}
@article{zhao2020dataset,
  title={Dataset condensation with gradient matching},
  author={Zhao, Bo and Mopuri, Konda Reddy and Bilen, Hakan},
  journal={arXiv preprint arXiv:2006.05929},
  year={2020}
}
@InProceedings{Zhang_2023_CVPR,
    author    = {Zhang, Lei and Zhang, Jie and Lei, Bowen and Mukherjee, Subhabrata and Pan, Xiang and Zhao, Bo and Ding, Caiwen and Li, Yao and Xu, Dongkuan},
    title     = {Accelerating Dataset Distillation via Model Augmentation},
    booktitle = {Proceedings of the IEEE/CVF Conference on Computer Vision and Pattern Recognition (CVPR)},
    month     = {June},
    year      = {2023},
    pages     = {11950-11959}
}
@inproceedings{guo2022deepcore,
  title={Deepcore: A comprehensive library for coreset selection in deep learning},
  author={Guo, Chengcheng and Zhao, Bo and Bai, Yanbing},
  booktitle={International Conference on Database and Expert Systems Applications},
  pages={181--195},
  year={2022},
  organization={Springer}
}
@article{wang2023sampling,
  title={Sampling to distill: Knowledge transfer from open-world data},
  author={Wang, Yuzheng and Chen, Zhaoyu and Zhang, Jie and Yang, Dingkang and Ge, Zuhao and Liu, Yang and Liu, Siao and Sun, Yunquan and Zhang, Wenqiang and Qi, Lizhe},
  journal={arXiv preprint arXiv:2307.16601},
  year={2023}
}
@inproceedings{rombach2022high,
  title={High-resolution image synthesis with latent diffusion models},
  author={Rombach, Robin and Blattmann, Andreas and Lorenz, Dominik and Esser, Patrick and Ommer, Bj{\"o}rn},
  booktitle={Proceedings of the IEEE/CVF conference on computer vision and pattern recognition},
  pages={10684--10695},
  year={2022}
}
@inproceedings{karras2019style,
  title={A style-based generator architecture for generative adversarial networks},
  author={Karras, Tero and Laine, Samuli and Aila, Timo},
  booktitle={Proceedings of the IEEE/CVF conference on computer vision and pattern recognition},
  pages={4401--4410},
  year={2019}
}
@article{feldman2020introduction,
  title={Introduction to core-sets: an updated survey},
  author={Feldman, Dan},
  journal={arXiv preprint arXiv:2011.09384},
  year={2020}
}
@inproceedings{yin2020dreaming,
  title={Dreaming to distill: Data-free knowledge transfer via deepinversion},
  author={Yin, Hongxu and Molchanov, Pavlo and Alvarez, Jose M and Li, Zhizhong and Mallya, Arun and Hoiem, Derek and Jha, Niraj K and Kautz, Jan},
  booktitle={Proceedings of the IEEE/CVF conference on computer vision and pattern recognition},
  pages={8715--8724},
  year={2020}
}
@article{yue2022synthetic,
  title={Synthetic text generation with differential privacy: A simple and practical recipe},
  author={Yue, Xiang and Inan, Huseyin A and Li, Xuechen and Kumar, Girish and McAnallen, Julia and Shajari, Hoda and Sun, Huan and Levitan, David and Sim, Robert},
  journal={arXiv preprint arXiv:2210.14348},
  year={2022}
}
@misc{
putta2023differentially,
title={Differentially Private Conditional Text Generation For Synthetic Data Production},
author={Pranav Putta and Ander Steele and Joseph W Ferrara},
year={2023},
url={https://openreview.net/forum?id=LUql3ZOFwFD}
}
@misc{gdpr_info,
  author       = {{GDPR.eu}},
  title        = {GDPR Info},
  howpublished = {\url{https://gdpr-info.eu/}},
  note         = {Accessed: 2024-08-16}
}

@article{shin2023fill,
  title={Fill-up: Balancing long-tailed data with generative models},
  author={Shin, Joonghyuk and Kang, Minguk and Park, Jaesik},
  journal={arXiv preprint arXiv:2306.07200},
  year={2023}
}
@inproceedings{realfake,
  title={Real-fake: Effective training data synthesis through distribution matching},
  author={Yuan, Jianhao and Zhang, Jie and Sun, Shuyang and Torr, Philip and Zhao, Bo},
  booktitle={International Conference on Learning Representations (ICLR)},
  year={2024},
  organization={International Conference on Learning Representations (ICLR)}
}

@article{aerni2024evaluations,
  title={Evaluations of Machine Learning Privacy Defenses are Misleading},
  author={Aerni, Michael and Zhang, Jie and Tram{\`e}r, Florian},
  journal={CCS 2024},
  year={2024}
}

@article{diffclass,
  title={Diffclass: Diffusion-based class incremental learning},
  author={Meng, Zichong and Zhang, Jie and Yang, Changdi and Zhan, Zheng and Zhao, Pu and WAng, Yanzhi},
  journal={ECCV 2024},
  year={2024}
}

@inproceedings{herding,
  author = {Welling, Max},
  title = {Herding dynamical weights to learn},
  year = {2009},
  publisher = {ACM},
  booktitle = {Proceedings of the 26th Annual International Conference on Machine Learning},
  pages = {1121–1128},
}

@article{cinic10,
  title={Cinic-10 is not imagenet or cifar-10},
  author={Darlow, Luke N and Crowley, Elliot J and Antoniou, Antreas and Storkey, Amos J},
  journal={arXiv preprint arXiv:1810.03505},
  year={2018}
}

@inproceedings{sablayrolles2019white,
  title={White-box vs black-box: Bayes optimal strategies for membership inference},
  author={Sablayrolles, Alexandre and Douze, Matthijs and Schmid, Cordelia and Ollivier, Yann and J{\'e}gou, Herv{\'e}},
  booktitle={International Conference on Machine Learning},
  pages={5558--5567},
  year={2019},
  organization={PMLR}
}

@inproceedings{stable_diffusion,
  title={High-resolution image synthesis with latent diffusion models},
  author={Rombach, Robin and Blattmann, Andreas and Lorenz, Dominik and Esser, Patrick and Ommer, Bj{\"o}rn},
  booktitle={Proceedings of the IEEE/CVF conference on computer vision and pattern recognition},
  pages={10684--10695},
  year={2022}
}

@article{ssim,
  title={Image quality assessment: from error visibility to structural similarity},
  author={Wang, Zhou and Bovik, Alan C and Sheikh, Hamid R and Simoncelli, Eero P},
  journal={IEEE transactions on image processing},
  volume={13},
  number={4},
  pages={600--612},
  year={2004},
  publisher={IEEE}
}

@inproceedings{resnet,
  title={Deep residual learning for image recognition},
  author={He, Kaiming and Zhang, Xiangyu and Ren, Shaoqing and Sun, Jian},
  booktitle={Proceedings of the IEEE conference on computer vision and pattern recognition},
  pages={770--778},
  year={2016}
}

@inproceedings{tesla,
  title={Scaling up dataset distillation to imagenet-1k with constant memory},
  author={Cui, Justin and Wang, Ruochen and Si, Si and Hsieh, Cho-Jui},
  booktitle={International Conference on Machine Learning},
  pages={6565--6590},
  year={2023},
  organization={PMLR}
}

@inproceedings{somepalli2023diffusion,
  title={Diffusion art or digital forgery? investigating data replication in diffusion models},
  author={Somepalli, Gowthami and Singla, Vasu and Goldblum, Micah and Geiping, Jonas and Goldstein, Tom},
  booktitle={Proceedings of the IEEE/CVF Conference on Computer Vision and Pattern Recognition},
  pages={6048--6058},
  year={2023}
}

@inproceedings{sscd,
  title={A self-supervised descriptor for image copy detection},
  author={Pizzi, Ed and Roy, Sreya Dutta and Ravindra, Sugosh Nagavara and Goyal, Priya and Douze, Matthijs},
  booktitle={Proceedings of the IEEE/CVF Conference on Computer Vision and Pattern Recognition},
  pages={14532--14542},
  year={2022}
}

@article{disc,
  title={The 2021 image similarity dataset and challenge},
  author={Douze, Matthijs and Tolias, Giorgos and Pizzi, Ed and Papakipos, Zo{\"e} and Chanussot, Lowik and Radenovic, Filip and Jenicek, Tomas and Maximov, Maxim and Leal-Taix{\'e}, Laura and Elezi, Ismail and others},
  journal={arXiv preprint arXiv:2106.09672},
  year={2021}
}

@article{de2022unlocking,
  title={Unlocking high-accuracy differentially private image classification through scale},
  author={De, Soham and Berrada, Leonard and Hayes, Jamie and Smith, Samuel L and Balle, Borja},
  journal={arXiv preprint arXiv:2204.13650},
  year={2022}
}

@inproceedings{sander2023tan,
  title={Tan without a burn: Scaling laws of dp-sgd},
  author={Sander, Tom and Stock, Pierre and Sablayrolles, Alexandre},
  booktitle={International Conference on Machine Learning},
  pages={29937--29949},
  year={2023},
  organization={PMLR}
}

@inproceedings{wu2018groupnorm,
  title={Group normalization},
  author={Wu, Yuxin and He, Kaiming},
  booktitle={Proceedings of the European conference on computer vision (ECCV)},
  pages={3--19},
  year={2018}
}