@inproceedings{APAN,
  title={Apan: Asynchronous propagation attention network for real-time temporal graph embedding},
  author={Wang, Xuhong and Lyu, Ding and Li, Mengjian and Xia, Yang and Yang, Qi and Wang, Xinwen and Wang, Xinguang and Cui, Ping and Yang, Yupu and Sun, Bowen and others},
  booktitle={Proceedings of the 2021 international conference on management of data},
  pages={2628--2638},
  year={2021}
}

@inproceedings{Benchtemp,
  title={Benchtemp: A general benchmark for evaluating temporal graph neural networks},
  author={Huang, Qiang and Wang, Xin and Rao, Susie Xi and Han, Zhichao and Zhang, Zitao and He, Yongjun and Xu, Quanqing and Zhao, Yang and Zheng, Zhigao and Jiang, Jiawei},
  booktitle={2024 IEEE 40th International Conference on Data Engineering (ICDE)},
  pages={4044--4057},
  year={2024},
  organization={IEEE}
}

@inproceedings{CAWN,
  author       = {Yanbang Wang and
                  Yen{-}Yu Chang and
                  Yunyu Liu and
                  Jure Leskovec and
                  Pan Li},
  title        = {Inductive Representation Learning in Temporal Networks via Causal
                  Anonymous Walks},
  booktitle    = {9th International Conference on Learning Representations, {ICLR} 2021,
                  Virtual Event, Austria, May 3-7, 2021},
  year         = {2021},
  url          = {https://openreview.net/forum?id=KYPz4YsCPj},
  timestamp    = {Wed, 23 Jun 2021 17:36:39 +0200},
  biburl       = {https://dblp.org/rec/conf/iclr/WangCLL021.bib},
  bibsource    = {dblp computer science bibliography, https://dblp.org}
}

@inproceedings{DyGFormer,
  author       = {Le Yu and
                  Leilei Sun and
                  Bowen Du and
                  Weifeng Lv},
  title        = {Towards Better Dynamic Graph Learning: New Architecture and Unified
                  Library},
  booktitle    = {Advances in Neural Information Processing Systems 36: Annual Conference
                  on Neural Information Processing Systems 2023, NeurIPS 2023, New Orleans,
                  LA, USA, December 10 - 16, 2023},
  year         = {2023},
  url          = {http://papers.nips.cc/paper\_files/paper/2023/hash/d611019afba70d547bd595e8a4158f55-Abstract-Conference.html},
  timestamp    = {Fri, 01 Mar 2024 16:26:21 +0100},
  biburl       = {https://dblp.org/rec/conf/nips/0004S0L23.bib},
  bibsource    = {dblp computer science bibliography, https://dblp.org}
}

@inproceedings{DyRep,
  author       = {Rakshit Trivedi and
                  Mehrdad Farajtabar and
                  Prasenjeet Biswal and
                  Hongyuan Zha},
  title        = {DyRep: Learning Representations over Dynamic Graphs},
  booktitle    = {7th International Conference on Learning Representations, {ICLR} 2019,
                  New Orleans, LA, USA, May 6-9, 2019},
  year         = {2019},
  url          = {https://openreview.net/forum?id=HyePrhR5KX},
  timestamp    = {Thu, 25 Jul 2019 14:25:52 +0200},
  biburl       = {https://dblp.org/rec/conf/iclr/TrivediFBZ19.bib},
  bibsource    = {dblp computer science bibliography, https://dblp.org}
}

@inproceedings{Dysat,
  title={Dysat: Deep neural representation learning on dynamic graphs via self-attention networks},
  author={Sankar, Aravind and Wu, Yanhong and Gou, Liang and Zhang, Wei and Yang, Hao},
  booktitle={Proceedings of the International Conference on Web Search and Data Mining},
  pages={519--527},
  year={2020}
}

@inproceedings{Evolvegcn,
  title={Evolvegcn: Evolving graph convolutional networks for dynamic graphs},
  author={Pareja, Aldo and Domeniconi, Giacomo and Chen, Jie and Ma, Tengfei and Suzumura, Toyotaro and Kanezashi, Hiroki and Kaler, Tim and Schardl, Tao and Leiserson, Charles},
  booktitle={Proceedings of the AAAI conference on artificial intelligence},
  volume={34},
  number={04},
  pages={5363--5370},
  year={2020}
}

@article{GRNN,
  title={Variational graph recurrent neural networks},
  author={Hajiramezanali, Ehsan and Hasanzadeh, Arman and Narayanan, Krishna and Duffield, Nick and Zhou, Mingyuan and Qian, Xiaoning},
  journal={Advances in neural information processing systems},
  volume={32},
  year={2019}
}

@inproceedings{GraphMixer,
  author       = {Weilin Cong and
                  Si Zhang and
                  Jian Kang and
                  Baichuan Yuan and
                  Hao Wu and
                  Xin Zhou and
                  Hanghang Tong and
                  Mehrdad Mahdavi},
  title        = {Do We Really Need Complicated Model Architectures For Temporal Networks?},
  booktitle    = {The Eleventh International Conference on Learning Representations,
                  {ICLR} 2023, Kigali, Rwanda, May 1-5, 2023},
  year         = {2023},
  url          = {https://openreview.net/forum?id=ayPPc0SyLv1},
  timestamp    = {Wed, 24 Jul 2024 16:50:34 +0200},
  biburl       = {https://dblp.org/rec/conf/iclr/CongZKYWZTM23.bib},
  bibsource    = {dblp computer science bibliography, https://dblp.org}
}

@article{Hawkes1,
  title={Spectra of some self-exciting and mutually exciting point processes},
  author={Alan G. Hawkes},
  journal={Biometrika},
  year={1971},
  volume={58},
  pages={83-90}
}

@article{Hawkes2,
  title={The neural hawkes process: A neurally self-modulating multivariate point process},
  author={Mei, Hongyuan and Eisner, Jason M},
  journal={Advances in neural information processing systems},
  volume={30},
  year={2017}
}

@inproceedings{Jodie,
  author       = {Srijan Kumar and
                  Xikun Zhang and
                  Jure Leskovec},
  title        = {Predicting Dynamic Embedding Trajectory in Temporal Interaction Networks},
  booktitle    = {Proceedings of the 25th {ACM} {SIGKDD} International Conference on
                  Knowledge Discovery {\&} Data Mining, {KDD} 2019, Anchorage, AK,
                  USA, August 4-8, 2019},
  pages        = {1269--1278},
  year         = {2019},
  url          = {https://doi.org/10.1145/3292500.3330895},
  doi          = {10.1145/3292500.3330895},
  timestamp    = {Tue, 20 Aug 2024 07:54:44 +0200},
  biburl       = {https://dblp.org/rec/conf/kdd/KumarZL19.bib},
  bibsource    = {dblp computer science bibliography, https://dblp.org}
}

@article{LDG,
  title={Learning temporal attention in dynamic graphs with bilinear interactions},
  author={Knyazev, Boris and Augusta, Carolyn and Taylor, Graham W},
  journal={Plos one},
  volume={16},
  number={3},
  pages={e0247936},
  year={2021},
  publisher={Public Library of Science San Francisco, CA USA}
}

@inproceedings{ROLAND,
  title={ROLAND: graph learning framework for dynamic graphs},
  author={You, Jiaxuan and Du, Tianyu and Leskovec, Jure},
  booktitle={Proceedings of the 28th ACM SIGKDD conference on knowledge discovery and data mining},
  pages={2358--2366},
  year={2022}
}

@article{TCL,
  title={Tcl: Transformer-based dynamic graph modelling via contrastive learning},
  author={Wang, Lu and Chang, Xiaofu and Li, Shuang and Chu, Yunfei and Li, Hui and Zhang, Wei and He, Xiaofeng and Song, Le and Zhou, Jingren and Yang, Hongxia},
  journal={arXiv preprint arXiv:2105.07944},
  year={2021}
}

@inproceedings{TGAT,
  author       = {Da Xu and
                  Chuanwei Ruan and
                  Evren K{\"{o}}rpeoglu and
                  Sushant Kumar and
                  Kannan Achan},
  title        = {Inductive representation learning on temporal graphs},
  booktitle    = {8th International Conference on Learning Representations, {ICLR} 2020,
                  Addis Ababa, Ethiopia, April 26-30, 2020},
  year         = {2020},
  url          = {https://openreview.net/forum?id=rJeW1yHYwH},
  timestamp    = {Thu, 07 May 2020 17:11:47 +0200},
  biburl       = {https://dblp.org/rec/conf/iclr/XuRKKA20.bib},
  bibsource    = {dblp computer science bibliography, https://dblp.org}
}

@article{TGB,
  title={Temporal graph benchmark for machine learning on temporal graphs},
  author={Huang, Shenyang and Poursafaei, Farimah and Danovitch, Jacob and Fey, Matthias and Hu, Weihua and Rossi, Emanuele and Leskovec, Jure and Bronstein, Michael and Rabusseau, Guillaume and Rabbany, Reihaneh},
  journal={Advances in Neural Information Processing Systems},
  volume={36},
  year={2024}
}

@inproceedings{TGN,
    title={Temporal Graph Networks for Deep Learning on Dynamic Graphs},
    author={Emanuele Rossi and Ben Chamberlain and Fabrizio Frasca and Davide Eynard and Federico 
    Monti and Michael Bronstein},
    booktitle={ICML 2020 Workshop on Graph Representation Learning},
    year={2020}
}

@inproceedings{TREND,
  title={Trend: Temporal event and node dynamics for graph representation learning},
  author={Wen, Zhihao and Fang, Yuan},
  booktitle={Proceedings of the ACM Web Conference 2022},
  pages={1159--1169},
  year={2022}
}

@article{edgebank,
  title={Towards better evaluation for dynamic link prediction},
  author={Poursafaei, Farimah and Huang, Shenyang and Pelrine, Kellin and Rabbany, Reihaneh},
  journal={Advances in Neural Information Processing Systems},
  volume={35},
  pages={32928--32941},
  year={2022}
}

@article{gastinger2024tgb2,
  title={TGB 2.0: A Benchmark for Learning on Temporal Knowledge Graphs and Heterogeneous Graphs},
  author={Gastinger, Julia and Huang, Shenyang and Galkin, Mikhail and Loghmani, Erfan and Parviz, Ali and Poursafaei, Farimah and Danovitch, Jacob and Rossi, Emanuele and Koutis, Ioannis and Stuckenschmidt, Heiner and others},
  journal={arXiv preprint arXiv:2406.09639},
  year={2024}
}

@inproceedings{simpledyg,
  title={On the Feasibility of Simple Transformer for Dynamic Graph Modeling},
  author={Wu, Yuxia and Fang, Yuan and Liao, Lizi},
  booktitle={Proceedings of the ACM on Web Conference 2024},
  pages={870--880},
  year={2024}
}

@inproceedings{xu2019generative,
  title={Generative graph convolutional network for growing graphs},
  author={Xu, Da and Ruan, Chuanwei and Motwani, Kamiya and Korpeoglu, Evren and Kumar, Sushant and Achan, Kannan},
  booktitle={ICASSP 2019-2019 IEEE International Conference on Acoustics, Speech and Signal Processing (ICASSP)},
  pages={3167--3171},
  year={2019},
  organization={IEEE}
}

