@article{SGNNHN,
  title={Star Graph Neural Networks for Session-based Recommendation},
  author={Zhiqiang Pan and Fei Cai and Wanyu Chen and Honghui Chen and M. de Rijke},
  journal={Proceedings of the 29th ACM International Conference on Information \& Knowledge Management},
  year={2020},
  url={https://api.semanticscholar.org/CorpusID:221339954}
}

@article{LDG,
  title={Learning temporal attention in dynamic graphs with bilinear interactions},
  author={Knyazev, Boris and Augusta, Carolyn and Taylor, Graham W},
  journal={Plos one},
  volume={16},
  number={3},
  pages={e0247936},
  year={2021},
  publisher={Public Library of Science San Francisco, CA USA}
}

@inproceedings{sbert,
    title = "Sentence-{BERT}: Sentence Embeddings using {S}iamese {BERT}-Networks",
    author = "Reimers, Nils  and
      Gurevych, Iryna",
    editor = "Inui, Kentaro  and
      Jiang, Jing  and
      Ng, Vincent  and
      Wan, Xiaojun",
    booktitle = "Proceedings of the 2019 Conference on Empirical Methods in Natural Language Processing and the 9th International Joint Conference on Natural Language Processing (EMNLP-IJCNLP)",
    month = nov,
    year = "2019",
    address = "Hong Kong, China",
    publisher = "Association for Computational Linguistics",
    url = "https://aclanthology.org/D19-1410/",
    doi = "10.18653/v1/D19-1410",
    pages = "3982--3992",
}

@inproceedings{masked,
  author       = {Ming Li and
                  Mozhdeh Ariannezhad and
                  Andrew Yates and
                  Maarten de Rijke},
  title        = {Masked and Swapped Sequence Modeling for Next Novel Basket Recommendation
                  in Grocery Shopping},
  booktitle    = {Proceedings of the 17th {ACM} Conference on Recommender Systems, RecSys
                  2023, Singapore, Singapore, September 18-22, 2023},
  pages        = {35--46},
  year         = {2023},
  url          = {https://doi.org/10.1145/3604915.3608803},
  doi          = {10.1145/3604915.3608803},
  timestamp    = {Tue, 30 Jul 2024 20:55:53 +0200},
  biburl       = {https://dblp.org/rec/conf/recsys/LiAYR23.bib},
  bibsource    = {dblp computer science bibliography, https://dblp.org}
}

@inproceedings{TREND,
  title={Trend: Temporal event and node dynamics for graph representation learning},
  author={Wen, Zhihao and Fang, Yuan},
  booktitle={Proceedings of the ACM Web Conference 2022},
  pages={1159--1169},
  year={2022}
}

@inproceedings{Copy,
author = {Chang, Haw-Shiuan and Agarwal, Nikhil and McCallum, Andrew},
title = {To Copy, or not to Copy; That is a Critical Issue of the Output Softmax Layer in Neural Sequential Recommenders},
year = {2024},
isbn = {9798400703713},
publisher = {Association for Computing Machinery},
address = {New York, NY, USA},
url = {https://doi.org/10.1145/3616855.3635755},
doi = {10.1145/3616855.3635755},
booktitle = {Proceedings of the 17th ACM International Conference on Web Search and Data Mining},
pages = {67–76},
numpages = {10},
keywords = {collaborative filtering, neural network, repeated recommendations, sequential recommendation, softmax bottleneck},
location = {Merida, Mexico},
series = {WSDM '24}
}

@inproceedings{RepeatFood,
author = {Li, Jiayu and Sun, Aixin and Ma, Weizhi and Sun, Peijie and Zhang, Min},
title = {Right Tool, Right Job: Recommendation for Repeat and Exploration Consumption in Food Delivery},
year = {2024},
isbn = {9798400705052},
publisher = {Association for Computing Machinery},
address = {New York, NY, USA},
url = {https://doi.org/10.1145/3640457.3688119},
doi = {10.1145/3640457.3688119},
booktitle = {Proceedings of the 18th ACM Conference on Recommender Systems},
pages = {643–653},
numpages = {11},
keywords = {Context-aware Recommendation, Food Delivery Recommendation, Repeat Consumption, User Behavior Modeling},
location = {Bari, Italy},
series = {RecSys '24}
}

@inproceedings{RepetitionSR,
author = {Li, Ming and Vardasbi, Ali and Yates, Andrew and de Rijke, Maarten},
title = {Repetition and Exploration in Sequential Recommendation},
year = {2023},
isbn = {9781450394086},
publisher = {Association for Computing Machinery},
address = {New York, NY, USA},
url = {https://doi.org/10.1145/3539618.3591914},
doi = {10.1145/3539618.3591914},
booktitle = {Proceedings of the 46th International ACM SIGIR Conference on Research and Development in Information Retrieval},
pages = {2532–2541},
numpages = {10},
keywords = {explore exposure, repetition and exploration, sequential recommendation},
location = {Taipei, Taiwan},
series = {SIGIR '23}
}

@inproceedings{RepeatNet,
  author       = {Pengjie Ren and
                  Zhumin Chen and
                  Jing Li and
                  Zhaochun Ren and
                  Jun Ma and
                  Maarten de Rijke},
  title        = {RepeatNet: {A} Repeat Aware Neural Recommendation Machine for Session-Based
                  Recommendation},
  booktitle    = {The Thirty-Third {AAAI} Conference on Artificial Intelligence, {AAAI}
                  2019, The Thirty-First Innovative Applications of Artificial Intelligence
                  Conference, {IAAI} 2019, The Ninth {AAAI} Symposium on Educational
                  Advances in Artificial Intelligence, {EAAI} 2019, Honolulu, Hawaii,
                  USA, January 27 - February 1, 2019},
  pages        = {4806--4813},
  year         = {2019},
  url          = {https://doi.org/10.1609/aaai.v33i01.33014806},
  doi          = {10.1609/AAAI.V33I01.33014806},
  timestamp    = {Mon, 04 Sep 2023 12:29:24 +0200},
  biburl       = {https://dblp.org/rec/conf/aaai/RenCLR0R19.bib},
  bibsource    = {dblp computer science bibliography, https://dblp.org}
}

@inproceedings{simpledyg,
  title={On the Feasibility of Simple Transformer for Dynamic Graph Modeling},
  author={Wu, Yuxia and Fang, Yuan and Liao, Lizi},
  booktitle={Proceedings of the ACM on Web Conference 2024},
  pages={870--880},
  year={2024}
}

@article{Hawkes1,
  title={Spectra of some self-exciting and mutually exciting point processes},
  author={Alan G. Hawkes},
  journal={Biometrika},
  year={1971},
  volume={58},
  pages={83-90}
}

@article{Hawkes2,
  title={The neural hawkes process: A neurally self-modulating multivariate point process},
  author={Mei, Hongyuan and Eisner, Jason M},
  journal={Advances in neural information processing systems},
  volume={30},
  year={2017}
}

@inproceedings{TGN,
    title={Temporal Graph Networks for Deep Learning on Dynamic Graphs},
    author={Emanuele Rossi and Ben Chamberlain and Fabrizio Frasca and Davide Eynard and Federico 
    Monti and Michael Bronstein},
    booktitle={ICML 2020 Workshop on Graph Representation Learning},
    year={2020}
}


@inproceedings{Jodie,
  author       = {Srijan Kumar and
                  Xikun Zhang and
                  Jure Leskovec},
  title        = {Predicting Dynamic Embedding Trajectory in Temporal Interaction Networks},
  booktitle    = {Proceedings of the 25th {ACM} {SIGKDD} International Conference on
                  Knowledge Discovery {\&} Data Mining, {KDD} 2019, Anchorage, AK,
                  USA, August 4-8, 2019},
  pages        = {1269--1278},
  year         = {2019},
  url          = {https://doi.org/10.1145/3292500.3330895},
  doi          = {10.1145/3292500.3330895},
  timestamp    = {Tue, 20 Aug 2024 07:54:44 +0200},
  biburl       = {https://dblp.org/rec/conf/kdd/KumarZL19.bib},
  bibsource    = {dblp computer science bibliography, https://dblp.org}
}


@inproceedings{CAWN,
  author       = {Yanbang Wang and
                  Yen{-}Yu Chang and
                  Yunyu Liu and
                  Jure Leskovec and
                  Pan Li},
  title        = {Inductive Representation Learning in Temporal Networks via Causal
                  Anonymous Walks},
  booktitle    = {9th International Conference on Learning Representations, {ICLR} 2021,
                  Virtual Event, Austria, May 3-7, 2021},
  year         = {2021},
  url          = {https://openreview.net/forum?id=KYPz4YsCPj},
  timestamp    = {Wed, 23 Jun 2021 17:36:39 +0200},
  biburl       = {https://dblp.org/rec/conf/iclr/WangCLL021.bib},
  bibsource    = {dblp computer science bibliography, https://dblp.org}
}


@inproceedings{TGAT,
  author       = {Da Xu and
                  Chuanwei Ruan and
                  Evren K{\"{o}}rpeoglu and
                  Sushant Kumar and
                  Kannan Achan},
  title        = {Inductive representation learning on temporal graphs},
  booktitle    = {8th International Conference on Learning Representations, {ICLR} 2020,
                  Addis Ababa, Ethiopia, April 26-30, 2020},
  year         = {2020},
  url          = {https://openreview.net/forum?id=rJeW1yHYwH},
  timestamp    = {Thu, 07 May 2020 17:11:47 +0200},
  biburl       = {https://dblp.org/rec/conf/iclr/XuRKKA20.bib},
  bibsource    = {dblp computer science bibliography, https://dblp.org}
}

@inproceedings{GraphMixer,
  author       = {Weilin Cong and
                  Si Zhang and
                  Jian Kang and
                  Baichuan Yuan and
                  Hao Wu and
                  Xin Zhou and
                  Hanghang Tong and
                  Mehrdad Mahdavi},
  title        = {Do We Really Need Complicated Model Architectures For Temporal Networks?},
  booktitle    = {The Eleventh International Conference on Learning Representations,
                  {ICLR} 2023, Kigali, Rwanda, May 1-5, 2023},
  year         = {2023},
  url          = {https://openreview.net/forum?id=ayPPc0SyLv1},
  timestamp    = {Wed, 24 Jul 2024 16:50:34 +0200},
  biburl       = {https://dblp.org/rec/conf/iclr/CongZKYWZTM23.bib},
  bibsource    = {dblp computer science bibliography, https://dblp.org}
}

@article{DyGLib_TGB,
  title={An empirical evaluation of temporal graph benchmark},
  author={Yu, Le},
  journal={arXiv preprint arXiv:2307.12510},
  year={2023}
}

@article{TGB,
  title={Temporal graph benchmark for machine learning on temporal graphs},
  author={Huang, Shenyang and Poursafaei, Farimah and Danovitch, Jacob and Fey, Matthias and Hu, Weihua and Rossi, Emanuele and Leskovec, Jure and Bronstein, Michael and Rabusseau, Guillaume and Rabbany, Reihaneh},
  journal={Advances in Neural Information Processing Systems},
  volume={36},
  year={2024}
}

@article{knowledgecompletion,
  title={A survey on knowledge graph embeddings for link prediction},
  author={Wang, Meihong and Qiu, Linling and Wang, Xiaoli},
  journal={Symmetry},
  volume={13},
  number={3},
  pages={485},
  year={2021},
  publisher={MDPI}
}

@inproceedings{whotofollow,
  title={Wtf: The who to follow service at twitter},
  author={Gupta, Pankaj and Goel, Ashish and Lin, Jimmy and Sharma, Aneesh and Wang, Dong and Zadeh, Reza},
  booktitle={Proceedings of the 22nd international conference on World Wide Web},
  pages={505--514},
  year={2013}
}

@inproceedings{bai2020temporal,
  title={Temporal graph neural networks for social recommendation},
  author={Bai, Ting and Zhang, Youjie and Wu, Bin and Nie, Jian-Yun},
  booktitle={2020 IEEE International Conference on Big Data (Big Data)},
  pages={898--903},
  year={2020},
  organization={IEEE}
}

@inproceedings{financial,
  title={Temporal graph learning for financial world: Algorithms, scalability, explainability \& fairness},
  author={Rajput, Nitendra and Singh, Karamjit},
  booktitle={Proceedings of the 28th ACM SIGKDD Conference on Knowledge Discovery and Data Mining},
  pages={4818--4819},
  year={2022}
}

@article{future_link_prediction,
  title={Temporal link prediction: A survey},
  author={Divakaran, Aswathy and Mohan, Anuraj},
  journal={New Generation Computing},
  volume={38},
  number={1},
  pages={213--258},
  year={2020},
  publisher={Springer}
}

@article{app_social,
  title={Applications of link prediction in social networks: A review},
  author={Daud, Nur Nasuha and Ab Hamid, Siti Hafizah and Saadoon, Muntadher and Sahran, Firdaus and Anuar, Nor Badrul},
  journal={Journal of Network and Computer Applications},
  volume={166},
  pages={102716},
  year={2020},
  publisher={Elsevier}
}
  
@article{zheng2024survey,
  title={A survey of dynamic graph neural networks},
  author={Zheng, Yanping and Yi, Lu and Wei, Zhewei},
  journal={arXiv preprint arXiv:2404.18211},
  year={2024}
}


@inproceedings{flickr,
  title={A measurement-driven analysis of information propagation in the flickr social network},
  author={Cha, Meeyoung and Mislove, Alan and Gummadi, Krishna P},
  booktitle={Proceedings of the 18th international conference on World wide web},
  pages={721--730},
  year={2009}
}


@misc{patent,
  title={The NBER patent citation data file: Lessons, insights and methodological tools},
  author={Hall, Bronwyn H and Jaffe, Adam B and Trajtenberg, Manuel},
  year={2001},
  publisher={National Bureau of Economic Research Cambridge, Mass., USA}
}

@article{wikilink1,
  title={Ubicrawler: A scalable fully distributed web crawler},
  author={Boldi, Paolo and Codenotti, Bruno and Santini, Massimo and Vigna, Sebastiano},
  journal={Software: Practice and Experience},
  volume={34},
  number={8},
  pages={711--726},
  year={2004},
  publisher={Wiley Online Library}
}


@article{barabasi2013network,
  title={Network science},
  author={Barab{\'a}si, Albert-L{\'a}szl{\'o}},
  journal={Philosophical Transactions of the Royal Society A: Mathematical, Physical and Engineering Sciences},
  volume={371},
  number={1987},
  pages={20120375},
  year={2013},
  publisher={The Royal Society Publishing}
}

@inproceedings{wikilink3,
  title={The webgraph framework I: compression techniques},
  author={Boldi, Paolo and Vigna, Sebastiano},
  booktitle={Proceedings of the 13th international conference on World Wide Web},
  pages={595--602},
  year={2004}
}

@inproceedings{wikilink2,
  title={Layered label propagation: A multiresolution coordinate-free ordering for compressing social networks},
  author={Boldi, Paolo and Rosa, Marco and Santini, Massimo and Vigna, Sebastiano},
  booktitle={Proceedings of the 20th international conference on World Wide Web},
  pages={587--596},
  year={2011}
}

@inproceedings{youtube,
  title={Measurement and analysis of online social networks},
  author={Mislove, Alan and Marcon, Massimiliano and Gummadi, Krishna P and Druschel, Peter and Bhattacharjee, Bobby},
  booktitle={Proceedings of the 7th ACM SIGCOMM conference on Internet measurement},
  pages={29--42},
  year={2007}
}

@article{TCL,
  title={Tcl: Transformer-based dynamic graph modelling via contrastive learning},
  author={Wang, Lu and Chang, Xiaofu and Li, Shuang and Chu, Yunfei and Li, Hui and Zhang, Wei and He, Xiaofeng and Song, Le and Zhou, Jingren and Yang, Hongxia},
  journal={arXiv preprint arXiv:2105.07944},
  year={2021}
}

@inproceedings{DyRep,
  author       = {Rakshit Trivedi and
                  Mehrdad Farajtabar and
                  Prasenjeet Biswal and
                  Hongyuan Zha},
  title        = {DyRep: Learning Representations over Dynamic Graphs},
  booktitle    = {7th International Conference on Learning Representations, {ICLR} 2019,
                  New Orleans, LA, USA, May 6-9, 2019},
  year         = {2019},
  url          = {https://openreview.net/forum?id=HyePrhR5KX},
  timestamp    = {Thu, 25 Jul 2019 14:25:52 +0200},
  biburl       = {https://dblp.org/rec/conf/iclr/TrivediFBZ19.bib},
  bibsource    = {dblp computer science bibliography, https://dblp.org}
}

@inproceedings{Taobao1,
  title={Learning tree-based deep model for recommender systems},
  author={Zhu, Han and Li, Xiang and Zhang, Pengye and Li, Guozheng and He, Jie and Li, Han and Gai, Kun},
  booktitle={Proceedings of the 24th ACM SIGKDD international conference on knowledge discovery \& data mining},
  pages={1079--1088},
  year={2018}
}

@article{Taobao2,
  title={Joint optimization of tree-based index and deep model for recommender systems},
  author={Zhu, Han and Chang, Daqing and Xu, Ziru and Zhang, Pengye and Li, Xiang and He, Jie and Li, Han and Xu, Jian and Gai, Kun},
  journal={Advances in Neural Information Processing Systems},
  volume={32},
  year={2019}
}

@inproceedings{knowledgegraph,
  title={Inductive relation prediction by subgraph reasoning},
  author={Teru, Komal and Denis, Etienne and Hamilton, Will},
  booktitle={International Conference on Machine Learning},
  pages={9448--9457},
  year={2020},
  organization={PMLR}
}

@inproceedings{HOT,
  title={HOT: Higher-Order Dynamic Graph Representation Learning with Efficient Transformers},
  author={Besta, Maciej and Catarino, Afonso Claudino and Gianinazzi, Lukas and Blach, Nils and Nyczyk, Piotr and Niewiadomski, Hubert and Hoefler, Torsten},
  booktitle={Learning on Graphs Conference},
  pages={15--1},
  year={2024},
  organization={PMLR}
}

@inproceedings{Taobao3,
  title={Learning optimal tree models under beam search},
  author={Zhuo, Jingwei and Xu, Ziru and Dai, Wei and Zhu, Han and Li, Han and Xu, Jian and Gai, Kun},
  booktitle={International Conference on Machine Learning},
  pages={11650--11659},
  year={2020},
  organization={PMLR}
}

@inproceedings{googlelocal1,
  author       = {Jiacheng Li and
                  Jingbo Shang and
                  Julian J. McAuley},
  title        = {UCTopic: Unsupervised Contrastive Learning for Phrase Representations
                  and Topic Mining},
  booktitle    = {Proceedings of the 60th Annual Meeting of the Association for Computational
                  Linguistics (Volume 1: Long Papers), {ACL} 2022, Dublin, Ireland,
                  May 22-27, 2022},
  pages        = {6159--6169},
  year         = {2022},
  url          = {https://doi.org/10.18653/v1/2022.acl-long.426},
  doi          = {10.18653/V1/2022.ACL-LONG.426},
  timestamp    = {Mon, 26 Aug 2024 08:20:06 +0200},
  biburl       = {https://dblp.org/rec/conf/acl/LiSM22.bib},
  bibsource    = {dblp computer science bibliography, https://dblp.org}
}

@article{attention,
  title={Attention is all you need},
  author={Vaswani, A},
  journal={Advances in Neural Information Processing Systems},
  year={2017}
}

@article{tolstikhin2021mlp,
  title={Mlp-mixer: An all-mlp architecture for vision},
  author={Tolstikhin, Ilya O and Houlsby, Neil and Kolesnikov, Alexander and Beyer, Lucas and Zhai, Xiaohua and Unterthiner, Thomas and Yung, Jessica and Steiner, Andreas and Keysers, Daniel and Uszkoreit, Jakob and others},
  journal={Advances in neural information processing systems},
  volume={34},
  pages={24261--24272},
  year={2021}
}

@inproceedings{googlelocal2,
  title={Personalized showcases: Generating multi-modal explanations for recommendations},
  author={Yan, An and He, Zhankui and Li, Jiacheng and Zhang, Tianyang and McAuley, Julian},
  booktitle={Proceedings of the 46th International ACM SIGIR Conference on Research and Development in Information Retrieval},
  pages={2251--2255},
  year={2023}
}

@inproceedings{NCF,
  title={Neural collaborative filtering},
  author={He, Xiangnan and Liao, Lizi and Zhang, Hanwang and Nie, Liqiang and Hu, Xia and Chua, Tat-Seng},
  booktitle={Proceedings of the 26th international conference on world wide web},
  pages={173--182},
  year={2017}
}

@article{LSTM,
  title={Long short-term memory},
  author={Graves, Alex and Graves, Alex},
  journal={Supervised sequence labelling with recurrent neural networks},
  pages={37--45},
  year={2012},
  publisher={Springer}
}

@inproceedings{DGNN,
  title={Streaming graph neural networks},
  author={Ma, Yao and Guo, Ziyi and Ren, Zhaocun and Tang, Jiliang and Yin, Dawei},
  booktitle={Proceedings of the 43rd international ACM SIGIR conference on research and development in information retrieval},
  pages={719--728},
  year={2020}
}

@inproceedings{GRU,
  author       = {Kyunghyun Cho and
                  Bart van Merrienboer and
                  {\c{C}}aglar G{\"{u}}l{\c{c}}ehre and
                  Dzmitry Bahdanau and
                  Fethi Bougares and
                  Holger Schwenk and
                  Yoshua Bengio},
  title        = {Learning Phrase Representations using {RNN} Encoder-Decoder for Statistical
                  Machine Translation},
  booktitle    = {Proceedings of the 2014 Conference on Empirical Methods in Natural
                  Language Processing, {EMNLP} 2014, October 25-29, 2014, Doha, Qatar,
                  {A} meeting of SIGDAT, a Special Interest Group of the {ACL}},
  pages        = {1724--1734},
  year         = {2014},
  url          = {https://doi.org/10.3115/v1/d14-1179},
  doi          = {10.3115/V1/D14-1179},
  timestamp    = {Fri, 06 Aug 2021 00:40:23 +0200},
  biburl       = {https://dblp.org/rec/conf/emnlp/ChoMGBBSB14.bib},
  bibsource    = {dblp computer science bibliography, https://dblp.org}
}
@inproceedings{RNN,
  title={Recurrent recommender networks},
  author={Wu, Chao-Yuan and Ahmed, Amr and Beutel, Alex and Smola, Alexander J and Jing, How},
  booktitle={Proceedings of the tenth ACM international conference on web search and data mining},
  pages={495--503},
  year={2017}
}


@article{evaluating,
  title={Evaluating link prediction methods},
  author={Yang, Yang and Lichtenwalter, Ryan N and Chawla, Nitesh V},
  journal={Knowledge and Information Systems},
  volume={45},
  pages={751--782},
  year={2015},
  publisher={Springer}
}

@inproceedings{SASRec,
  title={Self-attentive sequential recommendation},
  author={Kang, Wang-Cheng and McAuley, Julian},
  booktitle={2018 IEEE international conference on data mining (ICDM)},
  pages={197--206},
  year={2018},
  organization={IEEE}
}

@inproceedings{DyGFormer,
  author       = {Le Yu and
                  Leilei Sun and
                  Bowen Du and
                  Weifeng Lv},
  title        = {Towards Better Dynamic Graph Learning: New Architecture and Unified
                  Library},
  booktitle    = {Advances in Neural Information Processing Systems 36: Annual Conference
                  on Neural Information Processing Systems 2023, NeurIPS 2023, New Orleans,
                  LA, USA, December 10 - 16, 2023},
  year         = {2023},
  url          = {http://papers.nips.cc/paper\_files/paper/2023/hash/d611019afba70d547bd595e8a4158f55-Abstract-Conference.html},
  timestamp    = {Fri, 01 Mar 2024 16:26:21 +0100},
  biburl       = {https://dblp.org/rec/conf/nips/0004S0L23.bib},
  bibsource    = {dblp computer science bibliography, https://dblp.org}
}

@article{edgebank,
  title={Towards better evaluation for dynamic link prediction},
  author={Poursafaei, Farimah and Huang, Shenyang and Pelrine, Kellin and Rabbany, Reihaneh},
  journal={Advances in Neural Information Processing Systems},
  volume={35},
  pages={32928--32941},
  year={2022}
}

@article{mach_survey,
  author       = {Seyed Mehran Kazemi and
                  Rishab Goel and
                  Kshitij Jain and
                  Ivan Kobyzev and
                  Akshay Sethi and
                  Peter Forsyth and
                  Pascal Poupart},
  title        = {Representation Learning for Dynamic Graphs: {A} Survey},
  journal      = {J. Mach. Learn. Res.},
  volume       = {21},
  pages        = {70:1--70:73},
  year         = {2020},
  url          = {https://jmlr.org/papers/v21/19-447.html},
  timestamp    = {Wed, 11 Sep 2024 14:41:28 +0200},
  biburl       = {https://dblp.org/rec/journals/jmlr/KazemiGJKSFP20.bib},
  bibsource    = {dblp computer science bibliography, https://dblp.org}
}

@article{Skarding_survey,
  author       = {Joakim Skarding and
                  Bogdan Gabrys and
                  Katarzyna Musial},
  title        = {Foundations and Modeling of Dynamic Networks Using Dynamic Graph Neural
                  Networks: {A} Survey},
  journal      = {{IEEE} Access},
  volume       = {9},
  pages        = {79143--79168},
  year         = {2021},
  url          = {https://doi.org/10.1109/ACCESS.2021.3082932},
  doi          = {10.1109/ACCESS.2021.3082932},
  timestamp    = {Tue, 15 Jun 2021 17:20:54 +0200},
  biburl       = {https://dblp.org/rec/journals/access/SkardingGM21.bib},
  bibsource    = {dblp computer science bibliography, https://dblp.org}
}

@inproceedings{Benchtemp,
  title={Benchtemp: A general benchmark for evaluating temporal graph neural networks},
  author={Huang, Qiang and Wang, Xin and Rao, Susie Xi and Han, Zhichao and Zhang, Zitao and He, Yongjun and Xu, Quanqing and Zhao, Yang and Zheng, Zhigao and Jiang, Jiawei},
  booktitle={2024 IEEE 40th International Conference on Data Engineering (ICDE)},
  pages={4044--4057},
  year={2024},
  organization={IEEE}
}

@article{TGL,
  title={TGL: a general framework for temporal GNN training on billion-scale graphs},
  author={Zhou, Hongkuan and Zheng, Da and Nisa, Israt and Ioannidis, Vasileios and Song, Xiang and Karypis, George},
  journal={Proceedings of the VLDB Endowment},
  volume={15},
  number={8},
  pages={1572--1580},
  year={2022},
  publisher={VLDB Endowment}
}

@article{GRNN,
  title={Variational graph recurrent neural networks},
  author={Hajiramezanali, Ehsan and Hasanzadeh, Arman and Narayanan, Krishna and Duffield, Nick and Zhou, Mingyuan and Qian, Xiaoning},
  journal={Advances in neural information processing systems},
  volume={32},
  year={2019}
}

@inproceedings{xu2019generative,
  title={Generative graph convolutional network for growing graphs},
  author={Xu, Da and Ruan, Chuanwei and Motwani, Kamiya and Korpeoglu, Evren and Kumar, Sushant and Achan, Kannan},
  booktitle={ICASSP 2019-2019 IEEE International Conference on Acoustics, Speech and Signal Processing (ICASSP)},
  pages={3167--3171},
  year={2019},
  organization={IEEE}
}

@inproceedings{Evolvegcn,
  title={Evolvegcn: Evolving graph convolutional networks for dynamic graphs},
  author={Pareja, Aldo and Domeniconi, Giacomo and Chen, Jie and Ma, Tengfei and Suzumura, Toyotaro and Kanezashi, Hiroki and Kaler, Tim and Schardl, Tao and Leiserson, Charles},
  booktitle={Proceedings of the AAAI conference on artificial intelligence},
  volume={34},
  number={04},
  pages={5363--5370},
  year={2020}
}

@inproceedings{ROLAND,
  title={ROLAND: graph learning framework for dynamic graphs},
  author={You, Jiaxuan and Du, Tianyu and Leskovec, Jure},
  booktitle={Proceedings of the 28th ACM SIGKDD conference on knowledge discovery and data mining},
  pages={2358--2366},
  year={2022}
}

@inproceedings{Dysat,
  title={Dysat: Deep neural representation learning on dynamic graphs via self-attention networks},
  author={Sankar, Aravind and Wu, Yanhong and Gou, Liang and Zhang, Wei and Yang, Hao},
  booktitle={Proceedings of the International Conference on Web Search and Data Mining},
  pages={519--527},
  year={2020}
}

@inproceedings{APAN,
  title={Apan: Asynchronous propagation attention network for real-time temporal graph embedding},
  author={Wang, Xuhong and Lyu, Ding and Li, Mengjian and Xia, Yang and Yang, Qi and Wang, Xinwen and Wang, Xinguang and Cui, Ping and Yang, Yupu and Sun, Bowen and others},
  booktitle={Proceedings of the 2021 international conference on management of data},
  pages={2628--2638},
  year={2021}
}

@article{gastinger2024tgb2,
  title={TGB 2.0: A Benchmark for Learning on Temporal Knowledge Graphs and Heterogeneous Graphs},
  author={Gastinger, Julia and Huang, Shenyang and Galkin, Mikhail and Loghmani, Erfan and Parviz, Ali and Poursafaei, Farimah and Danovitch, Jacob and Rossi, Emanuele and Koutis, Ioannis and Stuckenschmidt, Heiner and others},
  journal={arXiv preprint arXiv:2406.09639},
  year={2024}
}