@article{wei2022emergent,
  title={Emergent abilities of large language models},
  author={Wei, Jason and Tay, Yi and Bommasani, Rishi and Raffel, Colin and Zoph, Barret and Borgeaud, Sebastian and Yogatama, Dani and Bosma, Maarten and Zhou, Denny and Metzler, Donald and others},
  journal={arXiv preprint arXiv:2206.07682},
  year={2022}
}

@article{webb2023emergent,
  title={Emergent analogical reasoning in large language models},
  author={Webb, Taylor and Holyoak, Keith J and Lu, Hongjing},
  journal={Nature Human Behaviour},
  volume={7},
  number={9},
  pages={1526--1541},
  year={2023},
  publisher={Nature Publishing Group UK London}
}

@article{musker2024semantic,
  title={Semantic Structure-Mapping in LLM and Human Analogical Reasoning},
  author={Musker, Sam and Duchnowski, Alex and Milli\`ere, Rapha\"el and Pavlick, Ellie},
  journal={arXiv preprint arXiv:2406.13803},
  year={2024}
}


@article{mirchandani2023large,
  title={Large language models as general pattern machines},
  author={Mirchandani, Suvir and Xia, Fei and Florence, Pete and Ichter, Brian and Driess, Danny and Arenas, Montserrat Gonzalez and Rao, Kanishka and Sadigh, Dorsa and Zeng, Andy},
  journal={arXiv preprint arXiv:2307.04721},
  year={2023}
}

@article{webb2024evidence,
  title={Evidence from counterfactual tasks supports emergent analogical reasoning in large language models},
  author={Webb, Taylor and Holyoak, Keith J and Lu, Hongjing},
  journal={arXiv preprint arXiv:2404.13070},
  year={2024}
}

@article{wu2023reasoning,
  title={Reasoning or reciting? exploring the capabilities and limitations of language models through counterfactual tasks},
  author={Wu, Zhaofeng and Qiu, Linlu and Ross, Alexis and Aky{\"u}rek, Ekin and Chen, Boyuan and Wang, Bailin and Kim, Najoung and Andreas, Jacob and Kim, Yoon},
  journal={arXiv preprint arXiv:2307.02477},
  year={2023}
}

@article{lewis2024evaluating,
  title={Evaluating the Robustness of Analogical Reasoning in Large Language Models},
  author={Lewis, Martha and Mitchell, Melanie},
  journal={arXiv preprint arXiv:2411.14215},
  year={2024}
}

@article{mccoy2023embers,
  title={Embers of autoregression: Understanding large language models through the problem they are trained to solve},
  author={McCoy, R Thomas and Yao, Shunyu and Friedman, Dan and Hardy, Matthew and Griffiths, Thomas L},
  journal={arXiv preprint arXiv:2309.13638},
  year={2023}
}

@article{momennejad2024evaluating,
  title={Evaluating cognitive maps and planning in large language models with CogEval},
  author={Momennejad, Ida and Hasanbeig, Hosein and Vieira Frujeri, Felipe and Sharma, Hiteshi and Jojic, Nebojsa and Palangi, Hamid and Ness, Robert and Larson, Jonathan},
  journal={Advances in Neural Information Processing Systems},
  volume={36},
  year={2024}
}

@article{dziri2024faith,
  title={Faith and fate: Limits of transformers on compositionality},
  author={Dziri, Nouha and Lu, Ximing and Sclar, Melanie and Li, Xiang Lorraine and Jiang, Liwei and Lin, Bill Yuchen and Welleck, Sean and West, Peter and Bhagavatula, Chandra and Le Bras, Ronan and others},
  journal={Advances in Neural Information Processing Systems},
  volume={36},
  year={2024}
}

@book{marcus2001algebraic,
  title={The algebraic mind: Integrating connectionism and cognitive science},
  author={Marcus, Gary F},
  year={2001},
  publisher={MIT press}
}

@article{dehaene2022symbols,
  title={Symbols and mental programs: a hypothesis about human singularity},
  author={Dehaene, Stanislas and Al Roumi, Fosca and Lakretz, Yair and Planton, Samuel and Sabl{\'e}-Meyer, Mathias},
  journal={Trends in Cognitive Sciences},
  volume={26},
  number={9},
  pages={751--766},
  year={2022},
  publisher={Elsevier}
}

@article{wong2023word,
  title={From word models to world models: Translating from natural language to the probabilistic language of thought},
  author={Wong, Lionel and Grand, Gabriel and Lew, Alexander K and Goodman, Noah D and Mansinghka, Vikash K and Andreas, Jacob and Tenenbaum, Joshua B},
  journal={arXiv preprint arXiv:2306.12672},
  year={2023}
}

@article{smolensky1990tensor,
  title={Tensor product variable binding and the representation of symbolic structures in connectionist systems},
  author={Smolensky, Paul},
  journal={Artificial intelligence},
  volume={46},
  number={1-2},
  pages={159--216},
  year={1990},
  publisher={Elsevier}
}

@article{hummel2003symbolic,
  title={A symbolic-connectionist theory of relational inference and generalization.},
  author={Hummel, John E and Holyoak, Keith J},
  journal={Psychological review},
  volume={110},
  number={2},
  pages={220},
  year={2003},
  publisher={American Psychological Association}
}

@article{kriete2013indirection,
  title={Indirection and symbol-like processing in the prefrontal cortex and basal ganglia},
  author={Kriete, Trenton and Noelle, David C and Cohen, Jonathan D and O’Reilly, Randall C},
  journal={Proceedings of the National Academy of Sciences},
  volume={110},
  number={41},
  pages={16390--16395},
  year={2013},
  publisher={National Acad Sciences}
}

@article{webb2020emergent,
  title={Emergent symbols through binding in external memory},
  author={Webb, Taylor W and Sinha, Ishan and Cohen, Jonathan D},
  journal={arXiv preprint arXiv:2012.14601},
  year={2020}
}

@article{altabaa2023abstractors,
  title={Abstractors and relational cross-attention: An inductive bias for explicit relational reasoning in Transformers},
  author={Altabaa, Awni and Webb, Taylor and Cohen, Jonathan and Lafferty, John},
  journal={arXiv preprint arXiv:2304.00195},
  year={2023}
}

@article{webb2024relational,
  title={The relational bottleneck as an inductive bias for efficient abstraction},
  author={Webb, Taylor W and Frankland, Steven M and Altabaa, Awni and Segert, Simon and Krishnamurthy, Kamesh and Campbell, Declan and Russin, Jacob and Giallanza, Tyler and O’Reilly, Randall and Lafferty, John and others},
  journal={Trends in Cognitive Sciences},
  year={2024},
  publisher={Elsevier}
}

@article{vaswani2017attention,
  title={Attention is all you need},
  author={Vaswani, Ashish and Shazeer, Noam and Parmar, Niki and Uszkoreit, Jakob and Jones, Llion and Gomez, Aidan N and others},
  journal={Advances in neural information processing systems},
  volume={30},
  number={1},
  pages={261--272},
  year={2017}
}

@article{brown2020language,
  title={Language models are few-shot learners},
  author={Brown, Tom and Mann, Benjamin and Ryder, Nick and Subbiah, Melanie and Kaplan, Jared D and Dhariwal, Prafulla and Neelakantan, Arvind and Shyam, Pranav and Sastry, Girish and Askell, Amanda and others},
  journal={Advances in neural information processing systems},
  volume={33},
  pages={1877--1901},
  year={2020}
}

@article{dubey2024llama,
  title={The llama 3 herd of models},
  author={Dubey, Abhimanyu and Jauhri, Abhinav and Pandey, Abhinav and Kadian, Abhishek and Al-Dahle, Ahmad and Letman, Aiesha and Mathur, Akhil and Schelten, Alan and Yang, Amy and Fan, Angela and others},
  journal={arXiv preprint arXiv:2407.21783},
  year={2024}
}

@article{marcus1999rule,
  title={Rule learning by seven-month-old infants},
  author={Marcus, Gary F and Vijayan, Sugumaran and Bandi Rao, Shoba and Vishton, Peter M},
  journal={Science},
  volume={283},
  number={5398},
  pages={77--80},
  year={1999},
  publisher={American Association for the Advancement of Science}
}

@article{geambașu2023robustness,
  title={Robustness of the rule-learning effect in 7-month-old infants: A close, multicenter replication of Marcus et al.(1999)},
  author={Geambașu, Andreea and Spit, Sybren and van Renswoude, Daan and Blom, Elma and Fikkert, Paula JPM and Hunnius, Sabine and Junge, Caroline CMM and Verhagen, Josje and Visser, Ingmar and Wijnen, Frank and others},
  journal={Developmental Science},
  volume={26},
  number={1},
  pages={e13244},
  year={2023},
  publisher={Wiley Online Library}
}

@article{altabaa2024approximation,
  title={Approximation of relation functions and attention mechanisms},
  author={Altabaa, Awni and Lafferty, John},
  journal={arXiv preprint arXiv:2402.08856},
  year={2024}
}

@article{olsson2022context,
  title={In-context learning and induction heads},
  author={Olsson, Catherine and Elhage, Nelson and Nanda, Neel and Joseph, Nicholas and DasSarma, Nova and Henighan, Tom and Mann, Ben and Askell, Amanda and Bai, Yuntao and Chen, Anna and others},
  journal={arXiv preprint arXiv:2209.11895},
  year={2022}
}

@article{elhage2021mathematical,
   title={A Mathematical Framework for Transformer Circuits},
   author={Elhage, Nelson and Nanda, Neel and Olsson, Catherine and Henighan, Tom and Joseph, Nicholas and Mann, Ben and Askell, Amanda and Bai, Yuntao and Chen, Anna and Conerly, Tom and DasSarma, Nova and Drain, Dawn and Ganguli, Deep and Hatfield-Dodds, Zac and Hernandez, Danny and Jones, Andy and Kernion, Jackson and Lovitt, Liane and Ndousse, Kamal and Amodei, Dario and Brown, Tom and Clark, Jack and Kaplan, Jared and McCandlish, Sam and Olah, Chris},
   year={2021},
   journal={Transformer Circuits Thread},
   note={https://transformer-circuits.pub/2021/framework/index.html}
}

@inproceedings{bender2021dangers,
  title={On the dangers of stochastic parrots: Can language models be too big?},
  author={Bender, Emily M and Gebru, Timnit and McMillan-Major, Angelina and Shmitchell, Shmargaret},
  booktitle={Proceedings of the 2021 ACM conference on fairness, accountability, and transparency},
  pages={610--623},
  year={2021}
}

@incollection{pearl2022direct,
  title={Direct and indirect effects},
  author={Pearl, Judea},
  booktitle={Probabilistic and causal inference: the works of Judea Pearl},
  pages={373--392},
  year={2022}
}

@article{meng2022locating,
  title={Locating and editing factual associations in GPT},
  author={Meng, Kevin and Bau, David and Andonian, Alex and Belinkov, Yonatan},
  journal={Advances in Neural Information Processing Systems},
  volume={35},
  pages={17359--17372},
  year={2022}
}

@article{todd2023function,
  title={Function vectors in large language models},
  author={Todd, Eric and Li, Millicent L and Sharma, Arnab Sen and Mueller, Aaron and Wallace, Byron C and Bau, David},
  journal={arXiv preprint arXiv:2310.15213},
  year={2023}
}

@article{kriegeskorte2008representational,
  title={Representational similarity analysis-connecting the branches of systems neuroscience},
  author={Kriegeskorte, Nikolaus and Mur, Marieke and Bandettini, Peter A},
  journal={Frontiers in systems neuroscience},
  volume={2},
  pages={249},
  year={2008},
  publisher={Frontiers}
}

@article{wang2022interpretability,
  title={Interpretability in the wild: a circuit for indirect object identification in gpt-2 small},
  author={Wang, Kevin and Variengien, Alexandre and Conmy, Arthur and Shlegeris, Buck and Steinhardt, Jacob},
  journal={arXiv preprint arXiv:2211.00593},
  year={2022}
}

@article{ruis2024procedural,
  title={Procedural Knowledge in Pretraining Drives Reasoning in Large Language Models},
  author={Ruis, Laura and Mozes, Maximilian and Bae, Juhan and Kamalakara, Siddhartha Rao and Talupuru, Dwarak and Locatelli, Acyr and Kirk, Robert and Rockt{\"a}schel, Tim and Grefenstette, Edward and Bartolo, Max},
  journal={arXiv preprint arXiv:2411.12580},
  year={2024}
}

@article{kerg2022neural,
  title={On neural architecture inductive biases for relational tasks},
  author={Kerg, Giancarlo and Mittal, Sarthak and Rolnick, David and Bengio, Yoshua and Richards, Blake and Lajoie, Guillaume},
  journal={arXiv preprint arXiv:2206.05056},
  year={2022}
}

@article{feng2023language,
  title={How do language models bind entities in context?},
  author={Feng, Jiahai and Steinhardt, Jacob},
  journal={arXiv preprint arXiv:2310.17191},
  year={2023}
}

@article{merullo2023mechanism,
  title={A mechanism for solving relational tasks in transformer language models},
  author={Merullo, Jack and Eickhoff, Carsten and Pavlick, Ellie},
  year={2023}
}

@article{lepori2024beyond,
  title={Beyond the Doors of Perception: Vision Transformers Represent Relations Between Objects},
  author={Lepori, Michael A and Tartaglini, Alexa R and Vong, Wai Keen and Serre, Thomas and Lake, Brenden M and Pavlick, Ellie},
  journal={arXiv preprint arXiv:2406.15955},
  year={2024}
}

@article{fodor1988connectionism,
  title={Connectionism and cognitive architecture: A critical analysis},
  author={Fodor, Jerry A and Pylyshyn, Zenon W},
  journal={Cognition},
  volume={28},
  number={1-2},
  pages={3--71},
  year={1988},
  publisher={Elsevier}
}

@article{dasgupta2022language,
  title={Language models show human-like content effects on reasoning},
  author={Dasgupta, Ishita and Lampinen, Andrew K and Chan, Stephanie CY and Creswell, Antonia and Kumaran, Dharshan and McClelland, James L and Hill, Felix},
  journal={arXiv preprint arXiv:2207.07051},
  volume={2},
  number={3},
  year={2022},
  publisher={July}
}

@article{wason1968reasoning,
  title={Reasoning about a rule},
  author={Wason, Peter C},
  journal={Quarterly journal of experimental psychology},
  volume={20},
  number={3},
  pages={273--281},
  year={1968},
  publisher={SAGE Publications Sage UK: London, England}
}

@article{akyurek2024context,
  title={In-context language learning: Architectures and algorithms},
  author={Aky{\"u}rek, Ekin and Wang, Bailin and Kim, Yoon and Andreas, Jacob},
  journal={arXiv preprint arXiv:2401.12973},
  year={2024}
}