@article{altabaa2023abstractors,
  title={Abstractors and relational cross-attention: An inductive bias for explicit relational reasoning in Transformers},
  author={Altabaa, Awni and Webb, Taylor and Cohen, Jonathan and Lafferty, John},
  journal={arXiv preprint arXiv:2304.00195},
  year={2023}
}

@article{feng2023language,
  title={How do language models bind entities in context?},
  author={Feng, Jiahai and Steinhardt, Jacob},
  journal={arXiv preprint arXiv:2310.17191},
  year={2023}
}

@article{hummel2003symbolic,
  title={A symbolic-connectionist theory of relational inference and generalization.},
  author={Hummel, John E and Holyoak, Keith J},
  journal={Psychological review},
  volume={110},
  number={2},
  pages={220},
  year={2003},
  publisher={American Psychological Association}
}

@article{kerg2022neural,
  title={On neural architecture inductive biases for relational tasks},
  author={Kerg, Giancarlo and Mittal, Sarthak and Rolnick, David and Bengio, Yoshua and Richards, Blake and Lajoie, Guillaume},
  journal={arXiv preprint arXiv:2206.05056},
  year={2022}
}

@article{merullo2023mechanism,
  title={A mechanism for solving relational tasks in transformer language models},
  author={Merullo, Jack and Eickhoff, Carsten and Pavlick, Ellie},
  year={2023}
}

@article{olsson2022context,
  title={In-context learning and induction heads},
  author={Olsson, Catherine and Elhage, Nelson and Nanda, Neel and Joseph, Nicholas and DasSarma, Nova and Henighan, Tom and Mann, Ben and Askell, Amanda and Bai, Yuntao and Chen, Anna and others},
  journal={arXiv preprint arXiv:2209.11895},
  year={2022}
}

@article{smolensky1990tensor,
  title={Tensor product variable binding and the representation of symbolic structures in connectionist systems},
  author={Smolensky, Paul},
  journal={Artificial intelligence},
  volume={46},
  number={1-2},
  pages={159--216},
  year={1990},
  publisher={Elsevier}
}

@article{todd2023function,
  title={Function vectors in large language models},
  author={Todd, Eric and Li, Millicent L and Sharma, Arnab Sen and Mueller, Aaron and Wallace, Byron C and Bau, David},
  journal={arXiv preprint arXiv:2310.15213},
  year={2023}
}

@article{webb2020emergent,
  title={Emergent symbols through binding in external memory},
  author={Webb, Taylor W and Sinha, Ishan and Cohen, Jonathan D},
  journal={arXiv preprint arXiv:2012.14601},
  year={2020}
}

@article{webb2024relational,
  title={The relational bottleneck as an inductive bias for efficient abstraction},
  author={Webb, Taylor W and Frankland, Steven M and Altabaa, Awni and Segert, Simon and Krishnamurthy, Kamesh and Campbell, Declan and Russin, Jacob and Giallanza, Tyler and Oâ€™Reilly, Randall and Lafferty, John and others},
  journal={Trends in Cognitive Sciences},
  year={2024},
  publisher={Elsevier}
}

