@article{10.1016/j.neucom.2023.127063,
author = {Su, Jianlin and Ahmed, Murtadha and Lu, Yu and Pan, Shengfeng and Bo, Wen and Liu, Yunfeng},
title = {RoFormer: Enhanced transformer with Rotary Position Embedding},
year = {2024},
issue_date = {Feb 2024},
publisher = {Elsevier Science Publishers B. V.},
volume = {568},
number = {C},
issn = {0925-2312},
journal = {Neurocomput.},
numpages = {12},
}

@inproceedings{10.1145/2766462.2767694,
author = {Wang, Pengfei and Guo, Jiafeng and Lan, Yanyan and Xu, Jun and Wan, Shengxian and Cheng, Xueqi},
title = {Learning Hierarchical Representation Model for NextBasket Recommendation},
year = {2015},
booktitle = {SIGIR '15},
pages = {403–412},
numpages = {10}
}

@inproceedings{10.1145/3219819.3219823,
author = {Zhou, Guorui and Zhu, Xiaoqiang and Song, Chenru and Fan, Ying and Zhu, Han and Ma, Xiao and Yan, Yanghui and Jin, Junqi and Li, Han and Gai, Kun},
title = {Deep Interest Network for Click-Through Rate Prediction},
year = {2018},
booktitle = {SIGKDD'18},
pages = {1059–1068},
}

@inproceedings{10.1145/3289600.3290975,
author = {Yuan, Fajie and Karatzoglou, Alexandros and Arapakis, Ioannis and Jose, Joemon M. and He, Xiangnan},
title = {A Simple Convolutional Generative Network for Next Item Recommendation},
year = {2019},
pages = {582–590},
numpages = {9},
keywords = {session-based recommendation, sequence learning, residual learning, dilated cnn, convolutional neural network},
booktitle = {WSDM '19}
}

@inproceedings{10.1145/3340531.3411954,
author = {Zhou, Kun and Wang, Hui and Zhao, Wayne Xin and Zhu, Yutao and Wang, Sirui and Zhang, Fuzheng and Wang, Zhongyuan and Wen, Ji-Rong},
title = {S3-Rec: Self-Supervised Learning for Sequential Recommendation with Mutual Information Maximization},
year = {2020},
pages = {1893–1902},
numpages = {10},
booktitle = {CIKM '20}
}

@inproceedings{10.1145/3340531.3412092,
author = {Xiao, Zhibo and Yang, Luwei and Jiang, Wen and Wei, Yi and Hu, Yi and Wang, Hao},
title = {Deep Multi-Interest Network for Click-through Rate Prediction},
year = {2020},
pages = {2265–2268},
numpages = {4},
booktitle = {CIKM '20}
}

@inproceedings{10.1145/3580305.3599519,
author = {Li, Jiacheng and Wang, Ming and Li, Jin and Fu, Jinmiao and Shen, Xin and Shang, Jingbo and McAuley, Julian},
title = {Text Is All You Need: Learning Language Representations for Sequential Recommendation},
year = {2023},
pages = {1258–1267},
numpages = {10},
booktitle = {KDD '23}
}

@inproceedings{10.1145/3581783.3611967,
author = {Wang, Jinpeng and Zeng, Ziyun and Wang, Yunxiao and Wang, Yuting and Lu, Xingyu and Li, Tianxiang and Yuan, Jun and Zhang, Rui and Zheng, Hai-Tao and Xia, Shu-Tao},
title = {MISSRec: Pre-training and Transferring Multi-modal Interest-aware Sequence Representation for Recommendation},
year = {2023},
pages = {6548–6557},
numpages = {10},
booktitle = {ACM MM '23}
}

@inproceedings{10.1609/aaai.v33i01.33015941,
author = {Zhou, Guorui and Mou, Na and Fan, Ying and Pi, Qi and Bian, Weijie and Zhou, Chang and Zhu, Xiaoqiang and Gai, Kun},
title = {Deep interest evolution network for click-through rate prediction},
year = {2019},
booktitle = {AAAI'19}
}

@inproceedings{10.5555/3295222.3295349,
author = {Vaswani, Ashish and Shazeer, Noam and Parmar, Niki and Uszkoreit, Jakob and Jones, Llion and Gomez, Aidan N. and Kaiser, \L{}ukasz and Polosukhin, Illia},
title = {Attention is all you need},
year = {2017},
pages = {6000–6010},
numpages = {11},
booktitle = {NIPS'17}
}

@inproceedings{Radford2018ImprovingLU,
  title={Improving Language Understanding by Generative Pre-Training},
  author={Alec Radford and Karthik Narasimhan},
  year={2018},
  url={https://api.semanticscholar.org/CorpusID:49313245}
}

@inproceedings{Shaw_Uszkoreit_Vaswani_2018,  
 title={Self-Attention with Relative Position Representations},  
 booktitle={ACL'18}, 
 author={Shaw, Peter and Uszkoreit, Jakob and Vaswani, Ashish}, 
 year={2018},
 }

@inproceedings{bert4rec,
author = {Sun, Fei and Liu, Jun and Wu, Jian and Pei, Changhua and Lin, Xiao and Ou, Wenwu and Jiang, Peng},
title = {BERT4Rec: Sequential Recommendation with Bidirectional Encoder Representations from Transformer},
year = {2019},
booktitle = {CIKM '19},
pages = {1441–1450},
numpages = {10},
series = {CIKM '19}
}

@misc{chen2019behaviorsequencetransformerecommerce,
      title={Behavior Sequence Transformer for E-commerce Recommendation in Alibaba}, 
      author={Qiwei Chen and Huan Zhao and Wei Li and Pipei Huang and Wenwu Ou},
      year={2019},
      eprint={1905.06874},
      archivePrefix={arXiv},
      journal={arXiv preprint arXiv:1905.06874},
}

@misc{chen2024hllmenhancingsequentialrecommendations,
      title={HLLM: Enhancing Sequential Recommendations via Hierarchical Large Language Models for Item and User Modeling}, 
      author={Junyi Chen and Lu Chi and Bingyue Peng and Zehuan Yuan},
      year={2024},
      eprint={2409.12740},
      archivePrefix={arXiv},
      journal={arXiv preprint arXiv:2409.12740}
}

@misc{golovneva2024contextualpositionencodinglearning,
      title={Contextual Position Encoding: Learning to Count What's Important}, 
      author={Olga Golovneva and Tianlu Wang and Jason Weston and Sainbayar Sukhbaatar},
      year={2024},
      journal={arXiv preprint arXiv:2405.18719},
      eprint={2405.18719},
      archivePrefix={arXiv}
}

@misc{hidasi2016sessionbasedrecommendationsrecurrentneural,
      title={Session-based Recommendations with Recurrent Neural Networks}, 
      author={Balázs Hidasi and Alexandros Karatzoglou and Linas Baltrunas and Domonkos Tikk},
      year={2016},
      eprint={1511.06939},
      archivePrefix={arXiv},
      journal={arXiv preprint arXiv:1511.06939}
}

@misc{kang2018selfattentivesequentialrecommendation,
      title={Self-Attentive Sequential Recommendation}, 
      author={Wang-Cheng Kang and Julian McAuley},
      year={2018},
      eprint={1808.09781},
      archivePrefix={arXiv},
      journal={arXiv preprint arXiv:1808.09781},
}

@misc{lopezavila2024positionalencodingcontextstudy,
      title={Positional encoding is not the same as context: A study on positional encoding for Sequential recommendation}, 
      author={Alejo Lopez-Avila and Jinhua Du and Abbas Shimary and Ze Li},
      year={2024},
      eprint={2405.10436},
      archivePrefix={arXiv},
      primaryClass={cs.IR},
}

@misc{lv2024marmunlockingfuturerecommendation,
      title={MARM: Unlocking the Future of Recommendation Systems through Memory Augmentation and Scalable Complexity}, 
      author={Xiao Lv and Jiangxia Cao and Shijie Guan and Xiaoyou Zhou and Zhiguang Qi and Yaqiang Zang and Ming Li and Ben Wang and Kun Gai and Guorui Zhou},
      year={2024},
      eprint={2411.09425},
      archivePrefix={arXiv},
      journal={arXiv preprint arXiv:2411.09425},
}

@inproceedings{tin,
author = {Zhou, Haolin and Pan, Junwei and Zhou, Xinyi and Chen, Xihua and Jiang, Jie and Gao, Xiaofeng and Chen, Guihai},
title = {Temporal Interest Network for User Response Prediction},
year = {2024},
pages = {413–422},
numpages = {10},
booktitle = {WWW '24}
}

@misc{zhai2024hstu,
      title={Actions Speak Louder than Words: Trillion-Parameter Sequential Transducers for Generative Recommendations}, 
      author={Jiaqi Zhai and Lucy Liao and Xing Liu and Yueming Wang and Rui Li and Xuan Cao and Leon Gao and Zhaojie Gong and Fangda Gu and Michael He and Yinghai Lu and Yu Shi},
      journal={arXiv preprint arXiv:2402.17152},
      year={2024},
      eprint={2402.17152},
      archivePrefix={arXiv}
}

