@InProceedings{Wu_2024_CVPR,
    author    = {Wu, Zongwei and Zheng, Jilai and Ren, Xiangxuan and Vasluianu, Florin-Alexandru and Ma, Chao and Paudel, Danda Pani and Van Gool, Luc and Timofte, Radu},
    title     = {Single-Model and Any-Modality for Video Object Tracking},
    booktitle = {Proceedings of the IEEE/CVF Conference on Computer Vision and Pattern Recognition (CVPR)},
    month     = {June},
    year      = {2024},
    pages     = {19156-19166}
}

@article{bottou1992local,
  title={Local learning algorithms},
  author={Bottou, L{\'e}on and Vapnik, Vladimir},
  journal={Neural computation},
  volume={4},
  number={6},
  pages={888--900},
  year={1992},
  publisher={MIT Press}
}

@inproceedings{chen2019asynchronous,
  title={Asynchronous tracking-by-detection on adaptive time surfaces for event-based object tracking},
  author={Chen, Haosheng and Wu, Qiangqiang and Liang, Yanjie and Gao, Xinbo and Wang, Hanzi},
  booktitle={Proceedings of the 27th ACM International Conference on Multimedia},
  pages={473--481},
  year={2019}
}

@article{chen2022TSKDcorrTrack,
  title={Teacher-student knowledge distillation for real-time correlation tracking},
  author={Chen, Qihuang and Zhong, Bineng and Liang, Qihua and Deng, Qingyong and Li, Xianxian},
  journal={Neurocomputing},
  volume={500},
  pages={537--546},
  year={2022},
  publisher={Elsevier}
}

@article{cui2024mixformerv2,
  title={Mixformerv2: Efficient fully transformer tracking},
  author={Cui, Yutao and Song, Tianhui and Wu, Gangshan and Wang, Limin},
  journal={Advances in Neural Information Processing Systems},
  volume={36},
  year={2024}
}

@article{deng2021distEvent,
  title={Learning from images: A distillation learning framework for event cameras},
  author={Deng, Yongjian and Chen, Hao and Chen, Huiying and Li, Youfu},
  journal={IEEE Transactions on Image Processing},
  volume={30},
  pages={4919--4931},
  year={2021},
  publisher={IEEE}
}

@article{gallego2020event,
  title={Event-based vision: A survey},
  author={Gallego, Guillermo and Delbr{\"u}ck, Tobi and Orchard, Garrick and Bartolozzi, Chiara and Taba, Brian and Censi, Andrea and Leutenegger, Stefan and Davison, Andrew J and Conradt, J{\"o}rg and Daniilidis, Kostas and others},
  journal={IEEE transactions on pattern analysis and machine intelligence},
  volume={44},
  number={1},
  pages={154--180},
  year={2020},
  publisher={IEEE}
}

@article{gandelsman2022test,
  title={Test-time training with masked autoencoders},
  author={Gandelsman, Yossi and Sun, Yu and Chen, Xinlei and Efros, Alexei},
  journal={Advances in Neural Information Processing Systems},
  volume={35},
  pages={29374--29385},
  year={2022}
}

@article{ge2019distChannelTrack,
  title={Distilling channels for efficient deep tracking},
  author={Ge, Shiming and Luo, Zhao and Zhang, Chunhui and Hua, Yingying and Tao, Dacheng},
  journal={IEEE Transactions on Image Processing},
  volume={29},
  pages={2610--2621},
  year={2019},
  publisher={IEEE}
}

@article{gehrig2020eklt,
  title={EKLT: Asynchronous photometric feature tracking using events and frames},
  author={Gehrig, Daniel and Rebecq, Henri and Gallego, Guillermo and Scaramuzza, Davide},
  journal={International Journal of Computer Vision},
  volume={128},
  number={3},
  pages={601--618},
  year={2020},
  publisher={Springer}
}

@article{gou2021KDSurvey,
  title={Knowledge distillation: A survey},
  author={Gou, Jianping and Yu, Baosheng and Maybank, Stephen J and Tao, Dacheng},
  journal={International Journal of Computer Vision},
  volume={129},
  pages={1789--1819},
  year={2021},
  publisher={Springer}
}

@article{hansen2020self,
  title={Self-supervised policy adaptation during deployment},
  author={Hansen, Nicklas and Jangir, Rishabh and Sun, Yu and Aleny{\`a}, Guillem and Abbeel, Pieter and Efros, Alexei A and Pinto, Lerrel and Wang, Xiaolong},
  journal={arXiv preprint arXiv:2007.04309},
  year={2020}
}

@article{huang2018event,
  title={Event-guided structured output tracking of fast-moving objects using a celex sensor},
  author={Huang, Jing and Wang, Shizheng and Guo, Menghan and Chen, Shoushun},
  journal={IEEE Transactions on Circuits and Systems for Video Technology},
  volume={28},
  number={9},
  pages={2413--2417},
  year={2018},
  publisher={IEEE}
}

@inproceedings{jain2011online,
  title={Online domain adaptation of a pre-trained cascade of classifiers},
  author={Jain, Vidit and Learned-Miller, Erik},
  booktitle={CVPR 2011},
  pages={577--584},
  year={2011},
  organization={IEEE}
}

@article{liu2021ttt++,
  title={Ttt++: When does self-supervised test-time training fail or thrive?},
  author={Liu, Yuejiang and Kothari, Parth and Van Delft, Bastien and Bellot-Gurlet, Baptiste and Mordan, Taylor and Alahi, Alexandre},
  journal={Advances in Neural Information Processing Systems},
  volume={34},
  pages={21808--21820},
  year={2021}
}

@inproceedings{liu2024depth,
  title={Depth-aware Test-Time Training for Zero-shot Video Object Segmentation},
  author={Liu, Weihuang and Shen, Xi and Li, Haolun and Bi, Xiuli and Liu, Bo and Pun, Chi-Man and Cun, Xiaodong},
  booktitle={Proceedings of the IEEE/CVF Conference on Computer Vision and Pattern Recognition},
  pages={19218--19227},
  year={2024}
}

@article{marvasti2021trackSurvey,
  title={Deep learning for visual tracking: A comprehensive survey},
  author={Marvasti-Zadeh, Seyed Mojtaba and Cheng, Li and Ghanei-Yakhdan, Hossein and Kasaei, Shohreh},
  journal={IEEE Transactions on Intelligent Transportation Systems},
  volume={23},
  number={5},
  pages={3943--3968},
  year={2021},
  publisher={IEEE}
}

@inproceedings{mirza2023actmad,
  title={Actmad: Activation matching to align distributions for test-time-training},
  author={Mirza, Muhammad Jehanzeb and Soneira, Pol Jan{\'e} and Lin, Wei and Kozinski, Mateusz and Possegger, Horst and Bischof, Horst},
  booktitle={Proceedings of the IEEE/CVF Conference on Computer Vision and Pattern Recognition},
  pages={24152--24161},
  year={2023}
}

@inproceedings{mullapudi2019online,
  title={Online model distillation for efficient video inference},
  author={Mullapudi, Ravi Teja and Chen, Steven and Zhang, Keyi and Ramanan, Deva and Fatahalian, Kayvon},
  booktitle={Proceedings of the IEEE/CVF International conference on computer vision},
  pages={3573--3582},
  year={2019}
}

@article{nitzan2022mystyle,
  title={Mystyle: A personalized generative prior},
  author={Nitzan, Yotam and Aberman, Kfir and He, Qiurui and Liba, Orly and Yarom, Michal and Gandelsman, Yossi and Mosseri, Inbar and Pritch, Yael and Cohen-Or, Daniel},
  journal={ACM Transactions on Graphics (TOG)},
  volume={41},
  number={6},
  pages={1--10},
  year={2022},
  publisher={ACM New York, NY, USA}
}

@article{shen2021distilledSiamTrack,
  title={Distilled siamese networks for visual tracking},
  author={Shen, Jianbing and Liu, Yuanpei and Dong, Xingping and Lu, Xiankai and Khan, Fahad Shahbaz and Hoi, Steven},
  journal={IEEE Transactions on Pattern Analysis and Machine Intelligence},
  volume={44},
  number={12},
  pages={8896--8909},
  year={2021},
  publisher={IEEE}
}

@inproceedings{shocher2018zero,
  title={“zero-shot” super-resolution using deep internal learning},
  author={Shocher, Assaf and Cohen, Nadav and Irani, Michal},
  booktitle={Proceedings of the IEEE conference on computer vision and pattern recognition},
  pages={3118--3126},
  year={2018}
}

@inproceedings{sun2020test,
  title={Test-time training with self-supervision for generalization under distribution shifts},
  author={Sun, Yu and Wang, Xiaolong and Liu, Zhuang and Miller, John and Efros, Alexei and Hardt, Moritz},
  booktitle={International conference on machine learning},
  pages={9229--9248},
  year={2020},
  organization={PMLR}
}

@inproceedings{sun2021USLCMTrack,
  title={Unsupervised cross-modal distillation for thermal infrared tracking},
  author={Sun, Jingxian and Zhang, Lichao and Zha, Yufei and Gonzalez-Garcia, Abel and Zhang, Peng and Huang, Wei and Zhang, Yanning},
  booktitle={Proceedings of the 29th ACM International Conference on Multimedia},
  pages={2262--2270},
  year={2021}
}

@article{sun2021online,
  title={Online learning of unknown dynamics for model-based controllers in legged locomotion},
  author={Sun, Yu and Ubellacker, Wyatt L and Ma, Wen-Loong and Zhang, Xiang and Wang, Changhao and Csomay-Shanklin, Noel V and Tomizuka, Masayoshi and Sreenath, Koushil and Ames, Aaron D},
  journal={IEEE Robotics and Automation Letters},
  volume={6},
  number={4},
  pages={8442--8449},
  year={2021},
  publisher={IEEE}
}

@article{tang2022coesot,
  title={Revisiting Color-Event based Tracking: A Unified Network, Dataset, and Metric},
  author={Tang, Chuanming and Wang, Xiao and Huang, Ju and Jiang, Bo and Zhu, Lin and Zhang, Jianlin and Wang, Yaowei and Tian, Yonghong},
  journal={arXiv preprint arXiv:2211.11010},
  year={2022}
}

@inproceedings{tonioni2019learning,
  title={Learning to adapt for stereo},
  author={Tonioni, Alessio and Rahnama, Oscar and Joy, Thomas and Stefano, Luigi Di and Ajanthan, Thalaiyasingam and Torr, Philip HS},
  booktitle={Proceedings of the IEEE/CVF Conference on Computer Vision and Pattern Recognition},
  pages={9661--9670},
  year={2019}
}

@inproceedings{tonioni2019real,
  title={Real-time self-adaptive deep stereo},
  author={Tonioni, Alessio and Tosi, Fabio and Poggi, Matteo and Mattoccia, Stefano and Stefano, Luigi Di},
  booktitle={Proceedings of the IEEE/CVF conference on computer vision and pattern recognition},
  pages={195--204},
  year={2019}
}

@book{vapnik2006estimation,
  title={Estimation of dependences based on empirical data},
  author={Vapnik, Vladimir},
  year={2006},
  publisher={Springer Science \& Business Media}
}

@article{wang2020CFTrack,
  title={Real-time correlation tracking via joint model compression and transfer},
  author={Wang, Ning and Zhou, Wengang and Song, Yibing and Ma, Chao and Li, Houqiang},
  journal={IEEE Transactions on Image Processing},
  volume={29},
  pages={6123--6135},
  year={2020},
  publisher={IEEE}
}

@article{wang2023test,
  title={Test-time training on video streams},
  author={Wang, Renhao and Sun, Yu and Gandelsman, Yossi and Chen, Xinlei and Efros, Alexei A and Wang, Xiaolong},
  journal={arXiv preprint arXiv:2307.05014},
  year={2023}
}

@inproceedings{wang2024event,
  title={Event stream-based visual object tracking: A high-resolution benchmark dataset and a novel baseline},
  author={Wang, Xiao and Wang, Shiao and Tang, Chuanming and Zhu, Lin and Jiang, Bo and Tian, Yonghong and Tang, Jin},
  booktitle={Proceedings of the IEEE/CVF Conference on Computer Vision and Pattern Recognition},
  pages={19248--19257},
  year={2024}
}

@article{wang2024visevent,
  title={VisEvent: Reliable Object Tracking via Collaboration of Frame and Event Flows},
  author={Wang, Xiao and Li, Jianing and Zhu, Lin and Zhang, Zhipeng and Chen, Zhe and Li, Xin and Wang, Yaowei and Tian, Yonghong and Wu, Feng},
  journal={IEEE transactions on cybernetics},
  volume={54},
  number={3},
  pages={1997--2010},
  year={2024}
}

@inproceedings{ye2022Ostrack,
  title={Joint feature learning and relation modeling for tracking: A one-stream framework}, 
  author={Ye, Botao and Chang, Hong and Ma, Bingpeng and Shan, Shiguang},
  booktitle={European Conference on Computer Vision},
  year={2022}
}

@inproceedings{zhang2020online,
  title={Online depth learning against forgetting in monocular videos},
  author={Zhang, Zhenyu and Lathuiliere, Stephane and Ricci, Elisa and Sebe, Nicu and Yan, Yan and Yang, Jian},
  booktitle={Proceedings of the IEEE/CVF Conference on Computer Vision and Pattern Recognition},
  pages={4494--4503},
  year={2020}
}

@inproceedings{zhang2021fe108,
  title={Object tracking by jointly exploiting frame and event domain},
  author={Zhang, Jiqing and Yang, Xin and Fu, Yingkai and Wei, Xiaopeng and Yin, Baocai and Dong, Bo},
  booktitle={Proceedings of the IEEE/CVF International Conference on Computer Vision},
  pages={13043--13052},
  year={2021}
}

@inproceedings{zhang2022STN,
  title={Spiking transformers for event-based single object tracking},
  author={Zhang, Jiqing and Dong, Bo and Zhang, Haiwei and Ding, Jianchuan and Heide, Felix and Yin, Baocai and Yang, Xin},
  booktitle={Proceedings of the IEEE/CVF conference on Computer Vision and Pattern Recognition},
  pages={8801--8810},
  year={2022}
}

@inproceedings{zhang2023AFNet,
  title={Frame-Event Alignment and Fusion Network for High Frame Rate Tracking},
  author={Zhang, Jiqing and Wang, Yuanchen and Liu, Wenxi and Li, Meng and Bai, Jinpeng and Yin, Baocai and Yang, Xin},
  booktitle={Proceedings of the IEEE/CVF Conference on Computer Vision and Pattern Recognition},
  pages={9781--9790},
  year={2023}
}

@article{zhao2022distSiamTrack,
  title={Distillation, ensemble and selection for building a better and faster Siamese based tracker},
  author={Zhao, Shaochuan and Xu, Tianyang and Wu, Xiao-Jun and Kittler, Josef},
  journal={IEEE transactions on circuits and systems for video technology},
  year={2022},
  publisher={IEEE}
}

@inproceedings{zhong2017recovery,
  title={Recovery guarantees for one-hidden-layer neural networks},
  author={Zhong, Kai and Song, Zhao and Jain, Prateek and Bartlett, Peter L and Dhillon, Inderjit S},
  booktitle={International conference on machine learning},
  pages={4140--4149},
  year={2017},
  organization={PMLR}
}

@inproceedings{zhong2018open,
  title={Open-world stereo video matching with deep rnn},
  author={Zhong, Yiran and Li, Hongdong and Dai, Yuchao},
  booktitle={Proceedings of the European Conference on Computer Vision (ECCV)},
  pages={101--116},
  year={2018}
}

@article{zhu2022grapheventTrack,
  title={Learning Graph-embedded Key-event Back-tracing for Object Tracking in Event Clouds},
  author={Zhu, Zhiyu and Hou, Junhui and Lyu, Xianqiang},
  journal={Advances in Neural Information Processing Systems},
  volume={35},
  pages={7462--7476},
  year={2022}
}

@article{zhu2023crossRGBETrack,
  title={Cross-modal Orthogonal High-rank Augmentation for RGB-Event Transformer-trackers},
  author={Zhu, Zhiyu and Hou, Junhui and Wu, Dapeng Oliver},
  journal={arXiv preprint arXiv:2307.04129},
  year={2023}
}

@inproceedings{zhu2023promptTrack,
  title={Visual prompt multi-modal tracking},
  author={Zhu, Jiawen and Lai, Simiao and Chen, Xin and Wang, Dong and Lu, Huchuan},
  booktitle={Proceedings of the IEEE/CVF Conference on Computer Vision and Pattern Recognition},
  pages={9516--9526},
  year={2023}
}

@article{zhuang2021ensembleSiamTrack,
  title={Ensemble learning with siamese networks for visual tracking},
  author={Zhuang, Junfei and Dong, Yuan and Bai, Hongliang},
  journal={Neurocomputing},
  volume={464},
  pages={497--506},
  year={2021},
  publisher={Elsevier}
}

