@inproceedings{zhang2023AFNet,
  title={Frame-Event Alignment and Fusion Network for High Frame Rate Tracking},
  author={Zhang, Jiqing and Wang, Yuanchen and Liu, Wenxi and Li, Meng and Bai, Jinpeng and Yin, Baocai and Yang, Xin},
  booktitle={Proceedings of the IEEE/CVF Conference on Computer Vision and Pattern Recognition},
  pages={9781--9790},
  year={2023}
}

@article{wang2021TANet,
  title={Tracking by joint local and global search: A target-aware attention-based approach},
  author={Wang, Xiao and Tang, Jin and Luo, Bin and Wang, Yaowei and Tian, Yonghong and Wu, Feng},
  journal={IEEE transactions on neural networks and learning systems},
  volume={33},
  number={11},
  pages={6931--6945},
  year={2021},
  publisher={IEEE}
}

@article{tang2023learning,
  title={Learning spatial-frequency transformer for visual object tracking},
  author={Tang, Chuanming and Wang, Xiao and Bai, Yuanchao and Wu, Zhe and Zhang, Jianlin and Huang, Yongmei},
  journal={IEEE Transactions on Circuits and Systems for Video Technology},
  volume={33},
  number={9},
  pages={5102--5116},
  year={2023},
  publisher={IEEE}
}

@inproceedings{loshchilov2018adamw,
  title={Decoupled Weight Decay Regularization},
  author={Loshchilov, Ilya and Hutter, Frank},
  booktitle={International Conference on Learning Representations},
  year={2018}
}

@article{paszke2019pytorch,
  title={Pytorch: An imperative style, high-performance deep learning library},
  author={Paszke, Adam and Gross, Sam and Massa, Francisco and Lerer, Adam and Bradbury, James and Chanan, Gregory and Killeen, Trevor and Lin, Zeming and Gimelshein, Natalia and Antiga, Luca and others},
  journal={Advances in neural information processing systems},
  volume={32},
  year={2019}
}


@inproceedings{law2018cornernet,
  title={Cornernet: Detecting objects as paired keypoints},
  author={Law, Hei and Deng, Jia},
  booktitle={Proceedings of the European conference on computer vision (ECCV)},
  pages={734--750},
  year={2018}
}

@inproceedings{zhang2022STN,
  title={Spiking transformers for event-based single object tracking},
  author={Zhang, Jiqing and Dong, Bo and Zhang, Haiwei and Ding, Jianchuan and Heide, Felix and Yin, Baocai and Yang, Xin},
  booktitle={Proceedings of the IEEE/CVF conference on Computer Vision and Pattern Recognition},
  pages={8801--8810},
  year={2022}
}

@inproceedings{mitrokhin2018event,
  title={Event-based moving object detection and tracking},
  author={Mitrokhin, Anton and Ferm{\"u}ller, Cornelia and Parameshwara, Chethan and Aloimonos, Yiannis},
  booktitle={2018 IEEE/RSJ International Conference on Intelligent Robots and Systems (IROS)},
  pages={1--9},
  year={2018},
  organization={IEEE}
} 

@article{hu2016dvs,
  title={DVS benchmark datasets for object tracking, action recognition, and object recognition},
  author={Hu, Yuhuang and Liu, Hongjie and Pfeiffer, Michael and Delbruck, Tobi},
  journal={Frontiers in neuroscience},
  volume={10},
  pages={405},
  year={2016},
  publisher={Frontiers}
}


@inproceedings{liu2016combined,
  title={Combined frame-and event-based detection and tracking},
  author={Liu, Hongjie and Moeys, Diederik Paul and Das, Gautham and Neil, Daniel and Liu, Shih-Chii and Delbr{\"u}ck, Tobi},
  booktitle={2016 IEEE International Symposium on Circuits and Systems (ISCAS)},
  pages={2511--2514},
  year={2016},
  organization={IEEE}
}


@article{gou2021KDSurvey,
  title={Knowledge distillation: A survey},
  author={Gou, Jianping and Yu, Baosheng and Maybank, Stephen J and Tao, Dacheng},
  journal={International Journal of Computer Vision},
  volume={129},
  pages={1789--1819},
  year={2021},
  publisher={Springer}
}


@article{zhu2023crossRGBETrack,
  title={Cross-modal Orthogonal High-rank Augmentation for RGB-Event Transformer-trackers},
  author={Zhu, Zhiyu and Hou, Junhui and Wu, Dapeng Oliver},
  journal={arXiv preprint arXiv:2307.04129},
  year={2023}
}


@article{li2023sodformer,
  title={Sodformer: Streaming object detection with transformer using events and frames},
  author={Li, Dianze and Tian, Yonghong and Li, Jianing},
  journal={IEEE Transactions on Pattern Analysis and Machine Intelligence},
  volume={45},
  number={11},
  pages={14020--14037},
  year={2023},
  publisher={IEEE}
}


@inproceedings{wang2024hardvs,
  title={Hardvs: Revisiting human activity recognition with dynamic vision sensors},
  author={Wang, Xiao and Wu, Zongzhen and Jiang, Bo and Bao, Zhimin and Zhu, Lin and Li, Guoqi and Wang, Yaowei and Tian, Yonghong},
  booktitle={Proceedings of the AAAI Conference on Artificial Intelligence},
  volume={38},
  number={6},
  pages={5615--5623},
  year={2024}
}

@inproceedings{huang2024mambafetrack,
  title={Mamba-fetrack: Frame-event tracking via state space model},
  author={Huang, Ju and Wang, Shiao and Wang, Shuai and Wu, Zhe and Wang, Xiao and Jiang, Bo},
  booktitle={Chinese Conference on Pattern Recognition and Computer Vision (PRCV)},
  pages={3--18},
  year={2024},
  organization={Springer}
}


@article{wang2024visevent,
  title={VisEvent: Reliable Object Tracking via Collaboration of Frame and Event Flows},
  author={Wang, Xiao and Li, Jianing and Zhu, Lin and Zhang, Zhipeng and Chen, Zhe and Li, Xin and Wang, Yaowei and Tian, Yonghong and Wu, Feng},
  journal={IEEE transactions on cybernetics},
  volume={54},
  number={3},
  pages={1997--2010},
  year={2024}
}

@inproceedings{zhang2021fe108,
  title={Object tracking by jointly exploiting frame and event domain},
  author={Zhang, Jiqing and Yang, Xin and Fu, Yingkai and Wei, Xiaopeng and Yin, Baocai and Dong, Bo},
  booktitle={Proceedings of the IEEE/CVF International Conference on Computer Vision},
  pages={13043--13052},
  year={2021}
}


@article{ge2019distChannelTrack,
  title={Distilling channels for efficient deep tracking},
  author={Ge, Shiming and Luo, Zhao and Zhang, Chunhui and Hua, Yingying and Tao, Dacheng},
  journal={IEEE Transactions on Image Processing},
  volume={29},
  pages={2610--2621},
  year={2019},
  publisher={IEEE}
}


@article{zhao2022distSiamTrack,
  title={Distillation, ensemble and selection for building a better and faster Siamese based tracker},
  author={Zhao, Shaochuan and Xu, Tianyang and Wu, Xiao-Jun and Kittler, Josef},
  journal={IEEE transactions on circuits and systems for video technology},
  year={2022},
  publisher={IEEE}
}


@article{wang2020CFTrack,
  title={Real-time correlation tracking via joint model compression and transfer},
  author={Wang, Ning and Zhou, Wengang and Song, Yibing and Ma, Chao and Li, Houqiang},
  journal={IEEE Transactions on Image Processing},
  volume={29},
  pages={6123--6135},
  year={2020},
  publisher={IEEE}
}


@inproceedings{sun2021USLCMTrack,
  title={Unsupervised cross-modal distillation for thermal infrared tracking},
  author={Sun, Jingxian and Zhang, Lichao and Zha, Yufei and Gonzalez-Garcia, Abel and Zhang, Peng and Huang, Wei and Zhang, Yanning},
  booktitle={Proceedings of the 29th ACM International Conference on Multimedia},
  pages={2262--2270},
  year={2021}
}


@inproceedings{zhang2023RGBTDist,
  title={Efficient RGB-T Tracking via Cross-Modality Distillation},
  author={Zhang, Tianlu and Guo, Hongyuan and Jiao, Qiang and Zhang, Qiang and Han, Jungong},
  booktitle={Proceedings of the IEEE/CVF Conference on Computer Vision and Pattern Recognition},
  pages={5404--5413},
  year={2023}
}

@article{deng2021distEvent,
  title={Learning from images: A distillation learning framework for event cameras},
  author={Deng, Yongjian and Chen, Hao and Chen, Huiying and Li, Youfu},
  journal={IEEE Transactions on Image Processing},
  volume={30},
  pages={4919--4931},
  year={2021},
  publisher={IEEE}
}

@article{zhuang2021ensembleSiamTrack,
  title={Ensemble learning with siamese networks for visual tracking},
  author={Zhuang, Junfei and Dong, Yuan and Bai, Hongliang},
  journal={Neurocomputing},
  volume={464},
  pages={497--506},
  year={2021},
  publisher={Elsevier}
}

@article{chen2022TSKDcorrTrack,
  title={Teacher-student knowledge distillation for real-time correlation tracking},
  author={Chen, Qihuang and Zhong, Bineng and Liang, Qihua and Deng, Qingyong and Li, Xianxian},
  journal={Neurocomputing},
  volume={500},
  pages={537--546},
  year={2022},
  publisher={Elsevier}
}

@article{shen2021distilledSiamTrack,
  title={Distilled siamese networks for visual tracking},
  author={Shen, Jianbing and Liu, Yuanpei and Dong, Xingping and Lu, Xiankai and Khan, Fahad Shahbaz and Hoi, Steven},
  journal={IEEE Transactions on Pattern Analysis and Machine Intelligence},
  volume={44},
  number={12},
  pages={8896--8909},
  year={2021},
  publisher={IEEE}
}


@article{marvasti2021trackSurvey,
  title={Deep learning for visual tracking: A comprehensive survey},
  author={Marvasti-Zadeh, Seyed Mojtaba and Cheng, Li and Ghanei-Yakhdan, Hossein and Kasaei, Shohreh},
  journal={IEEE Transactions on Intelligent Transportation Systems},
  volume={23},
  number={5},
  pages={3943--3968},
  year={2021},
  publisher={IEEE}
}

@article{gallego2020event,
  title={Event-based vision: A survey},
  author={Gallego, Guillermo and Delbr{\"u}ck, Tobi and Orchard, Garrick and Bartolozzi, Chiara and Taba, Brian and Censi, Andrea and Leutenegger, Stefan and Davison, Andrew J and Conradt, J{\"o}rg and Daniilidis, Kostas and others},
  journal={IEEE transactions on pattern analysis and machine intelligence},
  volume={44},
  number={1},
  pages={154--180},
  year={2020},
  publisher={IEEE}
}



@inproceedings{zhu2023promptTrack,
  title={Visual prompt multi-modal tracking},
  author={Zhu, Jiawen and Lai, Simiao and Chen, Xin and Wang, Dong and Lu, Huchuan},
  booktitle={Proceedings of the IEEE/CVF Conference on Computer Vision and Pattern Recognition},
  pages={9516--9526},
  year={2023}
}


@article{tang2022coesot,
  title={Revisiting Color-Event based Tracking: A Unified Network, Dataset, and Metric},
  author={Tang, Chuanming and Wang, Xiao and Huang, Ju and Jiang, Bo and Zhu, Lin and Zhang, Jianlin and Wang, Yaowei and Tian, Yonghong},
  journal={arXiv preprint arXiv:2211.11010},
  year={2022}
}

@article{zhu2022grapheventTrack,
  title={Learning Graph-embedded Key-event Back-tracing for Object Tracking in Event Clouds},
  author={Zhu, Zhiyu and Hou, Junhui and Lyu, Xianqiang},
  journal={Advances in Neural Information Processing Systems},
  volume={35},
  pages={7462--7476},
  year={2022}
}

@article{huang2018event,
  title={Event-guided structured output tracking of fast-moving objects using a celex sensor},
  author={Huang, Jing and Wang, Shizheng and Guo, Menghan and Chen, Shoushun},
  journal={IEEE Transactions on Circuits and Systems for Video Technology},
  volume={28},
  number={9},
  pages={2413--2417},
  year={2018},
  publisher={IEEE}
}

@article{gehrig2020eklt,
  title={EKLT: Asynchronous photometric feature tracking using events and frames},
  author={Gehrig, Daniel and Rebecq, Henri and Gallego, Guillermo and Scaramuzza, Davide},
  journal={International Journal of Computer Vision},
  volume={128},
  number={3},
  pages={601--618},
  year={2020},
  publisher={Springer}
}

@inproceedings{chen2019asynchronous,
  title={Asynchronous tracking-by-detection on adaptive time surfaces for event-based object tracking},
  author={Chen, Haosheng and Wu, Qiangqiang and Liang, Yanjie and Gao, Xinbo and Wang, Hanzi},
  booktitle={Proceedings of the 27th ACM International Conference on Multimedia},
  pages={473--481},
  year={2019}
}

@inproceedings{li2019SiamRPN++,
  title={High performance visual tracking with siamese region proposal network},
  author={Li, Bo and Yan, Junjie and Wu, Wei and Zhu, Zheng and  Hu, Xiaolin},
  booktitle={Proceedings of the IEEE/CVF conference on computer vision and pattern recognition},
  pages={ 8971–8980},
  year={2018}
}

@inproceedings{hyeonseob2016MDNet,
  title={Learning Multi-Domain Convolutional Neural Networks for Visual Tracking},
  author={Nam, Hyeonseob and Han, Bohyung},
  booktitle={Proceedings of the IEEE Conference on Computer Vision and Pattern Recognition},
  pages={4293-4302},
  year={2016}
}

@inproceedings{luca2016SiamFC,
  title={Fully-Convolutional Siamese Networks For Object Tracking},
  author={Bertinetto, Luca and Valmadre, Jack and Henriques, João F. and Vedaldi, Andrea and H. S. Torr, Philip},
  booktitle={European Conference on Computer Vision},
  pages={850–865},
  year={2016}
}

@inproceedings{wang2019Siammask, 
  title={Fast Online Object Tracking and Segmentation: A Unifying Approach},
  author={Wang, Qiang and Zhang, Li and Bertinetto, Luca and Hu, Weiming and Philip H.S.Torr},
  booktitle={Proceedings of the IEEE/CVF Conference on Computer Vision and Pattern Recognition },
  pages={1328-1338},
  year={2019}
}

@inproceedings{ran2016SINT, 
  title={Siamese Instance Search for Tracking},
  author={Tao, Ran and Gavves, Efstratios and W. M. Smeulders, Arnold},
  booktitle={Proceedings of the IEEE Conference on Computer Vision and Pattern Recognition},
  pages={1420-1429},
  year={2016}
}

@inproceedings{chen2020SIamBAN,
  title={Siamese Box Adaptive Network for Visual Tracking},
  author={Chen, Zedu and Zhong, Bineng and Li, Guorong and Zhang, Shengping and Ji, Rongrong},
  booktitle={Proceedings of the IEEE/CVF Conference on Computer Vision and Pattern Recognition},
  pages={6668-6677},
  year={2020}
}

@inproceedings{zhang2020Ocean,
  title={Ocean: Object-Aware Anchor-Free Tracking},
  author={Zhang, Zhipeng and Peng, Houwen and Fu, Jianlong and Li, Bing and Hu, Weiming},
  booktitle={European Conference on Computer Vision},
  pages={771–787},
  year={2020}
}

@inproceedings{zhang2021LTM,
  title={Learn to match: Automatic matching network design
for visual tracking},
  author={Zhang, Zhipeng and Liu, Yihao and Wang, Xiao and Li, Bing  and Hu, Weiming},
  booktitle={Proceedings of the IEEE/CVF International Conference on Computer Vision},
  pages={13339–13348},
  year={2021}
}   

@inproceedings{martin2019Atom,
  title={Atom: Accurate tracking by overlap maximization}, 
  author={Danelljan, Martin and Bhat, Goutam and Shahbaz Khan, Fahad  and Felsberg, Michael},
  booktitle={Proceedings of the IEEE/CVF Conference on Computer Vision and Pattern Recognition},
  pages={4660–4669},
  year={2019}
}   

@inproceedings{goutam2019Dimp,
  title={Learning discriminative model prediction for tracking}, 
  author={Bhat, Goutam and Danelljan, Martin and Gool, Luc Van and Timofte, Radu},
  booktitle={Proceedings of the IEEE/CVF international conference on computer vision},
  pages={6182–6191},
  year={2019}
}

@inproceedings{martin2020PrDimp,
  title={Probabilistic regression for visual tracking}, 
  author={Danelljan, Martin and Gool, Luc Van and Timofte, Radu},
  booktitle={Proceedings of the IEEE/CVF conference on computer vision and pattern recognition},
  pages={7183–7192},
  year={2019}
}

@inproceedings{chen2021transt,
  title={Transformer tracking}, 
  author={Chen, Xin and Yan, Bin  Zhu, Jiawen and Wang, Dong and Yang, Xiaoyun and Lu, Huchuan},
  booktitle={Proceedings of the IEEE/CVF Conference on Computer Vision and Pattern Recognition},
  pages={8126–8135},
  year={2021}
}

@inproceedings{mayer2022Tomp,
  title={Transforming model prediction for tracking}, 
  author={Mayer, Christoph and Danelljan, Martin and Bhat, Goutam  and Paul, Matthieu and Paudel, Danda Pani and Yu, Fisher and Gool, Luc Van},
  booktitle={Proceedings of the IEEE/CVF Conference on Computer Vision and Pattern Recognition},
  pages={8731–8740},
  year={2022}
}

@inproceedings{gao2022AIa,
  title={Aiatrack: Attention in attention for transformer visual tracking}, 
  author={Gao, Shenyuan and Zhou, Chunluan and Ma, Chao and Wang, Xinggang and Yuan, Junsong},
  booktitle={European Conference on Computer Vision},
  pages={146–164},
  year={2022}
}

@inproceedings{ye2022Ostrack,
  title={Joint feature learning and relation modeling for tracking: A one-stream framework}, 
  author={Ye, Botao and Chang, Hong and Ma, Bingpeng and Shan, Shiguang},
  booktitle={European Conference on Computer Vision},
  year={2022}
}

@inproceedings{chen2022SimTrack,
  title={Backbone is all your need: A simplified architecture for visual object tracking}, 
  author={Chen, Boyu and  Li, Peixia and Bai, Lei and Qiao, Lei and Shen, Qiuhong and Li, Bo and Gan, Weihao and Wu, Wei and Ouyang, Wanli},
  booktitle={European Conference on Computer Vision},
  pages={375–392},
  year={2021}
}

@inproceedings{bhat2022SKys,
  title={Know your surroundings: Exploiting scene information for object tracking}, 
  author={Bhat, Goutam and Danelljan, Martin and Van Gool, Luc and Timofte, Radu},
  booktitle={European Conference on Computer Vision},
  pages={205–221},
  year={2020}
}

@inproceedings{yan2021Stark,
  title={Learning spatio-temporal transformer for visual tracking}, 
  author={Yan, Bin and Peng, Houwen and Fu, Jianlong and Wang, Dong and Lu, Huchuan},
  booktitle={Proceedings of the IEEE/CVF International
Conference on Computer Vision},
  pages={10448–10457},
  year={2021}
}

@inproceedings{cui2022Mixformer,
  title={Mixformer: End-to-end tracking with iterative mixed attention}, 
  author={Cui, Yutao and Jiang, Cheng and Wang, Limin  and Wu Gangshan},
  booktitle={Proceedings of the IEEE/CVF Conference on Computer Vision and Pattern Recognition},
  pages={13608–13618},
  year={2022}
}

@inproceedings{song2022CSwinTT,
  title={Transformer tracking with cyclic shifting window attention}, 
  author={Song, Zikai and Yu, Junqing and Phoebe Chen, Yi-Ping and Yang, Wei},
  booktitle={Proceedings of the IEEE/CVF Conference on Computer Vision and Pattern Recognition},
  pages={8791–8800},
  year={2022}
}

@inproceedings{wang2021TrDiMP,
  title={Transformer meets tracker: Exploiting temporal context for robust visual tracking}, 
  author={Wang, Ning and Zhou, Wengang and Wang, Jie  and Li, Houqiang},
  booktitle={Proceedings of the IEEE/CVF Conference on Computer Vision and Pattern Recognition},
  pages={1571–1580},
  year={2021}
}




@inproceedings{wang2024event,
  title={Event stream-based visual object tracking: A high-resolution benchmark dataset and a novel baseline},
  author={Wang, Xiao and Wang, Shiao and Tang, Chuanming and Zhu, Lin and Jiang, Bo and Tian, Yonghong and Tang, Jin},
  booktitle={Proceedings of the IEEE/CVF Conference on Computer Vision and Pattern Recognition},
  pages={19248--19257},
  year={2024}
}

@inproceedings{cai2023robust,
  title={Robust object modeling for visual tracking},
  author={Cai, Yidong and Liu, Jie and Tang, Jie and Wu, Gangshan},
  booktitle={Proceedings of the IEEE/CVF International Conference on Computer Vision},
  pages={9589--9600},
  year={2023}
}

@inproceedings{he2023target,
  title={Target-aware tracking with long-term context attention},
  author={He, Kaijie and Zhang, Canlong and Xie, Sheng and Li, Zhixin and Wang, Zhiwen},
  booktitle={Proceedings of the AAAI Conference on Artificial Intelligence},
  volume={37},
  number={1},
  pages={773--780},
  year={2023}
}

@inproceedings{song2023compact,
  title={Compact transformer tracker with correlative masked modeling},
  author={Song, Zikai and Luo, Run and Yu, Junqing and Chen, Yi-Ping Phoebe and Yang, Wei},
  booktitle={Proceedings of the AAAI conference on artificial intelligence},
  volume={37},
  number={2},
  pages={2321--2329},
  year={2023}
}

@inproceedings{zhao2023representation,
  title={Representation learning for visual object tracking by masked appearance transfer},
  author={Zhao, Haojie and Wang, Dong and Lu, Huchuan},
  booktitle={Proceedings of the IEEE/CVF Conference on Computer Vision and Pattern Recognition},
  pages={18696--18705},
  year={2023}
}

@inproceedings{li2023citetracker,
  title={Citetracker: Correlating image and text for visual tracking},
  author={Li, Xin and Huang, Yuqing and He, Zhenyu and Wang, Yaowei and Lu, Huchuan and Yang, Ming-Hsuan},
  booktitle={Proceedings of the IEEE/CVF International Conference on Computer Vision},
  pages={9974--9983},
  year={2023}
}

@inproceedings{gao2023generalized,
  title={Generalized relation modeling for transformer tracking},
  author={Gao, Shenyuan and Zhou, Chunluan and Zhang, Jun},
  booktitle={Proceedings of the IEEE/CVF Conference on Computer Vision and Pattern Recognition},
  pages={18686--18695},
  year={2023}
}

@inproceedings{wei2023autoregressive,
  title={Autoregressive visual tracking},
  author={Wei, Xing and Bai, Yifan and Zheng, Yongchao and Shi, Dahu and Gong, Yihong},
  booktitle={Proceedings of the IEEE/CVF Conference on Computer Vision and Pattern Recognition},
  pages={9697--9706},
  year={2023}
}

@inproceedings{bai2024artrackv2,
  title={Artrackv2: Prompting autoregressive tracker where to look and how to describe},
  author={Bai, Yifan and Zhao, Zeyang and Gong, Yihong and Wei, Xing},
  booktitle={Proceedings of the IEEE/CVF Conference on Computer Vision and Pattern Recognition},
  pages={19048--19057},
  year={2024}
}

@inproceedings{xie2024autoregressive,
  title={Autoregressive Queries for Adaptive Tracking with Spatio-Temporal Transformers},
  author={Xie, Jinxia and Zhong, Bineng and Mo, Zhiyi and Zhang, Shengping and Shi, Liangtao and Song, Shuxiang and Ji, Rongrong},
  booktitle={Proceedings of the IEEE/CVF Conference on Computer Vision and Pattern Recognition},
  pages={19300--19309},
  year={2024}
}

@inproceedings{zheng2024odtrack,
  title={Odtrack: Online dense temporal token learning for visual tracking},
  author={Zheng, Yaozong and Zhong, Bineng and Liang, Qihua and Mo, Zhiyi and Zhang, Shengping and Li, Xianxian},
  booktitle={Proceedings of the AAAI Conference on Artificial Intelligence},
  volume={38},
  number={7},
  pages={7588--7596},
  year={2024}
}

@inproceedings{shi2024explicit,
  title={Explicit Visual Prompts for Visual Object Tracking},
  author={Shi, Liangtao and Zhong, Bineng and Liang, Qihua and Li, Ning and Zhang, Shengping and Li, Xianxian},
  booktitle={Proceedings of the AAAI Conference on Artificial Intelligence},
  volume={38},
  number={5},
  pages={4838--4846},
  year={2024}
}

@inproceedings{xie2024diffusiontrack,
  title={DiffusionTrack: Point Set Diffusion Model for Visual Object Tracking},
  author={Xie, Fei and Wang, Zhongdao and Ma, Chao},
  booktitle={Proceedings of the IEEE/CVF Conference on Computer Vision and Pattern Recognition},
  pages={19113--19124},
  year={2024}
}

@inproceedings{cai2024hiptrack,
  title={HIPTrack: Visual Tracking with Historical Prompts},
  author={Cai, Wenrui and Liu, Qingjie and Wang, Yunhong},
  booktitle={Proceedings of the IEEE/CVF Conference on Computer Vision and Pattern Recognition},
  pages={19258--19267},
  year={2024}
}

@inproceedings{lin2024tracking,
  title={Tracking meets lora: Faster training, larger model, stronger performance},
  author={Lin, Liting and Fan, Heng and Zhang, Zhipeng and Wang, Yaowei and Xu, Yong and Ling, Haibin},
  booktitle={European Conference on Computer Vision},
  pages={300--318},
  year={2024},
  organization={Springer}
}


@InProceedings{Wu_2024_CVPR,
    author    = {Wu, Zongwei and Zheng, Jilai and Ren, Xiangxuan and Vasluianu, Florin-Alexandru and Ma, Chao and Paudel, Danda Pani and Van Gool, Luc and Timofte, Radu},
    title     = {Single-Model and Any-Modality for Video Object Tracking},
    booktitle = {Proceedings of the IEEE/CVF Conference on Computer Vision and Pattern Recognition (CVPR)},
    month     = {June},
    year      = {2024},
    pages     = {19156-19166}
}

@article{cui2024mixformerv2,
  title={Mixformerv2: Efficient fully transformer tracking},
  author={Cui, Yutao and Song, Tianhui and Wu, Gangshan and Wang, Limin},
  journal={Advances in Neural Information Processing Systems},
  volume={36},
  year={2024}
}

@article{bottou1992local,
  title={Local learning algorithms},
  author={Bottou, L{\'e}on and Vapnik, Vladimir},
  journal={Neural computation},
  volume={4},
  number={6},
  pages={888--900},
  year={1992},
  publisher={MIT Press}
}

@book{vapnik2006estimation,
  title={Estimation of dependences based on empirical data},
  author={Vapnik, Vladimir},
  year={2006},
  publisher={Springer Science \& Business Media}
}

@article{liu2021ttt++,
  title={Ttt++: When does self-supervised test-time training fail or thrive?},
  author={Liu, Yuejiang and Kothari, Parth and Van Delft, Bastien and Bellot-Gurlet, Baptiste and Mordan, Taylor and Alahi, Alexandre},
  journal={Advances in Neural Information Processing Systems},
  volume={34},
  pages={21808--21820},
  year={2021}
}

@inproceedings{sun2020test,
  title={Test-time training with self-supervision for generalization under distribution shifts},
  author={Sun, Yu and Wang, Xiaolong and Liu, Zhuang and Miller, John and Efros, Alexei and Hardt, Moritz},
  booktitle={International conference on machine learning},
  pages={9229--9248},
  year={2020},
  organization={PMLR}
}

@inproceedings{jain2011online,
  title={Online domain adaptation of a pre-trained cascade of classifiers},
  author={Jain, Vidit and Learned-Miller, Erik},
  booktitle={CVPR 2011},
  pages={577--584},
  year={2011},
  organization={IEEE}
}

@inproceedings{mullapudi2019online,
  title={Online model distillation for efficient video inference},
  author={Mullapudi, Ravi Teja and Chen, Steven and Zhang, Keyi and Ramanan, Deva and Fatahalian, Kayvon},
  booktitle={Proceedings of the IEEE/CVF International conference on computer vision},
  pages={3573--3582},
  year={2019}
}

@article{nitzan2022mystyle,
  title={Mystyle: A personalized generative prior},
  author={Nitzan, Yotam and Aberman, Kfir and He, Qiurui and Liba, Orly and Yarom, Michal and Gandelsman, Yossi and Mosseri, Inbar and Pritch, Yael and Cohen-Or, Daniel},
  journal={ACM Transactions on Graphics (TOG)},
  volume={41},
  number={6},
  pages={1--10},
  year={2022},
  publisher={ACM New York, NY, USA}
}

@inproceedings{shocher2018zero,
  title={“zero-shot” super-resolution using deep internal learning},
  author={Shocher, Assaf and Cohen, Nadav and Irani, Michal},
  booktitle={Proceedings of the IEEE conference on computer vision and pattern recognition},
  pages={3118--3126},
  year={2018}
}

@inproceedings{tonioni2019learning,
  title={Learning to adapt for stereo},
  author={Tonioni, Alessio and Rahnama, Oscar and Joy, Thomas and Stefano, Luigi Di and Ajanthan, Thalaiyasingam and Torr, Philip HS},
  booktitle={Proceedings of the IEEE/CVF Conference on Computer Vision and Pattern Recognition},
  pages={9661--9670},
  year={2019}
}

@inproceedings{tonioni2019real,
  title={Real-time self-adaptive deep stereo},
  author={Tonioni, Alessio and Tosi, Fabio and Poggi, Matteo and Mattoccia, Stefano and Stefano, Luigi Di},
  booktitle={Proceedings of the IEEE/CVF conference on computer vision and pattern recognition},
  pages={195--204},
  year={2019}
}

@inproceedings{zhang2020online,
  title={Online depth learning against forgetting in monocular videos},
  author={Zhang, Zhenyu and Lathuiliere, Stephane and Ricci, Elisa and Sebe, Nicu and Yan, Yan and Yang, Jian},
  booktitle={Proceedings of the IEEE/CVF Conference on Computer Vision and Pattern Recognition},
  pages={4494--4503},
  year={2020}
}

@inproceedings{zhong2017recovery,
  title={Recovery guarantees for one-hidden-layer neural networks},
  author={Zhong, Kai and Song, Zhao and Jain, Prateek and Bartlett, Peter L and Dhillon, Inderjit S},
  booktitle={International conference on machine learning},
  pages={4140--4149},
  year={2017},
  organization={PMLR}
}

@inproceedings{zhong2018open,
  title={Open-world stereo video matching with deep rnn},
  author={Zhong, Yiran and Li, Hongdong and Dai, Yuchao},
  booktitle={Proceedings of the European Conference on Computer Vision (ECCV)},
  pages={101--116},
  year={2018}
}

@article{gandelsman2022test,
  title={Test-time training with masked autoencoders},
  author={Gandelsman, Yossi and Sun, Yu and Chen, Xinlei and Efros, Alexei},
  journal={Advances in Neural Information Processing Systems},
  volume={35},
  pages={29374--29385},
  year={2022}
}

@article{wang2023test,
  title={Test-time training on video streams},
  author={Wang, Renhao and Sun, Yu and Gandelsman, Yossi and Chen, Xinlei and Efros, Alexei A and Wang, Xiaolong},
  journal={arXiv preprint arXiv:2307.05014},
  year={2023}
}

@article{hansen2020self,
  title={Self-supervised policy adaptation during deployment},
  author={Hansen, Nicklas and Jangir, Rishabh and Sun, Yu and Aleny{\`a}, Guillem and Abbeel, Pieter and Efros, Alexei A and Pinto, Lerrel and Wang, Xiaolong},
  journal={arXiv preprint arXiv:2007.04309},
  year={2020}
}

@article{sun2021online,
  title={Online learning of unknown dynamics for model-based controllers in legged locomotion},
  author={Sun, Yu and Ubellacker, Wyatt L and Ma, Wen-Loong and Zhang, Xiang and Wang, Changhao and Csomay-Shanklin, Noel V and Tomizuka, Masayoshi and Sreenath, Koushil and Ames, Aaron D},
  journal={IEEE Robotics and Automation Letters},
  volume={6},
  number={4},
  pages={8442--8449},
  year={2021},
  publisher={IEEE}
}

@inproceedings{liu2024depth,
  title={Depth-aware Test-Time Training for Zero-shot Video Object Segmentation},
  author={Liu, Weihuang and Shen, Xi and Li, Haolun and Bi, Xiuli and Liu, Bo and Pun, Chi-Man and Cun, Xiaodong},
  booktitle={Proceedings of the IEEE/CVF Conference on Computer Vision and Pattern Recognition},
  pages={19218--19227},
  year={2024}
}

@inproceedings{mirza2023actmad,
  title={Actmad: Activation matching to align distributions for test-time-training},
  author={Mirza, Muhammad Jehanzeb and Soneira, Pol Jan{\'e} and Lin, Wei and Kozinski, Mateusz and Possegger, Horst and Bischof, Horst},
  booktitle={Proceedings of the IEEE/CVF Conference on Computer Vision and Pattern Recognition},
  pages={24152--24161},
  year={2023}
}

@inproceedings{cao2022tctrack,
  title={TCTrack: Temporal contexts for aerial tracking},
  author={Cao, Ziang and Huang, Ziyuan and Pan, Liang and Zhang, Shiwei and Liu, Ziwei and Fu, Changhong},
  booktitle={Proceedings of the IEEE/CVF conference on computer vision and pattern recognition},
  pages={14798--14808},
  year={2022}
}

@article{wang2024mambaevt,
  title={MambaEVT: Event Stream based Visual Object Tracking using State Space Model},
  author={Wang, Xiao and Wang, Shiao and Wang, Xixi and Zhao, Zhicheng and Zhu, Lin and Jiang, Bo and others},
  journal={arXiv preprint arXiv:2408.10487},
  year={2024}
}

@article{zhu2024vision,
  title={Vision mamba: Efficient visual representation learning with bidirectional state space model},
  author={Zhu, Lianghui and Liao, Bencheng and Zhang, Qian and Wang, Xinlong and Liu, Wenyu and Wang, Xinggang},
  journal={arXiv preprint arXiv:2401.09417},
  year={2024}
}

@inproceedings{messikommer2023data,
  title={Data-driven feature tracking for event cameras},
  author={Messikommer, Nico and Fang, Carter and Gehrig, Mathias and Scaramuzza, Davide},
  booktitle={Proceedings of the IEEE/CVF Conference on Computer Vision and Pattern Recognition},
  pages={5642--5651},
  year={2023}
}

@article{xun2024linker,
  title={Linker: Learning Long Short-term Associations for Robust Visual Tracking},
  author={Xun, Zizheng and Di, Shangzhe and Gao, Yulu and Tang, Zongheng and Wang, Gang and Liu, Si and Li, Bo},
  journal={IEEE Transactions on Multimedia},
  year={2024},
  publisher={IEEE}
}

@inproceedings{
hu2022lora,
title={Lo{RA}: Low-Rank Adaptation of Large Language Models},
author={Edward J Hu and Yelong Shen and Phillip Wallis and Zeyuan Allen-Zhu and Yuanzhi Li and Shean Wang and Lu Wang and Weizhu Chen},
booktitle={International Conference on Learning Representations},
year={2022},
}

@inproceedings{bertinetto2016staple,
  title={Staple: Complementary learners for real-time tracking},
  author={Bertinetto, Luca and Valmadre, Jack and Golodetz, Stuart and Miksik, Ondrej and Torr, Philip HS},
  booktitle={Proceedings of the IEEE conference on computer vision and pattern recognition},
  pages={1401--1409},
  year={2016}
}

@inproceedings{bhat2018unveiling,
  title={Unveiling the power of deep tracking},
  author={Bhat, Goutam and Johnander, Joakim and Danelljan, Martin and Khan, Fahad Shahbaz and Felsberg, Michael},
  booktitle={Proceedings of the European conference on computer vision (ECCV)},
  pages={483--498},
  year={2018}
}

@inproceedings{fan2019siamese,
  title={Siamese cascaded region proposal networks for real-time visual tracking},
  author={Fan, Heng and Ling, Haibin},
  booktitle={Proceedings of the IEEE/CVF conference on computer vision and pattern recognition},
  pages={7952--7961},
  year={2019}
}

@inproceedings{bolme2010visual,
  title={Visual object tracking using adaptive correlation filters},
  author={Bolme, David S and Beveridge, J Ross and Draper, Bruce A and Lui, Yui Man},
  booktitle={2010 IEEE computer society conference on computer vision and pattern recognition},
  pages={2544--2550},
  year={2010},
  organization={IEEE}
}

@article{wang2024long,
  title={Long-term Frame-Event Visual Tracking: Benchmark Dataset and Baseline},
  author={Wang, Xiao and Huang, Ju and Wang, Shiao and Tang, Chuanming and Jiang, Bo and Tian, Yonghong and Tang, Jin and Luo, Bin},
  journal={arXiv preprint arXiv:2403.05839},
  year={2024}
}

@misc{danelljan2019pytracking,
  title={PyTracking: Visual tracking library based on PyTorch},
  author={Danelljan, Martin and Bhat, Goutam and Mayer, Christoph},
  year={2019}
}

@article{cui2023mixformer,
      journal={IEEE Transactions on Pattern Analysis and Machine Intelligence}, 
      title={MixFormer: End-to-End Tracking with Iterative Mixed Attention}, 
      author={Yutao Cui and Cheng Jiang and Gangshan Wu and Limin Wang},
      year={2024}
}

@article{xie2024correlation,
      journal={IEEE Transactions on Pattern Analysis and Machine Intelligence}, 
      title={Correlation-Embedded Transformer Tracking: A Single-Branch Framework},
      author={Xie, Fei and Yang, Wankou and Wang, Chunyu and Chu, Lei and Cao, Yue and Ma, Chao and Zeng, Wenjun},
      year={2024}
}

@article{cao2023towards,
  title={Towards Real-World Visual Tracking with Temporal Contexts},
  author={Cao, Ziang and Huang, Ziyuan and Pan, Liang and Zhang, Shiwei and Liu, Ziwei and Fu, Changhong},
  journal={IEEE Transactions on Pattern Analysis and Machine Intelligence},
  year={2023},
  publisher={IEEE}
}

@article{guo2024divert,
  title={Divert More Attention to Vision-Language Object Tracking},
  author={Guo, Mingzhe and Zhang, Zhipeng and Jing, Liping and Ling, Haibin and Fan, Heng},
  journal={IEEE Transactions on Pattern Analysis and Machine Intelligence},
  year={2024},
  publisher={IEEE}
}

@article{li2024textureless,
  title={Textureless Deformable Object Tracking with Invisible Markers},
  author={Li, Xinyuan and Guo, Yu and Tu, Yubei and Ji, Yu and Liu, Yanchen and Ye, Jinwei and Zheng, Changxi},
  journal={IEEE Transactions on Pattern Analysis and Machine Intelligence},
  year={2024},
  publisher={IEEE}
}