@book{Ahrendt16,
  doi = {10.1007/978-3-319-49812-6},
  year = {2016},
  publisher = {Springer},
  editor = {Wolfgang Ahrendt and Bernhard Beckert and Richard Bubel and Reiner H\"{a}hnle and Peter H. Schmitt and Mattias Ulbrich},
  title = {Deductive Software Verification {\textendash} The {KeY} Book}
}

@inproceedings{Alglave18,
author = {Alglave, Jade and Maranget, Luc and McKenney, Paul E. and Parri, Andrea and Stern, Alan},
title = {Frightening Small Children and Disconcerting Grown-ups: Concurrency in the Linux Kernel},
year = {2018},
doi = {10.1145/3173162.3177156},
booktitle = {International Conference on Architectural Support for Programming Languages and Operating Systems}
}

@article{Alglave21,
author = {Alglave, Jade and Deacon, Will and Grisenthwaite, Richard and Hacquard, Antoine and Maranget, Luc},
title = {Armed Cats: Formal Concurrency Modelling at {Arm}},
year = {2021},
volume = {43},
number = {2},
doi = {10.1145/3458926},
journal = {ACM Trans. Program. Lang. Syst.}
}

@article{Beschastnikh20,
author = {Beschastnikh, Ivan and Liu, Perry and Xing, Albert and Wang, Patty and Brun, Yuriy and Ernst, Michael D.},
title = {Visualizing Distributed System Executions},
year = {2020},
volume = {29},
number = {2},
doi = {10.1145/3375633},
journal = {ACM Trans. Softw. Eng. Methodol.},
}

@inproceedings{Bodin14,
author = {Bodin, Martin and Chargueraud, Arthur and Filaretti, Daniele and Gardner, Philippa and Maffeis, Sergio and Naudziuniene, Daiva and Schmitt, Alan and Smith, Gareth},
title = {A Trusted Mechanised {JavaScript} Specification},
year = {2014},
doi = {10.1145/2535838.2535876},
booktitle = {Symposium on Principles of Programming Languages}
}

@inproceedings{Boehm05,
author = {Boehm, Hans-J.},
title = {Threads cannot be implemented as a library},
year = {2005},
doi = {10.1145/1065010.1065042},
booktitle = {Conference on Programming Language Design and Implementation}
}

@INPROCEEDINGS{Bowen00,
  author={Bowen, Jonathan P. and He Jifeng and Xu Qiwen},
  booktitle={International Conference on Formal Engineering Methods},
  title={An animatable operational semantics of the {Verilog} hardware description language},
  year={2000},
  doi={10.1109/ICFEM.2000.873820}
}

@article{Chen23,
author = {Chen, Qinlin and Zhang, Nairen and Wang, Jinpeng and Tan, Tian and Xu, Chang and Ma, Xiaoxing and Li, Yue},
title = {The Essence of {Verilog}: A Tractable and Tested Operational Semantics for {Verilog}},
year = {2023},
volume = {7},
number = {OOPSLA2},
doi = {10.1145/3622805},
journal = {Proceedings of the ACM on Programming Languages}
}

@article{Choi24,
 author = {Choi, Joonwon},
 title = {Formal Semantics of {Verilog}, Revisited for Deductive Verification: A {Coq}-Embedded Verification Framework as a Use Case},
 note = {In submission}
}

@MISC{Cooper12,
 author={Harold Cooper},
 title={Coroutine Event Loops in {Javascript}},
 year={2012},
 howpublished={\url{https://x.st/javascript-coroutines}}
}

@inproceedings{Cummings00,
author = {Clifford E. Cummings},
title = {Nonblocking Assignments in {Verilog} Synthesis, Coding Styles That Kill!},
year = {2000},
booktitle = {Synopsys Users Group ({SNUG})}
}

@article{Eisenstadt88,
title = {The transparent {PROLOG} machine ({TPM}): an execution model and graphical debugger for logic programming},
journal = {The Journal of Logic Programming},
volume = {5},
number = {4},
year = {1988},
doi = {10.1016/0743-1066(88)90001-5},
author = {Marc Eisenstadt and Mike Brayshaw}
}

@INPROCEEDINGS{Gordon95,
author = {Michael Gordon},
booktitle = {Symposium on Logic in Computer Science},
title = {The Semantic Challenge of {Verilog} {HDL}},
year = {1995},
_volume = {},
doi = {10.1109/LICS.1995.523251}
}

@article{Greenberg19,
author = {Greenberg, Michael and Blatt, Austin J.},
title = {Executable Formal Semantics for the {POSIX} Shell},
year = {2019},
volume = {4},
number = {POPL},
doi = {10.1145/3371111},
journal = {Proc. ACM Program. Lang.}
}

@inproceedings{Homer22,
author = {Homer, Michael},
title = {Interleaved {2D} Notation for Concatenative Programming},
year = {2022},
doi = {10.1145/3563836.3568722},
booktitle = {Workshop on Programming Abstractions and Interactive Notations, Tools, and Environments ({PAINT})}
}

@misc{Icarus,
 title = {Icarus {Verilog} website},
 howpublished = {\url{http://iverilog.icarus.com}}
}

@inproceedings{Krebbers17,
author = {Krebbers, Robbert and Timany, Amin and Birkedal, Lars},
title = {Interactive Proofs in Higher-Order Concurrent Separation Logic},
year = {2017},
doi = {10.1145/3009837.3009855},
booktitle = {Symposium on Principles of Programming Languages ({POPL})}
}

@article{Krebbers18,
author = {Krebbers, Robbert and Jourdan, Jacques-Henri and Jung, Ralf and Tassarotti, Joseph and Kaiser, Jan-Oliver and Timany, Amin and Chargu\'{e}raud, Arthur and Dreyer, Derek},
title = {{MoSeL}: A General, Extensible Modal Framework for Interactive Proofs in Separation Logic},
year = {2018},
volume = {2},
number = {ICFP},
doi = {10.1145/3236772},
journal = {Proceedings of the ACM on Programming Languages},
}

@INPROCEEDINGS{Loow22b,
 author={Lööw, Andreas},
 booktitle={Conference on Formal Methods and Models for System Design},
 title={A small, but important, concurrency problem in {Verilog}'s semantics?},
 year={2022},
 doi={10.1109/MEMOCODE57689.2022.9954591}
}

@inproceedings{Materzok19,
author = {Materzok, Marek},
title = {{DigitalJS}: A Visual {Verilog} Simulator for Teaching},
year = {2019},
doi = {10.1145/3375258.3375272},
booktitle = {Computer Science Education Research Conference}
}

@inproceedings{Memarian16,
author = {Memarian, Kayvan and Matthiesen, Justus and Lingard, James and Nienhuis, Kyndylan and Chisnall, David and Watson, Robert N. M. and Sewell, Peter},
title = {Into the Depths of {C}: Elaborating the de Facto Standards},
year = {2016},
doi = {10.1145/2908080.2908081},
booktitle = {Conference on Programming Language Design and Implementation}
}

@article{Memarian19,
author = {Memarian, Kayvan and Gomes, Victor B. F. and Davis, Brooks and Kell, Stephen and Richardson, Alexander and Watson, Robert N. M. and Sewell, Peter},
title = {Exploring {C} Semantics and Pointer Provenance},
year = {2019},
volume = {3},
number = {POPL},
doi = {10.1145/3290380},
journal = {Proceedings of the ACM on Programming Languages},
}

@inproceedings{Meredith10,
 author={Patrick Meredith and Michael Katelman and José Meseguer and Grigore Roşu},
 booktitle={International Conference on Formal Methods and Models for Codesign},
 title={A Formal Executable Semantics of {Verilog}},
 year={2010},
 DOI={10.1109/MEMCOD.2010.5558634}
}

@article{Nestor08,
 author={Nestor, John A.},
 journal={IEEE Transactions on Education},
 title={Experience With the {CADAPPLETS} Project},
 year={2008},
 volume={51},
 number={3},
 doi={10.1109/TE.2008.919650}
}

@inproceedings{OConnor22,
 author = {O'Connor, Liam and Amjad, Rayhana},
 title = {Holbert: Reading, Writing, Proving and Learning in the Browser},
 year = {2022},
 doi = {10.48550/ARXIV.2210.11411},
 booktitle = {Human Aspects of Types and Reasoning Assistants ({HATRA})}
}

@MISC{Philip14,
 author={Philip Roberts},
 title={Loupe web page},
 year={2014},
 howpublished={\url{http://latentflip.com/loupe}}
}

@misc{Pramod,
 author = {Prathyush Pramod},
 title = {Lambda calculus visualizations},
 howpublished = {\url{https://github.com/prathyvsh/lambda-calculus-visualizations}}
}

@article{Rosu10,
  doi = {10.1016/j.jlap.2010.03.012},
  year = {2010},
  volume = {79},
  number = {6},
  author = {Grigore Roșu and Traian Florin Șerb{\u{a}}nut{\u{a}}},
  title = {An overview of the {K} semantic framework},
  journal = {The Journal of Logic and Algebraic Programming}
}

@article{SystemVerilog-2017,
journal={IEEE Std 1800-2017},
title={{IEEE} Standard for {SystemVerilog}--Unified Hardware Design, Specification, and Verification Language},
year={2018},
doi={10.1109/IEEESTD.2018.8299595}
}

@article{SystemVerilog-2023,
journal={IEEE Std 1800-2023},
title={{IEEE} Standard for {SystemVerilog}--Unified Hardware Design, Specification, and Verification Language},
year={2024},
doi={10.1109/IEEESTD.2024.10458102}
}

@inproceedings{Vafeiadis15,
author = {Vafeiadis, Viktor and Balabonski, Thibaut and Chakraborty, Soham and Morisset, Robin and Zappa Nardelli, Francesco},
title = {Common Compiler Optimisations are Invalid in the C11 Memory Model and what we can do about it},
year = {2015},
doi = {10.1145/2676726.2676995},
booktitle = {Symposium on Principles of Programming Languages},
series = {POPL '15}
}

@MISC{Verilator,
 title = {Verilator website},
 howpublished = {\url{https://veripool.org/verilator}}
}

@article{Verilog-2005,
journal={IEEE Std 1364-2005},
title={{IEEE} Standard for {Verilog} Hardware Description Language},
year={2006},
doi={10.1109/IEEESTD.2006.99495}
}

@incollection{Wickerson13,
  doi = {10.1007/978-3-642-37036-6_12},
  year = {2013},
  author = {John Wickerson and Mike Dodds and Matthew Parkinson},
  title = {Ribbon Proofs for Separation Logic},
  booktitle = {European Symposium on Programming ({ESOP})}
}

@MISC{Yosys,
 author = {Claire Wolf},
 title = {Yosys Open SYnthesis Suite},
 howpublished = {\url{https://yosyshq.net/yosys}}
}

% author = {Wilson Snyder}

@manual{vivado,
 title = {Vivado Design Suite User Guide: Getting Started (UG910, v2022.2)},
 organization = {Xilinx},
 year = 2022
}

