%\bibliography{reference}

@article{latif2023sparks,
  title={Sparks of large audio models: A survey and outlook},
  author={Latif, Siddique and Shoukat, Moazzam and Shamshad, Fahad and Usama, Muhammad and Cuay{\'a}huitl, Heriberto and Schuller, Bj{\"o}rn W},
  journal={arXiv preprint arXiv:2308.12792},
  year={2023}
}

@inproceedings{kreuk2022audiogen,
  title={Audiogen: Textually guided audio generation},
  author={Kreuk, Felix and Synnaeve, Gabriel and Polyak, Adam and Singer, Uriel and D{\'e}fossez, Alexandre and Copet, Jade and Parikh, Devi and Taigman, Yaniv and Adi, Yossi},
  booktitle={Proceedings of the International Conference on Learning Representations},
  year={2023}
}

@inproceedings{ziv2024masked,
  title={Masked Audio Generation using a Single Non-Autoregressive Transformer},
  author={Ziv, Alon and Gat, Itai and Lan, Gael Le and Remez, Tal and Kreuk, Felix and D{\'e}fossez, Alexandre and Copet, Jade and Synnaeve, Gabriel and Adi, Yossi},
  booktitle={Proceedings of the International Conference on Learning Representations},
  year={2024},
}



@inproceedings{wullenweber2022coughlime,
  title={CoughLIME: Sonified explanations for the predictions of COVID-19 cough classifiers},
  author={Wullenweber, Anne and Akman, Alican and Schuller, Bj{\"o}rn W},
  booktitle={2022 44th Annual International Conference of the IEEE Engineering in Medicine \& Biology Society (EMBC)},
  pages={1342--1345},
  year={2022},
  organization={IEEE}
}

@inproceedings{wu2023explanations,
      title={Explanations for Automatic Speech Recognition}, 
      author={Xiaoliang Wu and Peter Bell and Ajitha Rajan},
      booktitle={2023 IEEE International Conference on Acoustics, Speech and Signal processing},
      pages={5},
      year={2023},
      organization={IEEE}
} 


@article{akman2024audio,
  title={Audio Explainable Artificial Intelligence: A Review},
  author={Akman, Alican and Schuller, Bj{\"o}rn W},
  journal={Intelligent Computing},
  volume={2},
  pages={0074},
  year={2024},
  publisher={AAAS}
}

@article{yang2023diffsound,
  title={Diffsound: Discrete diffusion model for text-to-sound generation},
  author={Yang, Dongchao and Yu, Jianwei and Wang, Helin and Wang, Wen and Weng, Chao and Zou, Yuexian and Yu, Dong},
  journal={IEEE/ACM Transactions on Audio, Speech, and Language Processing},
  year={2023},
  volume={31},
  pages={1720-1733},
  publisher={IEEE}
}

@article{schneider2023mo,
  title={Moûsai: Text-to-music generation with long-context latent diffusion},
  author={Schneider, Flavio and Kamal, Ojasv and Jin, Zhijing and Sch{\"o}lkopf, Bernhard},
  journal={arXiv preprint arXiv:2301.11757},
  year={2023}
} 

@inproceedings{abnar2020quantifying,
  title={Quantifying attention flow in transformers},
  author={Abnar, Samira and Zuidema, Willem},
  booktitle={Proceedings of the 58th Annual Meeting of the Association for Computational Linguistics},
  pages={4190--4197},
  year={2020},
  organization={Association for Computational Linguistics}
}

@article{becker2018interpreting,
  title={Interpreting and explaining deep neural networks for classification of audio signals},
  author={Becker, S{\"o}ren and Ackermann, Marcel and Lapuschkin, Sebastian and M{\"u}ller, Klaus-Robert and Samek, Wojciech},
  journal={arXiv preprint arXiv:1807.03418},
  year={2018}
}


@misc{haunschmid2020audiolime,
    title={{audioLIME: Listenable Explanations Using Source Separation}},
    author={Verena Haunschmid and Ethan Manilow and Gerhard Widmer},
    year={2020},
    eprint={2008.00582},
    archivePrefix={arXiv},
    primaryClass={cs.SD},
    howpublished={Proceedings of the International Workshop on Machine Learning and Music}
}

@inproceedings{frommholz2023xai,
  title={XAI-based Comparison of Input Representations for Audio Event Classification},
  author={Frommholz, Annika and Seipel, Fabian and Lapuschkin, Sebastian and Samek, Wojciech and Vielhaben, Johanna},
  booktitle = {Proceedings of the International Conference on Content-Based Multimedia Indexing},
  pages = {126–132},
  year={2023}
}

@inproceedings{liu2023audioldm,
  title={Audioldm: Text-to-audio generation with latent diffusion models},
  author={Liu, Haohe and Chen, Zehua and Yuan, Yi and Mei, Xinhao and Liu, Xubo and Mandic, Danilo and Wang, Wenwu and Plumbley, Mark D},
  booktitle = {Proceedings of the International Conference on Machine Learning},
  pages = {21450--21474},
  year = {2023},
}

@article{copet2024simple,
  title={Simple and controllable music generation},
  author={Copet, Jade and Kreuk, Felix and Gat, Itai and Remez, Tal and Kant, David and Synnaeve, Gabriel and Adi, Yossi and D{\'e}fossez, Alexandre},
  journal={Advances in Neural Information Processing Systems},
  volume={36},
  year={2024}
}

@article{achiam2023gpt,
  title={Gpt-4 technical report},
  author={Achiam, Josh and Adler, Steven and Agarwal, Sandhini and Ahmad, Lama and Akkaya, Ilge and Aleman, Florencia Leoni and Almeida, Diogo and Altenschmidt, Janko and Altman, Sam and Anadkat, Shyamal and others},
  journal={arXiv preprint arXiv:2303.08774},
  year={2023}
}

@article{yang2023inference,
  title={Inference with reference: Lossless acceleration of large language models},
  author={Yang, Nan and Ge, Tao and Wang, Liang and Jiao, Binxing and Jiang, Daxin and Yang, Linjun and Majumder, Rangan and Wei, Furu},
  journal={arXiv preprint arXiv:2304.04487},
  year={2023}
}

@article{vaswani2017attention,
  title={Attention is all you need},
  author={Vaswani, Ashish and Shazeer, Noam and Parmar, Niki and Uszkoreit, Jakob and Jones, Llion and Gomez, Aidan N and Kaiser, {\L}ukasz and Polosukhin, Illia},
  journal={Advances in Neural Information Processing Systems},
  volume={30},
  year={2017}
}

@article{zeghidour2021soundstream,
  title={Soundstream: An end-to-end neural audio codec},
  author={Zeghidour, Neil and Luebs, Alejandro and Omran, Ahmed and Skoglund, Jan and Tagliasacchi, Marco},
  journal={IEEE/ACM Transactions on Audio, Speech, and Language Processing},
  volume={30},
  pages={495--507},
  year={2021},
  publisher={IEEE}
}

@article{yang2023diffusion,
  title={Diffusion models: A comprehensive survey of methods and applications},
  author={Yang, Ling and Zhang, Zhilong and Song, Yang and Hong, Shenda and Xu, Runsheng and Zhao, Yue and Zhang, Wentao and Cui, Bin and Yang, Ming-Hsuan},
  journal={ACM Computing Surveys},
  volume={56},
  number={4},
  pages={1--39},
  year={2023},
  publisher={ACM}
}

@inproceedings{sun2022investigating,
  title={Investigating explainability of generative AI for code through scenario-based design},
  author={Sun, Jiao and Liao, Q Vera and Muller, Michael and Agarwal, Mayank and Houde, Stephanie and Talamadupula, Kartik and Weisz, Justin D},
  booktitle={27th International Conference on Intelligent User Interfaces},
  pages={212--228},
  year={2022}
}

@article{nagahisarchoghaei2023empirical,
  title={An empirical survey on explainable ai technologies: Recent trends, use-cases, and categories from technical and application perspectives},
  author={Nagahisarchoghaei, Mohammad and Nur, Nasheen and Cummins, Logan and Nur, Nashtarin and Karimi, Mirhossein Mousavi and Nandanwar, Shreya and Bhattacharyya, Siddhartha and Rahimi, Shahram},
  journal={Electronics},
  volume={12},
  number={5},
  pages={1092},
  year={2023},
  publisher={MDPI}
}

@article{pearl2009causal,
  title={Causal inference in statistics: An overview},
  author={Pearl, Judea},
  volume = {3},
  journal = {Statistics Surveys},
  pages = {96 -- 146},
  year={2009}
}

@inproceedings{kenny2021post,
  title={Post-hoc explanation options for XAI in deep learning: The Insight centre for data analytics perspective},
  author={Kenny, Eoin M and Delaney, Eoin D and Greene, Derek and Keane, Mark T},
  booktitle={Proceedings of the ICPR International Workshops and Challenges},
  pages={20--34},
  year={2021}
}


@article{ali2023explainable,
  title={Explainable Artificial Intelligence (XAI): What we know and what is left to attain Trustworthy Artificial Intelligence},
  author={Ali, Sajid and Abuhmed, Tamer and El-Sappagh, Shaker and Muhammad, Khan and Alonso-Moral, Jose M and Confalonieri, Roberto and Guidotti, Riccardo and Del Ser, Javier and D{\'\i}az-Rodr{\'\i}guez, Natalia and Herrera, Francisco},
  journal={Information fusion},
  volume={99},
  pages={101805},
  year={2023},
  publisher={Elsevier}
}

@inproceedings{tan2022learning,
  title={Learning and evaluating graph neural network explanations based on counterfactual and factual reasoning},
  author={Tan, Juntao and Geng, Shijie and Fu, Zuohui and Ge, Yingqiang and Xu, Shuyuan and Li, Yunqi and Zhang, Yongfeng},
  booktitle={Proceedings of the ACM Web Conference},
  pages={1018--1027},
  year={2022}
}

@article{raffel2020exploring,
  title={Exploring the limits of transfer learning with a unified text-to-text transformer},
  author={Raffel, Colin and Shazeer, Noam and Roberts, Adam and Lee, Katherine and Narang, Sharan and Matena, Michael and Zhou, Yanqi and Li, Wei and Liu, Peter J},
  journal={Journal of Machine Learning Research},
  volume={21},
  number={140},
  pages={1--67},
  year={2020}
}

@article{defossez2022high,
  title={High Fidelity Neural Audio Compression},
author={Alexandre D{\'e}fossez and Jade Copet and Gabriel Synnaeve and Yossi Adi},
journal={Transactions on Machine Learning Research},
issn={2835-8856},
year={2023}
}

@article{ho2022classifier,
  title={Classifier-free diffusion guidance},
  author={Ho, Jonathan and Salimans, Tim},
  journal={arXiv preprint arXiv:2207.12598},
  year={2022}
}

@inproceedings{kharitonov2021text,
  title={Text-free prosody-aware generative spoken language modeling},
  author={Kharitonov, Eugene and Lee, Ann and Polyak, Adam and Adi, Yossi and Copet, Jade and Lakhotia, Kushal and Nguyen, Tu-Anh and Rivi{\`e}re, Morgane and Mohamed, Abdelrahman and Dupoux, Emmanuel and others},
  booktitle = {Proceedings of the 60th Annual Meeting of the Association for Computational Linguistics (Volume 1: Long Papers)},
  year = {2022},
  pages = {8666--8681},
}

@inproceedings{jang2016categorical,
  title={Categorical reparameterization with gumbel-softmax},
  author={Jang and Eric and Gu and Shixiang and Poole and Ben},
  booktitle={Proceedings of the International Conference on Learning Representations},
  year={2017}
}

@article{queen2024encoding,
  title={Encoding time-series explanations through self-supervised model behavior consistency},
  author={Queen, Owen and Hartvigsen, Tom and Koker, Teddy and He, Huan and Tsiligkaridis, Theodoros and Zitnik, Marinka},
  journal={Advances in Neural Information Processing Systems},
  volume={36},
  year={2024}
}

@inproceedings{nguyen2020differentiable,
  title={Differentiable window for dynamic local attention},
  author={Nguyen, Thanh-Tung and Nguyen, Xuan-Phi and Joty, Shafiq and Li, Xiaoli},
  booktitle = {Proceedings of the 58th Annual Meeting of the Association for Computational Linguistics},
  year={2020},
  pages = {6589--6599},
}

@inproceedings{cai2022efficient,
  title={Efficient deep embedded subspace clustering},
  author={Cai, Jinyu and Fan, Jicong and Guo, Wenzhong and Wang, Shiping and Zhang, Yunhe and Zhang, Zhao},
  booktitle={Proceedings of the IEEE/CVF Conference on Computer Vision and Pattern Recognition},
  pages={1--10},
  year={2022}
}

@article{blumer1987occam,
  title={Occam's razor},
  author={Blumer, Anselm and Ehrenfeucht, Andrzej and Haussler, David and Warmuth, Manfred K},
  journal={Information Processing Letters},
  volume={24},
  number={6},
  pages={377--380},
  year={1987},
  publisher={Elsevier}
}

@article{tjoa2020survey,
  title={A survey on explainable artificial intelligence (xai): Toward medical xai},
  author={Tjoa, Erico and Guan, Cuntai},
  journal={IEEE Transactions on Neural Networks and Learning Systems},
  volume={32},
  number={11},
  pages={4793--4813},
  year={2020},
  publisher={IEEE}
}
@inproceedings{selvaraju2017grad,
  title={Grad-cam: Visual explanations from deep networks via gradient-based localization},
  author={Selvaraju, Ramprasaath R and Cogswell, Michael and Das, Abhishek and Vedantam, Ramakrishna and Parikh, Devi and Batra, Dhruv},
  booktitle={Proceedings of the IEEE International Conference on Computer Vision},
  pages={618--626},
  year={2017}
}

@inproceedings{sundararajan2017axiomatic,
  title={Axiomatic attribution for deep networks},
  author={Sundararajan, Mukund and Taly, Ankur and Yan, Qiqi},
  booktitle={Proceedings of the International Conference on Machine Learning},
  pages={3319--3328},
  year={2017}
}

@article{li2021survey,
  title={A survey of convolutional neural networks: analysis, applications, and prospects},
  author={Li, Zewen and Liu, Fan and Yang, Wenjie and Peng, Shouheng and Zhou, Jun},
  journal={IEEE Transactions on Neural Networks and Learning Systems},
  volume={33},
  number={12},
  pages={6999--7019},
  year={2021},
  publisher={IEEE}
}

@article{achtibat2024attnlrp,
  title={Attnlrp: attention-aware layer-wise relevance propagation for transformers},
  author={Achtibat, Reduan and Hatefi, Sayed Mohammad Vakilzadeh and Dreyer, Maximilian and Jain, Aakriti and Wiegand, Thomas and Lapuschkin, Sebastian and Samek, Wojciech},
  journal={arXiv preprint arXiv:2402.05602},
  year={2024}
}

@article{montavon2019layer,
  title={Layer-wise relevance propagation: an overview},
  author={Montavon, Gr{\'e}goire and Binder, Alexander and Lapuschkin, Sebastian and Samek, Wojciech and M{\"u}ller, Klaus-Robert},
  journal={Explainable AI: Interpreting, Explaining and Visualizing Deep Learning},
  pages={193--209},
  year={2019},
  publisher={Springer}
}


@article{samek2017explainable,
  title={Explainable artificial intelligence: Understanding, visualizing and interpreting deep learning models},
  author={Samek, Wojciech and Wiegand, Thomas and M{\"u}ller, Klaus-Robert},
  journal={arXiv preprint arXiv:1708.08296},
  year={2017}

}
@article{lundberg2017unified,
  title={A unified approach to interpreting model predictions},
  author={Lundberg, Scott M and Lee, Su-In},
  journal={Advances in Neural Information Processing Systems},
  volume={30},
  year={2017}
}

@inproceedings{jain2019attention,
  title={Attention is not explanation},
  author={Jain, Sarthak and Wallace, Byron C},
  booktitle={Proceedings of the 2019 Conference on Empirical Methods in Natural Language Processing and the 9th International Joint Conference on Natural Language Processing},
  year={2019},
  pages={11--20}
}

@article{niu2021review,
  title={A review on the attention mechanism of deep learning},
  author={Niu, Zhaoyang and Zhong, Guoqiang and Yu, Hui},
  journal={Neurocomputing},
  volume={452},
  pages={48--62},
  year={2021},
  publisher={Elsevier}
}

@article{hertz2022prompt,
  title={Prompt-to-prompt image editing with cross attention control},
  author={Hertz, Amir and Mokady, Ron and Tenenbaum, Jay and Aberman, Kfir and Pritch, Yael and Cohen-Or, Daniel},
  journal={arXiv preprint arXiv:2208.01626},
  year={2022}
}

@inproceedings{
  gandelsman2024interpreting,
  title={Interpreting CLIP's Image Representation via Text-Based Decomposition},
  author={Gandelsman, Yossi and Efros, Alexei A and Steinhardt, Jacob},
  booktitle={The Twelfth International Conference on Learning Representations},
  year={2024},
}

@inproceedings{gemmeke2017audio,
  title={Audio set: An ontology and human-labeled dataset for audio events},
  author={Gemmeke, Jort F and Ellis, Daniel PW and Freedman, Dylan and Jansen, Aren and Lawrence, Wade and Moore, R Channing and Plakal, Manoj and Ritter, Marvin},
  booktitle={2017 IEEE International Conference on Acoustics, Speech and Signal processing},
  pages={776--780},
  year={2017},
  organization={IEEE}
}

@article{koutini2021efficient,
  title={Efficient training of audio transformers with patchout},
  author={Koutini, Khaled and Schl{\"u}ter, Jan and Eghbal-Zadeh, Hamid and Widmer, Gerhard},
  journal={arXiv preprint arXiv:2110.05069},
  year={2021}
}

@article{kong2020panns,
  title={Panns: Large-scale pretrained audio neural networks for audio pattern recognition},
  author={Kong, Qiuqiang and Cao, Yin and Iqbal, Turab and Wang, Yuxuan and Wang, Wenwu and Plumbley, Mark D},
  journal={IEEE/ACM Transactions on Audio, Speech, and Language Processing},
  volume={28},
  pages={2880--2894},
  year={2020},
  publisher={IEEE}
}

@inproceedings{kim2019audiocaps,
  title={Audiocaps: Generating captions for audios in the wild},
  author={Kim, Chris Dongjoo and Kim, Byeongchang and Lee, Hyunmin and Kim, Gunhee},
  booktitle={Proceedings of the Conference of the North American Chapter of the Association for Computational Linguistics},
  pages={119--132},
  year={2019}
}

@inproceedings{chefer2021generic,
  title={Generic attention-model explainability for interpreting bi-modal and encoder-decoder transformers},
  author={Chefer, Hila and Gur, Shir and Wolf, Lior},
  booktitle={Proceedings of the IEEE/CVF International Conference on Computer Vision},
  pages={397--406},
  year={2021}
}

@article{deiseroth2023atman,
  title={AtMan: Understanding transformer predictions through memory efficient attention manipulation},
  author={Deiseroth, Bj{\"o}rn and Deb, Mayukh and Weinbach, Samuel and Brack, Manuel and Schramowski, Patrick and Kersting, Kristian},
  journal={Advances in Neural Information Processing Systems},
  volume={36},
  year={2023}
}

@article{kilgour2018fr,
  title={Fréchet Audio Distance: A Metric for Evaluating Music Enhancement Algorithms},
  author={Kilgour, Kevin and Zuluaga, Mauricio and Roblek, Dominik and Sharifi, Matthew},
  journal={arXiv preprint arXiv:1812.08466},
  year={2018}
}

@inproceedings{huang2023make,
  title={Make-an-audio: Text-to-audio generation with prompt-enhanced diffusion models},
  author={Huang, Rongjie and Huang, Jiawei and Yang, Dongchao and Ren, Yi and Liu, Luping and Li, Mingze and Ye, Zhenhui and Liu, Jinglin and Yin, Xiang and Zhao, Zhou},
  booktitle={Proceedings of the International Conference on Machine Learning},
  pages={13916--13932},
  year={2023}
}

@inproceedings{yuan2021explainability,
  title={On explainability of graph neural networks via subgraph explorations},
  author={Yuan, Hao and Yu, Haiyang and Wang, Jie and Li, Kang and Ji, Shuiwang},
  booktitle={Proceedings of the International Conference on Machine Learning},
  pages={12241--12252},
  year={2021}
}

@inproceedings{ribeiro2016should,
  title={``Why should I trust you?'' Explaining the predictions of any classifier},
  author={Ribeiro, Marco Tulio and Singh, Sameer and Guestrin, Carlos},
  booktitle={Proceedings of the ACM SIGKDD International Conference on Knowledge Discovery and Data Mining},
  pages={1135--1144},
  year={2016}
}

@article{adebayo2018sanity,
  title={Sanity checks for saliency maps},
  author={Adebayo, Julius and Gilmer, Justin and Muelly, Michael and Goodfellow, Ian and Hardt, Moritz and Kim, Been},
  journal={Advances in Neural Information Processing Systems},
  volume={31},
  year={2018}
}

@article{yuan2022explainability,
  title={Explainability in graph neural networks: A taxonomic survey},
  author={Yuan, Hao and Yu, Haiyang and Gui, Shurui and Ji, Shuiwang},
  journal={IEEE Transactions on Pattern Analysis and Machine Intelligence},
  volume={45},
  number={5},
  pages={5782--5799},
  year={2022},
  publisher={IEEE}
}

@inproceedings{fad,
  title     = {Fréchet Audio Distance: A Reference-Free Metric for Evaluating Music Enhancement Algorithms},
  author    = {Kevin Kilgour and Mauricio Zuluaga and Dominik Roblek and Matthew Sharifi},
  year      = {2019},
  booktitle = {Proceedings of the Annual Conference of the International Speech Communication Association},
  pages     = {2350--2354}
}