@article{alcaraz2023diffusion,
  title={Diffusion-based conditional ECG generation with structured state space models},
  author={Alcaraz, Juan Miguel Lopez and Strodthoff, Nils},
  journal={Computers in biology and medicine},
  volume={163},
  pages={107115},
  year={2023},
  publisher={Elsevier}
}

@inproceedings{chung2023text,
  title={Text-to-ecg: 12-lead electrocardiogram synthesis conditioned on clinical text reports},
  author={Chung, Hyunseung and Kim, Jiho and Kwon, Joon-myoung and Jeon, Ki-Hyun and Lee, Min Sung and Choi, Edward},
  booktitle={ICASSP 2023-2023 IEEE International Conference on Acoustics, Speech and Signal Processing (ICASSP)},
  pages={1--5},
  year={2023},
  organization={IEEE}
}

@inproceedings{golany2019pgans,
  title={Pgans: Personalized generative adversarial networks for ecg synthesis to improve patient-specific deep ecg classification},
  author={Golany, Tomer and Radinsky, Kira},
  booktitle={Proceedings of the AAAI Conference on Artificial Intelligence},
  volume={33},
  number={01},
  pages={557--564},
  year={2019}
}

@inproceedings{golany2020simgans,
  title={SimGANs: Simulator-based generative adversarial networks for ECG synthesis to improve deep ECG classification},
  author={Golany, Tomer and Radinsky, Kira and Freedman, Daniel},
  booktitle={International Conference on Machine Learning},
  pages={3597--3606},
  year={2020},
  organization={PMLR}
}

@inproceedings{golany2021ecg,
  title={{ECG ODE-GAN}: Learning ordinary differential equations of ecg dynamics via generative adversarial learning},
  author={Golany, Tomer and Freedman, Daniel and Radinsky, Kira},
  booktitle={Proceedings of the AAAI Conference on Artificial Intelligence},
  volume={35},
  number={1},
  pages={134--141},
  year={2021}
}

@article{hu2024personalized,
  title={Personalized Heart Disease Detection via ECG Digital Twin Generation},
  author={Hu, Yaojun and Chen, Jintai and Hu, Lianting and Li, Dantong and Yan, Jiahuan and Ying, Haochao and Liang, Huiying and Wu, Jian},
  journal={arXiv preprint arXiv:2404.11171},
  year={2024}
}

@article{li2024biodiffusion,
  title={Biodiffusion: A versatile diffusion model for biomedical signal synthesis},
  author={Li, Xiaomin and Sakevych, Mykhailo and Atkinson, Gentry and Metsis, Vangelis},
  journal={Bioengineering},
  volume={11},
  number={4},
  pages={299},
  year={2024},
  publisher={MDPI}
}

@article{mcsharry2003dynamical,
  title={A dynamical model for generating synthetic electrocardiogram signals},
  author={McSharry, Patrick E and Clifford, Gari D and Tarassenko, Lionel and Smith, Leonard A},
  journal={IEEE transactions on biomedical engineering},
  volume={50},
  number={3},
  pages={289--294},
  year={2003},
  publisher={IEEE}
}

@article{neifar2023diffecg,
  title={DiffECG: A Versatile Probabilistic Diffusion Model for ECG Signals Synthesis},
  author={Neifar, Nour and Ben-Hamadou, Achraf and Mdhaffar, Afef and Jmaiel, Mohamed},
  journal={arXiv preprint arXiv:2306.01875},
  year={2023}
}

@inproceedings{simone2023ecgan,
  title={ECGAN: Self-supervised generative adversarial network for electrocardiography},
  author={Simone, Lorenzo and Bacciu, Davide},
  booktitle={International Conference on Artificial Intelligence in Medicine},
  pages={276--280},
  year={2023},
  organization={Springer}
}

@article{zama2023ecg,
  title={Ecg synthesis via diffusion-based state space augmented transformer},
  author={Zama, Md Haider and Schwenker, Friedhelm},
  journal={Sensors},
  volume={23},
  number={19},
  pages={8328},
  year={2023},
  publisher={MDPI}
}

