@inproceedings{golany2020simgans,
  title={SimGANs: Simulator-based generative adversarial networks for ECG synthesis to improve deep ECG classification},
  author={Golany, Tomer and Radinsky, Kira and Freedman, Daniel},
  booktitle={International Conference on Machine Learning},
  pages={3597--3606},
  year={2020},
  organization={PMLR}
}

@inproceedings{golany2021ecg,
  title={{ECG ODE-GAN}: Learning ordinary differential equations of ecg dynamics via generative adversarial learning},
  author={Golany, Tomer and Freedman, Daniel and Radinsky, Kira},
  booktitle={Proceedings of the AAAI Conference on Artificial Intelligence},
  volume={35},
  number={1},
  pages={134--141},
  year={2021}
}

@article{mcsharry2003dynamical,
  title={A dynamical model for generating synthetic electrocardiogram signals},
  author={McSharry, Patrick E and Clifford, Gari D and Tarassenko, Lionel and Smith, Leonard A},
  journal={IEEE transactions on biomedical engineering},
  volume={50},
  number={3},
  pages={289--294},
  year={2003},
  publisher={IEEE}
}

@inproceedings{golany2019pgans,
  title={Pgans: Personalized generative adversarial networks for ecg synthesis to improve patient-specific deep ecg classification},
  author={Golany, Tomer and Radinsky, Kira},
  booktitle={Proceedings of the AAAI Conference on Artificial Intelligence},
  volume={33},
  number={01},
  pages={557--564},
  year={2019}
}

@article{hu2024personalized,
  title={Personalized Heart Disease Detection via ECG Digital Twin Generation},
  author={Hu, Yaojun and Chen, Jintai and Hu, Lianting and Li, Dantong and Yan, Jiahuan and Ying, Haochao and Liang, Huiying and Wu, Jian},
  journal={arXiv preprint arXiv:2404.11171},
  year={2024}
}

@article{roth2018global,
  title={Global, regional, and national age-sex-specific mortality for 282 causes of death in 195 countries and territories, 1980--2017: a systematic analysis for the Global Burden of Disease Study 2017},
  author={Roth, Gregory A and Abate, Degu and Abate, Kalkidan Hassen and Abay, Solomon M and Abbafati, Cristiana and Abbasi, Nooshin and Abbastabar, Hedayat and Abd-Allah, Foad and Abdela, Jemal and Abdelalim, Ahmed and others},
  journal={The lancet},
  volume={392},
  number={10159},
  pages={1736--1788},
  year={2018},
  publisher={Elsevier}
}

@article{chen2021electrocardio,
  title={Electrocardio panorama: synthesizing new ECG views with self-supervision},
  author={Chen, Jintai and Zheng, Xiangshang and Yu, Hongyun and Chen, Danny Z and Wu, Jian},
  journal={arXiv preprint arXiv:2105.06293},
  year={2021}
}

@inproceedings{chen2022me,
  title={ME-GAN: Learning panoptic electrocardio representations for multi-view ECG synthesis conditioned on heart diseases},
  author={Chen, Jintai and Liao, Kuanlun and Wei, Kun and Ying, Haochao and Chen, Danny Z and Wu, Jian},
  booktitle={International Conference on Machine Learning},
  pages={3360--3370},
  year={2022},
  organization={PMLR}
}

@article{chen2024congenital,
  title={Congenital heart disease detection by pediatric electrocardiogram based deep learning integrated with human concepts},
  author={Chen, Jintai and Huang, Shuai and Zhang, Ying and Chang, Qing and Zhang, Yixiao and Li, Dantong and Qiu, Jia and Hu, Lianting and Peng, Xiaoting and Du, Yunmei and others},
  journal={Nature Communications},
  volume={15},
  number={1},
  pages={976},
  year={2024},
  publisher={Nature Publishing Group UK London}
}

@article{moody2001physionet,
  title={PhysioNet: a web-based resource for the study of physiologic signals},
  author={Moody, George B and Mark, Roger G and Goldberger, Ary L},
  journal={IEEE Engineering in Medicine and Biology Magazine},
  volume={20},
  number={3},
  pages={70--75},
  year={2001},
  publisher={IEEE}
}

@inproceedings{chung2023text,
  title={Text-to-ecg: 12-lead electrocardiogram synthesis conditioned on clinical text reports},
  author={Chung, Hyunseung and Kim, Jiho and Kwon, Joon-myoung and Jeon, Ki-Hyun and Lee, Min Sung and Choi, Edward},
  booktitle={ICASSP 2023-2023 IEEE International Conference on Acoustics, Speech and Signal Processing (ICASSP)},
  pages={1--5},
  year={2023},
  organization={IEEE}
}

@article{vaswani2017attention,
  title={Attention is all you need},
  author={Vaswani, Ashish and Shazeer, Noam and Parmar, Niki and Uszkoreit, Jakob and Jones, Llion and Gomez, Aidan N and Kaiser, {\L}ukasz and Polosukhin, Illia},
  journal={Advances in neural information processing systems},
  volume={30},
  year={2017}
}

@inproceedings{zhang2023adding,
  title={Adding conditional control to text-to-image diffusion models},
  author={Zhang, Lvmin and Rao, Anyi and Agrawala, Maneesh},
  booktitle={Proceedings of the IEEE/CVF International Conference on Computer Vision},
  pages={3836--3847},
  year={2023}
}

@article{roden2004drug,
  title={Drug-induced prolongation of the QT interval},
  author={Roden, Dan M},
  journal={New England Journal of Medicine},
  volume={350},
  number={10},
  pages={1013--1022},
  year={2004},
  publisher={Mass Medical Soc}
}

@article{skibsbye2016mechanism,
  title={Mechanism of proarrhythmic effects of potassium channel blockers},
  author={Skibsbye, Lasse and Ravens, Ursula},
  journal={Cardiac electrophysiology clinics},
  volume={8},
  number={2},
  pages={395--410},
  year={2016},
  publisher={Elsevier}
}

@article{remme2014targeting,
  title={Targeting sodium channels in cardiac arrhythmia},
  author={Remme, Carol Ann and Wilde, Arthur AM},
  journal={Current opinion in pharmacology},
  volume={15},
  pages={53--60},
  year={2014},
  publisher={Elsevier}
}

@article{rienstra2013beta,
  title={Beta-blockers and outcome in heart failure and atrial fibrillation: a meta-analysis},
  author={Rienstra, Michiel and Damman, Kevin and Mulder, Bart A and Van Gelder, Isabelle C and McMurray, John JV and Van Veldhuisen, Dirk J},
  journal={JACC: Heart Failure},
  volume={1},
  number={1},
  pages={21--28},
  year={2013},
  publisher={American College of Cardiology Foundation Washington, DC}
}

@article{martindale2015beta,
  title={$\beta$-Blockers versus calcium channel blockers for acute rate control of atrial fibrillation with rapid ventricular response: a systematic review},
  author={Martindale, Jennifer L and deSouza, Ian S and Silverberg, Mark and Freedman, Joseph and Sinert, Richard},
  journal={European Journal of Emergency Medicine},
  volume={22},
  number={3},
  pages={150--154},
  year={2015},
  publisher={LWW}
}

@article{dauchot1971effects,
  title={Effects of atropine on the electrocardiogram in different age groups},
  author={Dauchot, Paul and Gravenstein, JS},
  journal={Clinical Pharmacology \& Therapeutics},
  volume={12},
  number={2part1},
  pages={274--280},
  year={1971},
  publisher={Wiley Online Library}
}

@article{campbell2003digoxin,
  title={Digoxin in heart failure and cardiac arrhythmias},
  author={Campbell, Terence J and MacDonald, Peter S},
  journal={Medical journal of Australia},
  volume={179},
  number={2},
  pages={98--102},
  year={2003}
}

@article{reynolds2004warfarin,
  title={Warfarin anticoagulation and outcomes in patients with atrial fibrillation: a systematic review and metaanalysis},
  author={Reynolds, Matthew W and Fahrbach, Kyle and Hauch, Ole and Wygant, Gail and Estok, Rhonda and Cella, Catherine and Nalysnyk, Luba},
  journal={Chest},
  volume={126},
  number={6},
  pages={1938--1945},
  year={2004},
  publisher={Elsevier}
}

@article{goodfellow2020generative,
  title={Generative adversarial networks},
  author={Goodfellow, Ian and Pouget-Abadie, Jean and Mirza, Mehdi and Xu, Bing and Warde-Farley, David and Ozair, Sherjil and Courville, Aaron and Bengio, Yoshua},
  journal={Communications of the ACM},
  volume={63},
  number={11},
  pages={139--144},
  year={2020},
  publisher={ACM New York, NY, USA}
}

@article{ho2020denoising,
  title={Denoising diffusion probabilistic models},
  author={Ho, Jonathan and Jain, Ajay and Abbeel, Pieter},
  journal={Advances in neural information processing systems},
  volume={33},
  pages={6840--6851},
  year={2020}
}

@inproceedings{gregor2014deep,
  title={Deep autoregressive networks},
  author={Gregor, Karol and Danihelka, Ivo and Mnih, Andriy and Blundell, Charles and Wierstra, Daan},
  booktitle={International Conference on Machine Learning},
  pages={1242--1250},
  year={2014},
  organization={PMLR}
}

@article{neifar2023diffecg,
  title={DiffECG: A Versatile Probabilistic Diffusion Model for ECG Signals Synthesis},
  author={Neifar, Nour and Ben-Hamadou, Achraf and Mdhaffar, Afef and Jmaiel, Mohamed},
  journal={arXiv preprint arXiv:2306.01875},
  year={2023}
}

@article{alcaraz2023diffusion,
  title={Diffusion-based conditional ECG generation with structured state space models},
  author={Alcaraz, Juan Miguel Lopez and Strodthoff, Nils},
  journal={Computers in biology and medicine},
  volume={163},
  pages={107115},
  year={2023},
  publisher={Elsevier}
}

@article{zama2023ecg,
  title={Ecg synthesis via diffusion-based state space augmented transformer},
  author={Zama, Md Haider and Schwenker, Friedhelm},
  journal={Sensors},
  volume={23},
  number={19},
  pages={8328},
  year={2023},
  publisher={MDPI}
}

@inproceedings{sohl2015deep,
  title={Deep unsupervised learning using nonequilibrium thermodynamics},
  author={Sohl-Dickstein, Jascha and Weiss, Eric and Maheswaranathan, Niru and Ganguli, Surya},
  booktitle={International conference on machine learning},
  pages={2256--2265},
  year={2015},
  organization={PMLR}
}

@article{malik1990heart,
  title={Heart rate variability},
  author={Malik, Marek and Camm, A John},
  journal={Clinical cardiology},
  volume={13},
  number={8},
  pages={570--576},
  year={1990},
  publisher={Wiley Online Library}
}

@book{sornmo2005bioelectrical,
  title={Bioelectrical signal processing in cardiac and neurological applications},
  author={S{\"o}rnmo, Leif and Laguna, Pablo},
  year={2005},
  publisher={Academic press}
}

@book{butcher1987numerical,
  title={The numerical analysis of ordinary differential equations: Runge-Kutta and general linear methods},
  author={Butcher, John Charles},
  year={1987},
  publisher={Wiley-Interscience}
}

@book{atkinson1991introduction,
  title={An introduction to numerical analysis},
  author={Atkinson, Kendall},
  year={1991},
  publisher={John wiley \& sons}
}

@book{milne2000calculus,
  title={The calculus of finite differences},
  author={Milne-Thomson, Louis Melville},
  year={2000},
  publisher={American Mathematical Soc.}
}

@inproceedings{reed2016generative,
  title={Generative adversarial text to image synthesis},
  author={Reed, Scott and Akata, Zeynep and Yan, Xinchen and Logeswaran, Lajanugen and Schiele, Bernt and Lee, Honglak},
  booktitle={International conference on machine learning},
  pages={1060--1069},
  year={2016},
  organization={PMLR}
}

@inproceedings{park2019semantic,
  title={Semantic image synthesis with spatially-adaptive normalization},
  author={Park, Taesung and Liu, Ming-Yu and Wang, Ting-Chun and Zhu, Jun-Yan},
  booktitle={Proceedings of the IEEE/CVF conference on computer vision and pattern recognition},
  pages={2337--2346},
  year={2019}
}

@article{saharia2022image,
  title={Image super-resolution via iterative refinement},
  author={Saharia, Chitwan and Ho, Jonathan and Chan, William and Salimans, Tim and Fleet, David J and Norouzi, Mohammad},
  journal={IEEE transactions on pattern analysis and machine intelligence},
  volume={45},
  number={4},
  pages={4713--4726},
  year={2022},
  publisher={IEEE}
}

@inproceedings{arjovsky2017wasserstein,
  title={Wasserstein generative adversarial networks},
  author={Arjovsky, Martin and Chintala, Soumith and Bottou, L{\'e}on},
  booktitle={International conference on machine learning},
  pages={214--223},
  year={2017},
  organization={PMLR}
}

@article{radford2015unsupervised,
  title={Unsupervised representation learning with deep convolutional generative adversarial networks},
  author={Radford, Alec and Metz, Luke and Chintala, Soumith},
  journal={arXiv preprint arXiv:1511.06434},
  year={2015}
}

@inproceedings{tran2023novel,
  title={A Novel Approach for Long ECG Synthesis Utilize Diffusion Probabilistic Model},
  author={Tran, Diem Thi and Tran, Quoc Ngoc and Dang, Thi Thu Khiet and Tran, Dat Hoang},
  booktitle={Proceedings of the 2023 8th International Conference on Intelligent Information Technology},
  pages={251--258},
  year={2023}
}

@article{li2024biodiffusion,
  title={Biodiffusion: A versatile diffusion model for biomedical signal synthesis},
  author={Li, Xiaomin and Sakevych, Mykhailo and Atkinson, Gentry and Metsis, Vangelis},
  journal={Bioengineering},
  volume={11},
  number={4},
  pages={299},
  year={2024},
  publisher={MDPI}
}

@article{heusel2017gans,
  title={Gans trained by a two time-scale update rule converge to a local nash equilibrium},
  author={Heusel, Martin and Ramsauer, Hubert and Unterthiner, Thomas and Nessler, Bernhard and Hochreiter, Sepp},
  journal={Advances in neural information processing systems},
  volume={30},
  year={2017}
}

@article{salimans2016improved,
  title={Improved techniques for training gans},
  author={Salimans, Tim and Goodfellow, Ian and Zaremba, Wojciech and Cheung, Vicki and Radford, Alec and Chen, Xi},
  journal={Advances in neural information processing systems},
  volume={29},
  year={2016}
}

@inproceedings{simone2023ecgan,
  title={ECGAN: Self-supervised generative adversarial network for electrocardiography},
  author={Simone, Lorenzo and Bacciu, Davide},
  booktitle={International Conference on Artificial Intelligence in Medicine},
  pages={276--280},
  year={2023},
  organization={Springer}
}

@inproceedings{kaplan1990simultaneous,
  title={Simultaneous QRS detection and feature extraction using simple matched filter basis functions},
  author={Kaplan, Daniel T},
  booktitle={[1990] Proceedings Computers in Cardiology},
  pages={503--506},
  year={1990},
  organization={IEEE}
}

@article{davey1999new,
  title={A new physiological method for heart rate correction of the QT interval},
  author={Davey, P},
  journal={Heart},
  volume={82},
  number={2},
  pages={183--186},
  year={1999},
  publisher={BMJ Publishing Group Ltd and British Cardiovascular Society}
}

@inproceedings{kongdiffwave,
  title={DiffWave: A Versatile Diffusion Model for Audio Synthesis},
  author={Kong, Zhifeng and Ping, Wei and Huang, Jiaji and Zhao, Kexin and Catanzaro, Bryan},
  year={2021},
  booktitle={International Conference on Learning Representations}
}

@article{kim2017ecg,
  title={ECG-ViEW II, a freely accessible electrocardiogram database},
  author={Kim, Young-Gun and Shin, Dahye and Park, Man Young and Lee, Sukhoon and Jeon, Min Seok and Yoon, Dukyong and Park, Rae Woong},
  journal={PloS one},
  volume={12},
  number={4},
  pages={e0176222},
  year={2017},
  publisher={Public Library of Science San Francisco, CA USA}
}

@inproceedings{das2023twin,
  title={Twin: Personalized clinical trial digital twin generation},
  author={Das, Trisha and Wang, Zifeng and Sun, Jimeng},
  booktitle={Proceedings of the 29th ACM SIGKDD Conference on Knowledge Discovery and Data Mining},
  pages={402--413},
  year={2023}
}

@article{johannesen2014differentiating,
  title={Differentiating drug-induced multichannel block on the electrocardiogram: randomized study of dofetilide, quinidine, ranolazine, and verapamil},
  author={Johannesen, Lars and Vicente, Jose and Mason, Jay W and Sanabria, Carlos and Waite-Labott, Kristin and Hong, Mira and Guo, Ping and Lin, John and S{\o}rensen, Jens Stampe and Galeotti, Loriano and others},
  journal={Clinical Pharmacology \& Therapeutics},
  volume={96},
  number={5},
  pages={549--558},
  year={2014},
  publisher={Wiley Online Library}
}

@article{johannesen2016late,
  title={Late sodium current block for drug-induced long QT syndrome: results from a prospective clinical trial},
  author={Johannesen, Lars and Vicente, Jose and Mason, Jay W and Erato, Cassandra and Sanabria, Carlos and Waite-Labott, Kristin and Hong, Mira and Lin, John and Guo, Ping and Mutlib, Abdul and others},
  journal={Clinical Pharmacology \& Therapeutics},
  volume={99},
  number={2},
  pages={214--223},
  year={2016},
  publisher={Wiley Online Library}
}

@inproceedings{hong2020holmes,
  title={Holmes: health online model ensemble serving for deep learning models in intensive care units},
  author={Hong, Shenda and Xu, Yanbo and Khare, Alind and Priambada, Satria and Maher, Kevin and Aljiffry, Alaa and Sun, Jimeng and Tumanov, Alexey},
  booktitle={Proceedings of the 26th ACM SIGKDD International Conference on Knowledge Discovery \& Data Mining},
  pages={1614--1624},
  year={2020}
}

@inproceedings{szegedy2016rethinking,
  title={Rethinking the inception architecture for computer vision},
  author={Szegedy, Christian and Vanhoucke, Vincent and Ioffe, Sergey and Shlens, Jon and Wojna, Zbigniew},
  booktitle={Proceedings of the IEEE conference on computer vision and pattern recognition},
  pages={2818--2826},
  year={2016}
}

@inproceedings{clifford2017af,
  title={AF classification from a short single lead ECG recording: The PhysioNet/computing in cardiology challenge 2017},
  author={Clifford, Gari D and Liu, Chengyu and Moody, Benjamin and Li-wei, H Lehman and Silva, Ikaro and Li, Qiao and Johnson, AE and Mark, Roger G},
  booktitle={2017 Computing in Cardiology (CinC)},
  pages={1--4},
  year={2017},
  organization={IEEE}
}

@article{dimasi2016innovation,
  title={Innovation in the pharmaceutical industry: new estimates of R\&D costs},
  author={DiMasi, Joseph A and Grabowski, Henry G and Hansen, Ronald W},
  journal={Journal of health economics},
  volume={47},
  pages={20--33},
  year={2016},
  publisher={Elsevier}
}

@article{dowden2019trends,
  title={Trends in clinical success rates and therapeutic focus},
  author={Dowden, Helen and Munro, Jamie},
  journal={Nat Rev Drug Discov},
  volume={18},
  number={7},
  pages={495--496},
  year={2019}
}

@article{fordyce2015cardiovascular,
  title={Cardiovascular drug development: is it dead or just hibernating?},
  author={Fordyce, Christopher B and Roe, Matthew T and Ahmad, Tariq and Libby, Peter and Borer, Jeffrey S and Hiatt, William R and Bristow, Michael R and Packer, Milton and Wasserman, Scott M and Braunstein, Ned and others},
  journal={Journal of the American College of Cardiology},
  volume={65},
  number={15},
  pages={1567--1582},
  year={2015},
  publisher={American College of Cardiology Foundation Washington, DC}
}

@article{gupta2007current,
  title={Current concepts in the mechanisms and management of drug-induced QT prolongation and torsade de pointes},
  author={Gupta, Akshay and Lawrence, Andrew T and Krishnan, Kousik and Kavinsky, Clifford J and Trohman, Richard G},
  journal={American heart journal},
  volume={153},
  number={6},
  pages={891--899},
  year={2007},
  publisher={Elsevier}
}

@article{kwok2016prolonged,
  title={Prolonged PR interval, first-degree heart block and adverse cardiovascular outcomes: a systematic review and meta-analysis},
  author={Kwok, Chun Shing and Rashid, Muhammad and Beynon, Rhys and Barker, Diane and Patwala, Ashish and Morley-Davies, Adrian and Satchithananda, Duwarakan and Nolan, James and Myint, Phyo K and Buchan, Iain and others},
  journal={Heart},
  volume={102},
  number={9},
  pages={672--680},
  year={2016},
  publisher={BMJ Publishing Group Ltd and British Cardiovascular Society}
}

@article{icli2015prognostic,
  title={Prognostic value of Tpeak-Tend interval in patients with acute pulmonary embolism},
  author={Icli, Abdullah and Kayrak, Mehmet and Akilli, Hakan and Aribas, Alpay and Coskun, Mukremin and Ozer, Sumeyye Fatma and Ozdemir, Kurtulus},
  journal={BMC cardiovascular disorders},
  volume={15},
  pages={1--8},
  year={2015},
  publisher={Springer}
}

@article{li2022tts,
  title={Tts-cgan: A transformer time-series conditional gan for biosignal data augmentation},
  author={Li, Xiaomin and Ngu, Anne Hee Hiong and Metsis, Vangelis},
  journal={arXiv preprint arXiv:2206.13676},
  year={2022}
}

@article{yang2024data,
  title={Data imbalance in cardiac health diagnostics using CECG-GAN},
  author={Yang, Yang and Lan, Tianyu and Wang, Yang and Li, Fengtian and Liu, Liyan and Huang, Xupeng and Gao, Fei and Jiang, Shuhua and Zhang, Zhijun and Chen, Xing},
  journal={Scientific Reports},
  volume={14},
  number={1},
  pages={14767},
  year={2024},
  publisher={Nature Publishing Group UK London}
}

@inproceedings{kingma2015adam,
  title={Adam: A method for stochastic optimization},
  author={Diederik, D Kingma and Jimmy, Ba},
  year={2015},
  booktitle={International Conference on Learning Representations}
}

@INPROCEEDINGS{8953766,
  author={Karras, Tero and Laine, Samuli and Aila, Timo},
  booktitle={2019 IEEE/CVF Conference on Computer Vision and Pattern Recognition (CVPR)}, 
  title={A Style-Based Generator Architecture for Generative Adversarial Networks}, 
  year={2019},
  volume={},
  number={},
  pages={4396-4405},
  keywords={Deep Learning;Image and Video Synthesis; Representation Learning},
  doi={10.1109/CVPR.2019.00453}}