@inproceedings{GreaseLM,
  title={Tele-knowledge pre-training for fault analysis},
  author={Chen, Zhuo and Zhang, Wen and Huang, Yufeng and Chen, Mingyang and Geng, Yuxia and Yu, Hongtao and Bi, Zhen and Zhang, Yichi and Yao, Zhen and Song, Wenting and others},
  booktitle={2023 IEEE 39th International Conference on Data Engineering (ICDE)},
  pages={3453--3466},
  year={2023},
  organization={IEEE}
}

@inproceedings{KPRN,
  title={Explainable reasoning over knowledge graphs for recommendation},
  author={Wang, Xiang and Wang, Dingxian and Xu, Canran and He, Xiangnan and Cao, Yixin and Chua, Tat-Seng},
  booktitle={Proceedings of the AAAI conference on artificial intelligence},
  volume={33},
  number={01},
  pages={5329--5336},
  year={2019}
}

@inproceedings{cke,
  title={Collaborative knowledge base embedding for recommender systems},
  author={Zhang, Fuzheng and Yuan, Nicholas Jing and Lian, Defu and Xie, Xing and Ma, Wei-Ying},
  booktitle={Proceedings of the 22nd ACM SIGKDD international conference on knowledge discovery and data mining},
  pages={353--362},
  year={2016}
}

@article{gat,
  title={Graph attention networks},
  author={Veli{\v{c}}kovi{\'c}, Petar and Cucurull, Guillem and Casanova, Arantxa and Romero, Adriana and Lio, Pietro and Bengio, Yoshua},
  journal={arXiv preprint arXiv:1710.10903},
  year={2017}
}

@inproceedings{kgat,
  title={Kgat: Knowledge graph attention network for recommendation},
  author={Wang, Xiang and He, Xiangnan and Cao, Yixin and Liu, Meng and Chua, Tat-Seng},
  booktitle={Proceedings of the 25th ACM SIGKDD international conference on knowledge discovery \& data mining},
  pages={950--958},
  year={2019}
}

@inproceedings{kgcl,
  title={Knowledge graph contrastive learning for recommendation},
  author={Yang, Yuhao and Huang, Chao and Xia, Lianghao and Li, Chenliang},
  booktitle={Proceedings of the 45th international ACM SIGIR conference on research and development in information retrieval},
  pages={1434--1443},
  year={2022}
}

@inproceedings{kgin,
  title={Learning intents behind interactions with knowledge graph for recommendation},
  author={Wang, Xiang and Huang, Tinglin and Wang, Dingxian and Yuan, Yancheng and Liu, Zhenguang and He, Xiangnan and Chua, Tat-Seng},
  booktitle={Proceedings of the web conference 2021},
  pages={878--887},
  year={2021}
}

@inproceedings{kgrec,
  title={Knowledge graph self-supervised rationalization for recommendation},
  author={Yang, Yuhao and Huang, Chao and Xia, Lianghao and Huang, Chunzhen},
  booktitle={Proceedings of the 29th ACM SIGKDD conference on knowledge discovery and data mining},
  pages={3046--3056},
  year={2023}
}

@article{lkpnr,
  title={Lkpnr: Llm and kg for personalized news recommendation framework},
  author={Runfeng, Xie and Xiangyang, Cui and Zhou, Yan and Xin, Wang and Zhanwei, Xuan and Kai, Zhang and others},
  journal={arXiv preprint arXiv:2308.12028},
  year={2023}
}

@article{lstm,
  title={Long short-term memory},
  author={Graves, Alex and Graves, Alex},
  journal={Supervised sequence labelling with recurrent neural networks},
  pages={37--45},
  year={2012},
  publisher={Springer}
}

@inproceedings{mae,
  title={Masked autoencoders are scalable vision learners},
  author={He, Kaiming and Chen, Xinlei and Xie, Saining and Li, Yanghao and Doll{\'a}r, Piotr and Girshick, Ross},
  booktitle={Proceedings of the IEEE/CVF conference on computer vision and pattern recognition},
  pages={16000--16009},
  year={2022}
}

@article{mpikgc,
  title={Multi-perspective Improvement of Knowledge Graph Completion with Large Language Models},
  author={Xu, Derong and Zhang, Ziheng and Lin, Zhenxi and Wu, Xian and Zhu, Zhihong and Xu, Tong and Zhao, Xiangyu and Zheng, Yefeng and Chen, Enhong},
  journal={arXiv preprint arXiv:2403.01972},
  year={2024}
}

@article{think-on-graph,
  title={Think-on-graph: Deep and responsible reasoning of large language model with knowledge graph},
  author={Sun, Jiashuo and Xu, Chengjin and Tang, Lumingyuan and Wang, Saizhuo and Lin, Chen and Gong, Yeyun and Shum, Heung-Yeung and Guo, Jian},
  journal={arXiv preprint arXiv:2307.07697},
  year={2023}
}

