@article{antonio2011unbearable,
  title={The unbearable lightness of politics: Climate change denial and political polarization},
  author={Antonio, Robert J and Brulle, Robert J},
  journal={The Sociological Quarterly},
  volume={52},
  number={2},
  pages={195--202},
  year={2011},
  publisher={Taylor \& Francis}
}

@inproceedings{baumgartner2020pushshift,
  title={The pushshift reddit dataset},
  author={Baumgartner, Jason and Zannettou, Savvas and Keegan, Brian and Squire, Megan and Blackburn, Jeremy},
  booktitle={Proceedings of the international AAAI conference on web and social media},
  volume={14},
  pages={830--839},
  year={2020}
}

@article{cagle2019shades,
  title={Shades of denialism: Discovering possibilities for a more nuanced deliberation about climate change in online discussion forums},
  author={Cagle, Lauren E and Herndl, Carl},
  journal={Communication Design Quarterly Review},
  volume={7},
  number={1},
  pages={22--39},
  year={2019},
  publisher={ACM New York, NY, USA}
}

@article{cao2023scientific,
  title={How do scientific papers from different journal tiers gain attention on social media?},
  author={Cao, Renmeng and Liu, Xiao Fan and Fang, Zhichao and Xu, Xiao-Ke and Wang, Xianwen},
  journal={Information Processing \& Management},
  volume={60},
  number={1},
  pages={103152},
  year={2023},
  publisher={Elsevier}
}

@article{de2021no,
  title={No echo in the chambers of political interactions on Reddit},
  author={De Francisci Morales, Gianmarco and Monti, Corrado and Starnini, Michele},
  journal={Scientific reports},
  volume={11},
  number={1},
  pages={2818},
  year={2021},
  publisher={Nature Publishing Group UK London}
}

@article{desiderio2023recurring,
  title={Recurring patterns in online social media interactions during highly engaging events},
  author={Desiderio, Antonio and Mancini, Anna and Cimini, Giulio and Di Clemente, Riccardo},
  journal={arXiv preprint arXiv:2306.14735},
  year={2023}
}

@article{du2020public,
  title={Public opinion matters: Mining social media text for environmental management},
  author={Du, Xu and Kowalski, Matthew and Varde, Aparna S and de Melo, Gerard and Taylor, Robert W},
  journal={Acm Sigweb Newsletter},
  volume={2019},
  number={Autumn},
  pages={1--15},
  year={2020},
  publisher={ACM New York, NY, USA}
}

@article{effrosynidis2022climate,
  title={The climate change Twitter dataset},
  author={Effrosynidis, Dimitrios and Karasakalidis, Alexandros I and Sylaios, Georgios and Arampatzis, Avi},
  journal={Expert Systems with Applications},
  volume={204},
  pages={117541},
  year={2022},
  publisher={Elsevier}
}

@article{falkenberg2022growing,
  title={Growing polarization around climate change on social media},
  author={Falkenberg, Max and Galeazzi, Alessandro and Torricelli, Maddalena and Di Marco, Niccol{\`o} and Larosa, Francesca and Sas, Madalina and Mekacher, Amin and Pearce, Warren and Zollo, Fabiana and Quattrociocchi, Walter and others},
  journal={Nature Climate Change},
  volume={12},
  number={12},
  pages={1114--1121},
  year={2022},
  publisher={Nature Publishing Group UK London}
}

@article{farrell2016corporate,
  title={Corporate funding and ideological polarization about climate change},
  author={Farrell, Justin},
  journal={Proceedings of the National Academy of Sciences},
  volume={113},
  number={1},
  pages={92--97},
  year={2016},
  publisher={National Acad Sciences}
}

@article{fisher2013does,
  title={Where does political polarization come from? Locating polarization within the US climate change debate},
  author={Fisher, Dana R and Waggle, Joseph and Leifeld, Philip},
  journal={American Behavioral Scientist},
  volume={57},
  number={1},
  pages={70--92},
  year={2013},
  publisher={SAGE Publications Sage CA: Los Angeles, CA}
}

@article{gadanidis2020discourse,
  title={The discourse of climate change on Reddit},
  author={Gadanidis, Tim},
  journal={Toronto Working Papers in Linguistics},
  year={2020}
}

@inproceedings{gruppi2023scilander,
  title={SciLander: Mapping the scientific news landscape},
  author={Gruppi, Maur{\'\i}cio and Smeros, Panayiotis and Adal{\i}, Sibel and Castillo, Carlos and Aberer, Karl},
  booktitle={Proceedings of the International AAAI Conference on Web and Social Media},
  volume={17},
  pages={269--280},
  year={2023}
}

@article{hara2019emerging,
  title={An emerging form of public engagement with science: Ask Me Anything (AMA) sessions on Reddit r/science},
  author={Hara, Noriko and Abbazio, Jessica and Perkins, Kathryn},
  journal={PloS one},
  volume={14},
  number={5},
  pages={e0216789},
  year={2019},
  publisher={Public Library of Science San Francisco, CA USA}
}

@inproceedings{hwang2023information,
  title={Information Retention in the Multi-Platform Sharing of Science},
  author={Hwang, Sohyeon and Horv{\'a}t, Em{\H{o}}ke-{\'A}gnes and Romero, Daniel M},
  booktitle={Proceedings of the International AAAI Conference on Web and Social Media},
  volume={17},
  pages={375--386},
  year={2023}
}

@article{karimiziarani2023toward,
  title={Toward reduction of detrimental effects of hurricanes using a social media data analytic Approach: How climate change is perceived?},
  author={Karimiziarani, Mohammadsepehr and Shao, Wanyun and Mirzaei, Majid and Moradkhani, Hamid},
  journal={Climate Risk Management},
  volume={39},
  pages={100480},
  year={2023},
  publisher={Elsevier}
}

@article{lewandowsky2019science,
  title={Science by social media: Attitudes towards climate change are mediated by perceived social consensus},
  author={Lewandowsky, Stephan and Cook, John and Fay, Nicolas and Gignac, Gilles E},
  journal={Memory \& cognition},
  volume={47},
  pages={1445--1456},
  year={2019},
  publisher={Springer}
}

@article{li2021social,
  title={Social media communication of the scientific and technological literature in emergency under COVID-19},
  author={Li, Jiapei and Sun, Liming and Feng, Xin and He, Peiyi and Zhang, Yue},
  journal={Library Hi Tech},
  volume={39},
  number={3},
  pages={796--813},
  year={2021},
  publisher={Emerald Publishing Limited}
}

@article{mavrodieva2019role,
  title={Role of social media as a soft power tool in raising public awareness and engagement in addressing climate change},
  author={Mavrodieva, Aleksandrina V and Rachman, Okky K and Harahap, Vito B and Shaw, Rajib},
  journal={Climate},
  volume={7},
  number={10},
  pages={122},
  year={2019},
  publisher={MDPI}
}

@article{moriarty2024reddit,
  title={Reddit and Engaged Science Communication Online: An Examination of Reddit’s R/Science Ask-Me-Anythings and Science Discussion Series},
  author={Moriarty, Devon and Mehlenbacher, Ashley Rose},
  journal={Technical Communication Quarterly},
  volume={33},
  number={1},
  pages={54--70},
  year={2024},
  publisher={Taylor \& Francis}
}

@incollection{nane2021role,
  title={The role of scientific output in public debates in times of crisis: a case study of the reopening of schools during the COVID-19 Pandemic},
  author={Nane, Gabriela F and van Schalkwyk, Fran{\c{c}}ois and Dudek, Jonathan and Torres-Salinas, Daniel and Costas, Rodrigo and Robinson-Garc{\'\i}a, Nicol{\'a}s},
  booktitle={Pandemic communication and resilience},
  pages={307--329},
  year={2021},
  publisher={Springer}
}

@article{oswald2022climate,
  title={How do climate change skeptics engage with opposing views online? Evidence from a major climate change skeptic forum on Reddit},
  author={Oswald, Lisa and Bright, Jonathan},
  journal={Environmental Communication},
  volume={16},
  number={6},
  pages={805--821},
  year={2022},
  publisher={Taylor \& Francis}
}

@inproceedings{parsa2022analyzing,
  title={Analyzing climate change discussions on reddit},
  author={Parsa, Mohammad S and Shi, Haoqi and Xu, Yihao and Yim, Aaron and Yin, Yaolun and Golab, Lukasz},
  booktitle={2022 International Conference on Computational Science and Computational Intelligence (CSCI)},
  pages={826--832},
  year={2022},
  organization={IEEE}
}

@article{peters2013gap,
  title={Gap between science and media revisited: Scientists as public communicators},
  author={Peters, Hans Peter},
  journal={Proceedings of the National Academy of Sciences},
  volume={110},
  number={supplement\_3},
  pages={14102--14109},
  year={2013},
  publisher={National Acad Sciences}
}

@article{proferes2021studying,
  title={Studying reddit: A systematic overview of disciplines, approaches, methods, and ethics},
  author={Proferes, Nicholas and Jones, Naiyan and Gilbert, Sarah and Fiesler, Casey and Zimmer, Michael},
  journal={Social Media+ Society},
  volume={7},
  number={2},
  pages={20563051211019004},
  year={2021},
  publisher={SAGE Publications Sage UK: London, England}
}

@article{shah2021climate,
  title={Climate denial fuels climate change discussions more than local climate-related disasters},
  author={Shah, Miti and Seraj, Sarah and Pennebaker, James W},
  journal={Frontiers in psychology},
  volume={12},
  pages={682057},
  year={2021},
  publisher={Frontiers}
}

@article{smith2024polarisation,
  title={Polarisation of Climate and Environmental Attitudes in the United States, 1973-2022},
  author={Smith, E Keith and Bognar, M Julia and Mayer, Adam P},
  journal={npj Climate Action},
  volume={3},
  number={1},
  pages={2},
  year={2024},
  publisher={Nature Publishing Group UK London}
}

@article{treen2022discussion,
  title={Discussion of climate change on Reddit: Polarized discourse or deliberative debate?},
  author={Treen, Kathie and Williams, Hywel and O’Neill, Saffron and Coan, Travis G},
  journal={Environmental Communication},
  volume={16},
  number={5},
  pages={680--698},
  year={2022},
  publisher={Taylor \& Francis}
}

@inproceedings{upadhyaya2023multi,
  title={A multi-task model for sentiment aided stance detection of climate change tweets},
  author={Upadhyaya, Apoorva and Fisichella, Marco and Nejdl, Wolfgang},
  booktitle={Proceedings of the international AAAI conference on web and social media},
  volume={17},
  pages={854--865},
  year={2023}
}

@book{villanueva2021climate,
  title={Climate Change Frames and Emotional Responses on Reddit},
  author={Villanueva, Isabel Iruani},
  year={2021},
  publisher={University of Arkansas}
}

@article{walter2019scientific,
  title={Scientific networks on Twitter: Analyzing scientists’ interactions in the climate change debate},
  author={Walter, Stefanie and L{\"o}rcher, Ines and Br{\"u}ggemann, Michael},
  journal={Public Understanding of Science},
  volume={28},
  number={6},
  pages={696--712},
  year={2019},
  publisher={SAGE Publications Sage UK: London, England}
}

@article{west2021misinformation,
  title={Misinformation in and about science},
  author={West, Jevin D and Bergstrom, Carl T},
  journal={Proceedings of the National Academy of Sciences},
  volume={118},
  number={15},
  pages={e1912444117},
  year={2021},
  publisher={National Acad Sciences}
}

@article{williams2015network,
  title={Network analysis reveals open forums and echo chambers in social media discussions of climate change},
  author={Williams, Hywel TP and McMurray, James R and Kurz, Tim and Lambert, F Hugo},
  journal={Global environmental change},
  volume={32},
  pages={126--138},
  year={2015},
  publisher={Elsevier}
}

