%% This BibTeX bibliography file was created using BibDesk.
%% http://bibdesk.sourceforge.net/

%% Created for Gianmarco De Francisci Morales at 2023-09-06 4:28:46 PM +0200 


%% Saved with string encoding Unicode (UTF-8) 

@article{dablander2023climate,
  title={Climate change engagement of scientists},
  author={Dablander, Fabian and Sachisthal, Maien SM and Cologna, Viktoria and Strahm, Noel and Bosshard, Anna and Gr{\"u}ning, Nana-Maria and Green, Alison and Brick, Cameron and Aron, Adam and Haslbeck, Jonas},
  year={2023},
  publisher={PsyArXiv}
}
@article{allgaier2019science,
  title={Science and environmental communication on YouTube: Strategically distorted communications in online videos on climate change and climate engineering},
  author={Allgaier, Joachim},
  journal={Frontiers in communication},
  volume={4},
  pages={36},
  year={2019},
  publisher={Frontiers Media SA}
}
@inproceedings{meier2024using,
  title={Using Wikipedia Pageview Data to Investigate Public Interest in Climate Change at a Global Scale},
  author={Meier, Florian},
  booktitle={Proceedings of the 16th ACM Web Science Conference},
  pages={365--375},
  year={2024}
}

@article{shapiro2015more,
  title={More than entertainment: YouTube and public responses to the science of global warming and climate change},
  author={Shapiro, Matthew A and Park, Han Woo},
  journal={Social Science Information},
  volume={54},
  number={1},
  pages={115--145},
  year={2015},
  publisher={SAGE Publications Sage UK: London, England}
}

@article{tsui2024impacts,
  title={Impacts of climate change-related human migration on infectious diseases},
  author={Tsui, Joseph L-H and Pena, Rosario Evans and Moir, Monika and Inward, Rhys PD and Wilkinson, Eduan and San, James Emmanuel and Poongavanan, Jenicca and Bajaj, Sumali and Gutierrez, Bernardo and Dasgupta, Abhishek and others},
  journal={Nature Climate Change},
  pages={1--10},
  year={2024},
  publisher={Nature Publishing Group UK London}
}
@article{treen2022discussion,
  title={Discussion of climate change on Reddit: Polarized discourse or deliberative debate?},
  author={Treen, Kathie and Williams, Hywel and Oâ€™Neill, Saffron and Coan, Travis G},
  journal={Environmental Communication},
  volume={16},
  number={5},
  pages={680--698},
  year={2022},
  publisher={Taylor \& Francis}
}

@article{desiderio2023recurring,
  title={Recurring patterns in online social media interactions during highly engaging events},
  author={Desiderio, Antonio and Mancini, Anna and Cimini, Giulio and Di Clemente, Riccardo},
  journal={arXiv preprint arXiv:2306.14735},
  year={2023}
}



@article{proferes2021studying,
  title={Studying reddit: A systematic overview of disciplines, approaches, methods, and ethics},
  author={Proferes, Nicholas and Jones, Naiyan and Gilbert, Sarah and Fiesler, Casey and Zimmer, Michael},
  journal={Social Media+ Society},
  volume={7},
  number={2},
  pages={20563051211019004},
  year={2021},
  publisher={SAGE Publications Sage UK: London, England}
}


@article{shah2021climate,
  title={Climate denial fuels climate change discussions more than local climate-related disasters},
  author={Shah, Miti and Seraj, Sarah and Pennebaker, James W},
  journal={Frontiers in psychology},
  volume={12},
  pages={682057},
  year={2021},
  publisher={Frontiers}
}


@book{villanueva2021climate,
  title={Climate Change Frames and Emotional Responses on Reddit},
  author={Villanueva, Isabel Iruani},
  year={2021},
  publisher={University of Arkansas}
}


@inproceedings{parsa2022analyzing,
  title={Analyzing climate change discussions on reddit},
  author={Parsa, Mohammad S and Shi, Haoqi and Xu, Yihao and Yim, Aaron and Yin, Yaolun and Golab, Lukasz},
  booktitle={2022 International Conference on Computational Science and Computational Intelligence (CSCI)},
  pages={826--832},
  year={2022},
  organization={IEEE}
}

@article{oswald2022climate,
  title={How do climate change skeptics engage with opposing views online? Evidence from a major climate change skeptic forum on Reddit},
  author={Oswald, Lisa and Bright, Jonathan},
  journal={Environmental Communication},
  volume={16},
  number={6},
  pages={805--821},
  year={2022},
  publisher={Taylor \& Francis}
}


@article{gadanidis2020discourse,
  title={The discourse of climate change on Reddit},
  author={Gadanidis, Tim},
  journal={Toronto Working Papers in Linguistics},
  year={2020}
}

@inproceedings{mustafaraj2011vocal,
  title={Vocal minority versus silent majority: Discovering the opionions of the long tail},
  author={Mustafaraj, Eni and Finn, Samantha and Whitlock, Carolyn and Metaxas, Panagiotis T},
  booktitle={2011 IEEE Third International Conference on Privacy, Security, Risk and Trust and 2011 IEEE Third International Conference on Social Computing},
  pages={103--110},
  year={2011},
  organization={IEEE}
}

@article{ferrara2016rise,
  title={The rise of social bots},
  author={Ferrara, Emilio and Varol, Onur and Davis, Clayton and Menczer, Filippo and Flammini, Alessandro},
  journal={Communications of the ACM},
  volume={59},
  number={7},
  pages={96--104},
  year={2016},
  publisher={ACM New York, NY, USA}
}

@inproceedings{hurtado2019bot,
  title={Bot detection in reddit political discussion},
  author={Hurtado, Sofia and Ray, Poushali and Marculescu, Radu},
  booktitle={Proceedings of the fourth international workshop on social sensing},
  pages={30--35},
  year={2019}
}

@inproceedings{ma2020empirical,
  title={An empirical analysis of human-bot interaction on reddit},
  author={Ma, Ming-Cheng and Lalor, John P},
  booktitle={Proceedings of the Sixth Workshop on Noisy User-generated Text (W-NUT 2020)},
  pages={101--106},
  year={2020}
}

@inproceedings{baumgartner2020pushshift,
  title={The pushshift reddit dataset},
  author={Baumgartner, Jason and Zannettou, Savvas and Keegan, Brian and Squire, Megan and Blackburn, Jeremy},
  booktitle={Proceedings of the international AAAI conference on web and social media},
  volume={14},
  pages={830--839},
  year={2020}
}

@article{cagle2019shades,
  title={Shades of denialism: Discovering possibilities for a more nuanced deliberation about climate change in online discussion forums},
  author={Cagle, Lauren E and Herndl, Carl},
  journal={Communication Design Quarterly Review},
  volume={7},
  number={1},
  pages={22--39},
  year={2019},
  publisher={ACM New York, NY, USA}
}

@inproceedings{hwang2023information,
  title={Information Retention in the Multi-Platform Sharing of Science},
  author={Hwang, Sohyeon and Horv{\'a}t, Em{\H{o}}ke-{\'A}gnes and Romero, Daniel M},
  booktitle={Proceedings of the International AAAI Conference on Web and Social Media},
  volume={17},
  pages={375--386},
  year={2023}
}

@inproceedings{upadhyaya2023multi,
  title={A multi-task model for sentiment aided stance detection of climate change tweets},
  author={Upadhyaya, Apoorva and Fisichella, Marco and Nejdl, Wolfgang},
  booktitle={Proceedings of the international AAAI conference on web and social media},
  volume={17},
  pages={854--865},
  year={2023}
}

@inproceedings{gruppi2023scilander,
  title={SciLander: Mapping the scientific news landscape},
  author={Gruppi, Maur{\'\i}cio and Smeros, Panayiotis and Adal{\i}, Sibel and Castillo, Carlos and Aberer, Karl},
  booktitle={Proceedings of the International AAAI Conference on Web and Social Media},
  volume={17},
  pages={269--280},
  year={2023}
}

@article{williams2015network,
  title={Network analysis reveals open forums and echo chambers in social media discussions of climate change},
  author={Williams, Hywel TP and McMurray, James R and Kurz, Tim and Lambert, F Hugo},
  journal={Global environmental change},
  volume={32},
  pages={126--138},
  year={2015},
  publisher={Elsevier}
}

@article{effrosynidis2022climate,
  title={The climate change Twitter dataset},
  author={Effrosynidis, Dimitrios and Karasakalidis, Alexandros I and Sylaios, Georgios and Arampatzis, Avi},
  journal={Expert Systems with Applications},
  volume={204},
  pages={117541},
  year={2022},
  publisher={Elsevier}
}

@article{karimiziarani2023toward,
  title={Toward reduction of detrimental effects of hurricanes using a social media data analytic Approach: How climate change is perceived?},
  author={Karimiziarani, Mohammadsepehr and Shao, Wanyun and Mirzaei, Majid and Moradkhani, Hamid},
  journal={Climate Risk Management},
  volume={39},
  pages={100480},
  year={2023},
  publisher={Elsevier}
}

@article{mavrodieva2019role,
  title={Role of social media as a soft power tool in raising public awareness and engagement in addressing climate change},
  author={Mavrodieva, Aleksandrina V and Rachman, Okky K and Harahap, Vito B and Shaw, Rajib},
  journal={Climate},
  volume={7},
  number={10},
  pages={122},
  year={2019},
  publisher={MDPI}
}

@article{du2020public,
  title={Public opinion matters: Mining social media text for environmental management},
  author={Du, Xu and Kowalski, Matthew and Varde, Aparna S and de Melo, Gerard and Taylor, Robert W},
  journal={Acm Sigweb Newsletter},
  volume={2019},
  number={Autumn},
  pages={1--15},
  year={2020},
  publisher={ACM New York, NY, USA}
}

@article{cao2023scientific,
  title={How do scientific papers from different journal tiers gain attention on social media?},
  author={Cao, Renmeng and Liu, Xiao Fan and Fang, Zhichao and Xu, Xiao-Ke and Wang, Xianwen},
  journal={Information Processing \& Management},
  volume={60},
  number={1},
  pages={103152},
  year={2023},
  publisher={Elsevier}
}

@article{peters2013gap,
  title={Gap between science and media revisited: Scientists as public communicators},
  author={Peters, Hans Peter},
  journal={Proceedings of the National Academy of Sciences},
  volume={110},
  number={supplement\_3},
  pages={14102--14109},
  year={2013},
  publisher={National Acad Sciences}
}

@article{lewandowsky2019science,
  title={Science by social media: Attitudes towards climate change are mediated by perceived social consensus},
  author={Lewandowsky, Stephan and Cook, John and Fay, Nicolas and Gignac, Gilles E},
  journal={Memory \& cognition},
  volume={47},
  pages={1445--1456},
  year={2019},
  publisher={Springer}
}

@article{walter2019scientific,
  title={Scientific networks on Twitter: Analyzing scientistsâ€™ interactions in the climate change debate},
  author={Walter, Stefanie and L{\"o}rcher, Ines and Br{\"u}ggemann, Michael},
  journal={Public Understanding of Science},
  volume={28},
  number={6},
  pages={696--712},
  year={2019},
  publisher={SAGE Publications Sage UK: London, England}
}

@article{li2021social,
  title={Social media communication of the scientific and technological literature in emergency under COVID-19},
  author={Li, Jiapei and Sun, Liming and Feng, Xin and He, Peiyi and Zhang, Yue},
  journal={Library Hi Tech},
  volume={39},
  number={3},
  pages={796--813},
  year={2021},
  publisher={Emerald Publishing Limited}
}

@incollection{nane2021role,
  title={The role of scientific output in public debates in times of crisis: a case study of the reopening of schools during the COVID-19 Pandemic},
  author={Nane, Gabriela F and van Schalkwyk, Fran{\c{c}}ois and Dudek, Jonathan and Torres-Salinas, Daniel and Costas, Rodrigo and Robinson-Garc{\'\i}a, Nicol{\'a}s},
  booktitle={Pandemic communication and resilience},
  pages={307--329},
  year={2021},
  publisher={Springer}
}

@article{leung2007weighted,
  title={Weighted assortative and disassortative networks model},
  author={Leung, CC and Chau, HF},
  journal={Physica A: Statistical Mechanics and its Applications},
  volume={378},
  number={2},
  pages={591--602},
  year={2007},
  publisher={Elsevier}
}

@article{arcagni2021extending,
  title={Extending assortativity: An application to weighted social networks},
  author={Arcagni, Alberto and Grassi, Rosanna and Stefani, Silvana and Torriero, Anna},
  journal={Journal of Business Research},
  volume={129},
  pages={774--783},
  year={2021},
  publisher={Elsevier}
}

@article{bento2020organizational,
  title={Organizational silos: A scoping review informed by a behavioral perspective on systems and networks},
  author={Bento, Fabio and Tagliabue, Marco and Lorenzo, Flora},
  journal={Societies},
  volume={10},
  number={3},
  pages={56},
  year={2020},
  publisher={MDPI}
}

@article{moriarty2024reddit,
  title={Reddit and Engaged Science Communication Online: An Examination of Redditâ€™s R/Science Ask-Me-Anythings and Science Discussion Series},
  author={Moriarty, Devon and Mehlenbacher, Ashley Rose},
  journal={Technical Communication Quarterly},
  volume={33},
  number={1},
  pages={54--70},
  year={2024},
  publisher={Taylor \& Francis}
}

@article{hara2019emerging,
  title={An emerging form of public engagement with science: Ask Me Anything (AMA) sessions on Reddit r/science},
  author={Hara, Noriko and Abbazio, Jessica and Perkins, Kathryn},
  journal={PloS one},
  volume={14},
  number={5},
  pages={e0216789},
  year={2019},
  publisher={Public Library of Science San Francisco, CA USA}
}

@article{falkenberg2022growing,
  title={Growing polarization around climate change on social media},
  author={Falkenberg, Max and Galeazzi, Alessandro and Torricelli, Maddalena and Di Marco, Niccol{\`o} and Larosa, Francesca and Sas, Madalina and Mekacher, Amin and Pearce, Warren and Zollo, Fabiana and Quattrociocchi, Walter and others},
  journal={Nature Climate Change},
  volume={12},
  number={12},
  pages={1114--1121},
  year={2022},
  publisher={Nature Publishing Group UK London}
}



@article{west2021misinformation,
  title={Misinformation in and about science},
  author={West, Jevin D and Bergstrom, Carl T},
  journal={Proceedings of the National Academy of Sciences},
  volume={118},
  number={15},
  pages={e1912444117},
  year={2021},
  publisher={National Acad Sciences}
}

@article{antonio2011unbearable,
  title={The unbearable lightness of politics: Climate change denial and political polarization},
  author={Antonio, Robert J and Brulle, Robert J},
  journal={The Sociological Quarterly},
  volume={52},
  number={2},
  pages={195--202},
  year={2011},
  publisher={Taylor \& Francis}
}

@article{fisher2013does,
  title={Where does political polarization come from? Locating polarization within the US climate change debate},
  author={Fisher, Dana R and Waggle, Joseph and Leifeld, Philip},
  journal={American Behavioral Scientist},
  volume={57},
  number={1},
  pages={70--92},
  year={2013},
  publisher={SAGE Publications Sage CA: Los Angeles, CA}
}

@article{farrell2016corporate,
  title={Corporate funding and ideological polarization about climate change},
  author={Farrell, Justin},
  journal={Proceedings of the National Academy of Sciences},
  volume={113},
  number={1},
  pages={92--97},
  year={2016},
  publisher={National Acad Sciences}
}
@article{smith2024polarisation,
  title={Polarisation of Climate and Environmental Attitudes in the United States, 1973-2022},
  author={Smith, E Keith and Bognar, M Julia and Mayer, Adam P},
  journal={npj Climate Action},
  volume={3},
  number={1},
  pages={2},
  year={2024},
  publisher={Nature Publishing Group UK London}
}

@book{oreskes2011merchants,
  title={Merchants of doubt: How a handful of scientists obscured the truth on issues from tobacco smoke to global warming},
  author={Oreskes, Naomi and Conway, Erik M},
  year={2011},
  publisher={Bloomsbury Publishing USA}
}

@article{dunlap2013climate,
  title={Climate change denial books and conservative think tanks: Exploring the connection},
  author={Dunlap, Riley E and Jacques, Peter J},
  journal={American Behavioral Scientist},
  volume={57},
  number={6},
  pages={699--731},
  year={2013},
  publisher={Sage Publications Sage CA: Los Angeles, CA}
}

@article{roozenbeek2020susceptibility,
  title={Susceptibility to misinformation about COVID-19 around the world},
  author={Roozenbeek, Jon and Schneider, Claudia R and Dryhurst, Sarah and Kerr, John and Freeman, Alexandra LJ and Recchia, Gabriel and Van Der Bles, Anne Marthe and Van Der Linden, Sander},
  journal={Royal Society open science},
  volume={7},
  number={10},
  pages={201199},
  year={2020},
  publisher={The Royal Society}
}

@misc{schwarz2016blinded,
  title={Blinded by religion? Religious school graduates and perceptions of science in young adulthood},
  author={Schwarz, Jonathan and Sikkink, David},
  year={2016},
  publisher={Cardus Religious Schools Initiative}
}

@article{browne2015going,
  title={Going against the herd: psychological and cultural factors underlying the â€˜vaccination confidence gapâ€™},
  author={Browne, Matthew and Thomson, Patricia and Rockloff, Matthew Justus and Pennycook, Gordon},
  journal={PLoS one},
  volume={10},
  number={9},
  pages={e0132562},
  year={2015},
  publisher={Public Library of Science San Francisco, CA USA}
}

@article{verma2017human,
  title={Human values and trust in scientific journals, the mainstream media and fake news},
  author={Verma, Nitin and Fleischmann, Kenneth R and Koltai, Kolina S},
  journal={Proceedings of the Association for Information Science and Technology},
  volume={54},
  number={1},
  pages={426--435},
  year={2017},
  publisher={Wiley Online Library}
}

@article{marlon2022change,
  title={Change in US state-level public opinion about climate change: 2008--2020},
  author={Marlon, Jennifer R and Wang, Xinran and Bergquist, Parrish and Howe, Peter D and Leiserowitz, Anthony and Maibach, Edward and Mildenberger, Matto and Rosenthal, Seth},
  journal={Environmental research letters},
  volume={17},
  number={12},
  pages={124046},
  year={2022},
  publisher={IOP Publishing}
}

@misc{yale2023data,
  title={Yale Climate Opinion Maps 2023},
  year={2023},
  author={Marlon, Jennifer and Goddard, Emily and Howe, Peter and Mildenberger, Matto and Jefferson, Martial and Fine, Eric and Leiserowitz, Anthony},
  publisher={Yale Program on Climate Change Communication},
  url={https://climatecommunication.yale.edu/visualizations-data/ycom-us/}
}

@article{takahashi2016media,
  title={Media sources, credibility, and perceptions of science: Learning about how people learn about science},
  author={Takahashi, Bruno and Tandoc Jr, Edson C},
  journal={Public Understanding of Science},
  volume={25},
  number={6},
  pages={674--690},
  year={2016},
  publisher={SAGE Publications Sage UK: London, England}
}

@misc{pew2023americans,
  title={Americansâ€™ Social Media Use},
  year={2023},
  author={Gottfried, Geffrey},
  publisher={Pew Research},
  url={https://www.pewresearch.org/internet/2024/01/31/americans-social-media-use/}
}

@misc{pew2023social,
  title={Social Media and News Fact Sheet},
  year={2023},
  author={{Pew Research}},
  publisher={Pew Research},
  url={https://www.pewresearch.org/journalism/fact-sheet/social-media-and-news-fact-sheet/}
}

@article{walter2019scientific,
  title={Scientific networks on Twitter: Analyzing scientistsâ€™ interactions in the climate change debate},
  author={Walter, Stefanie and L{\"o}rcher, Ines and Br{\"u}ggemann, Michael},
  journal={Public Understanding of Science},
  volume={28},
  number={6},
  pages={696--712},
  year={2019},
  publisher={SAGE Publications Sage UK: London, England}
}


@misc{similarweb2024top,
  title={Top Websites Ranking},
  year={2024},
  author={{Similarweb}},
  publisher={Similarweb},
  url={https://www.similarweb.com/top-websites/united-states/}
}


@misc{pew_partisan_opinion_climate_change,
  title={What the data says about Americansâ€™ views of climate change},
  year={2023},
  author={{Pew Research}},
  publisher={Pew Research},
  url={https://www.pewresearch.org/short-reads/2023/08/09/what-the-data-says-about-americans-views-of-climate-change/}
}



@article{de2021no,
  title={No echo in the chambers of political interactions on Reddit},
  author={De Francisci Morales, Gianmarco and Monti, Corrado and Starnini, Michele},
  journal={Scientific reports},
  volume={11},
  number={1},
  pages={2818},
  year={2021},
  publisher={Nature Publishing Group UK London}
}
@article{schulz2024role,
  title={The role of news media knowledge for how people use social media for news in five countries},
  author={Schulz, Anne and Fletcher, Richard and Nielsen, Rasmus Kleis},
  journal={new media \& society},
  volume={26},
  number={7},
  pages={4056--4077},
  year={2024},
  publisher={Sage Publications Sage UK: London, England}
}

@misc{viswanathan2023americans,
  title={Americansâ€™ trust in science declining, Pew survey says},
  year={2023},
  author={Viswanathan, Giri},
  publisher={CNN},
  url={https://edition.cnn.com/2023/11/14/health/trust-in-science-pew-survey/index.html}
}

@article{merkley2021party,
  title={Party cues in the news: Democratic elites, Republican backlash, and the dynamics of climate skepticism},
  author={Merkley, Eric and Stecula, Dominik A},
  journal={British Journal of Political Science},
  volume={51},
  number={4},
  pages={1439--1456},
  year={2021},
  publisher={Cambridge University Press}
}

@article{atkeson2019partisan,
  title={Partisan Affiliation in Political Science: Insights from Florida and North Carolina},
  author={Atkeson, Lonna Rae and Taylor, Andrew J},
  journal={PS: Political Science \& Politics},
  volume={52},
  number={4},
  pages={706--710},
  year={2019},
  publisher={Cambridge University Press}
}

@misc{pither2023introduction,
  title={Introduction to Biostatistics},
  year={2023},
  author={Pither, Jason},
  publisher={University of British Columbia},
  url={https://ubco-biology.github.io/BIOL202/}
}


@article{robertson2023users,
  title={Users choose to engage with more partisan news than they are exposed to on Google Search},
  author={Robertson, Ronald E and Green, Jon and Ruck, Damian J and Ognyanova, Katherine and Wilson, Christo and Lazer, David},
  journal={Nature},
  volume={618},
  number={7964},
  pages={342--348},
  year={2023},
  publisher={Nature Publishing Group UK London}
}


@article{zajas2021religiosity,
  title={Religiosity, conservatism, and value preferences as predictors of attitudes towards science},
  author={Zajas, Aleksandra},
  journal={Zarz{\k{a}}dzanie Publiczne},
  volume={56},
  number={4},
  pages={195--210},
  year={2021},
  publisher={Wydawnictwo Uniwersytetu Jagiello{\'n}skiego}
}

@article{HYLAND2023101253,
title = {Academic publishing and the attention economy},
journal = {Journal of English for Academic Purposes},
volume = {64},
pages = {101253},
year = {2023},
issn = {1475-1585},
doi = {https://doi.org/10.1016/j.jeap.2023.101253},
url = {https://www.sciencedirect.com/science/article/pii/S1475158523000395},
author = {Ken Hyland},
}

@misc{bowman2019thomas,
  title={Thomas Jefferson \& American Education},
  author={Bowman, JC},
  year={2019},
  publisher={Professional Educators of Tennessee},
  url={https://www.proedtn.org/news/339466/Thomas-Jefferson--American-Education.htm}
}

@article{HYLAND2023101253,
title = {Academic publishing and the attention economy},
journal = {Journal of English for Academic Purposes},
volume = {64},
pages = {101253},
year = {2023},
issn = {1475-1585},
doi = {https://doi.org/10.1016/j.jeap.2023.101253},
url = {https://www.sciencedirect.com/science/article/pii/S1475158523000395},
author = {Ken Hyland},
}

@book{nrc2012framework,
  title={A framework for K-12 science education: Practices, crosscutting concepts, and core ideas},
  author={{National Research Council}},
  year={2012},
  publisher={Washington, DC: National Academies Press}
}

@book{dewey1933how,
  title={How we think},
  author={Dewey, John},
  year={1933},
  publisher={Heath \& Co Publishers}
}

@article{hannon2022knowledgeable,
  title={Are knowledgeable voters better voters?},
  author={Hannon, Michael},
  journal={Politics, Philosophy \& Economics},
  volume={21},
  number={1},
  pages={29--54},
  year={2022},
  publisher={SAGE Publications Sage UK: London, England}
}

@article{bushey2012everyday,
  title={Everyday Reasoning and the Roots of Intelligence},
  author={Bushey, B and Farady, M and Perkins, DN},
  journal={Informal Reasoning and Education},
  pages={101--124},
  year={2012}
}

@article{kahan2013ideology,
  title={Ideology, motivated reasoning, and cognitive reflection},
  author={Kahan, Dan M},
  journal={Judgment and Decision making},
  volume={8},
  number={4},
  pages={407--424},
  year={2013},
  publisher={Cambridge University Press}
}

@article{taber2006motivated,
  title={Motivated skepticism in the evaluation of political beliefs},
  author={Taber, Charles S and Lodge, Milton},
  journal={American journal of political science},
  volume={50},
  number={3},
  pages={755--769},
  year={2006},
  publisher={Wiley Online Library}
}

@article{carlsson2021climate,
  title={The climate decade: Changing attitudes on three continents},
  author={Carlsson, Fredrik and Kataria, Mitesh and Krupnick, Alan and Lampi, Elina and L{\"o}fgren, {\AA}sa and Qin, Ping and Sterner, Thomas and Yang, Xiaojun},
  journal={Journal of Environmental Economics and Management},
  volume={107},
  pages={102426},
  year={2021},
  publisher={Elsevier}
}

@article{koltai2017questioning,
  title={Questioning science with science: the evolution of the vaccine safety movement},
  author={Koltai, Kolina S and Fleischmann, Kenneth R},
  journal={Proceedings of the Association for Information Science and Technology},
  volume={54},
  number={1},
  pages={232--240},
  year={2017},
  publisher={Wiley Online Library}
}

@techreport{ccdg2024new,
  title={{The New Climate Denial}},
  author={{Center for Countering Digital Health}},
  year={2024},
  institution={{Center for Countering Digital Health}},
  url={https://counterhate.com/wp-content/uploads/2024/01/CCDH-The-New-Climate-Denial_FINAL.pdf}
}

@article{hoekstra2024educational,
  title={The educational divide in climate change attitudes: Understanding the role of scientific knowledge and subjective social status},
  author={Hoekstra, Anne G and Noordzij, Kjell and de Koster, Willem and van der Waal, Jeroen},
  journal={Global Environmental Change},
  volume={86},
  pages={102851},
  year={2024},
  publisher={Elsevier}
}

@article{bliuc2015public,
  title={Public division about climate change rooted in conflicting socio-political identities},
  author={Bliuc, Ana-Maria and McGarty, Craig and Thomas, Emma F and Lala, Girish and Berndsen, Mariette and Misajon, RoseAnne},
  journal={Nature Climate Change},
  volume={5},
  number={3},
  pages={226--229},
  year={2015},
  publisher={Nature Publishing Group UK London}
}

@article{kennedy2019eco,
  title={Eco-habitus or eco-powerlessness? Examining environmental concern across social class},
  author={Kennedy, Emily Huddart and Givens, Jennifer E},
  journal={Sociological Perspectives},
  volume={62},
  number={5},
  pages={646--667},
  year={2019},
  publisher={SAGE Publications Sage CA: Los Angeles, CA}
}

@article{bornmann2022relevant,
  title={How relevant is climate change research for climate change policy? An empirical analysis based on Overton data},
  author={Bornmann, Lutz and Haunschild, Robin and Boyack, Kevin and Marx, Werner and Minx, Jan C},
  journal={PloS one},
  volume={17},
  number={9},
  pages={e0274693},
  year={2022},
  publisher={Public Library of Science San Francisco, CA USA}
}

@article{osman2022youtube,
  title={Is YouTube a reliable source of health-related information? A systematic review},
  author={Osman, Wael and Mohamed, Fatma and Elhassan, Mohamed and Shoufan, Abdulhadi},
  journal={BMC Medical Education},
  volume={22},
  number={1},
  pages={382},
  year={2022},
  publisher={Springer}
}

@article{do2022infodemics,
  title={Infodemics and health misinformation: a systematic review of reviews},
  author={Do Nascimento, Israel Junior Borges and Pizarro, Ana Beatriz and Almeida, Jussara M and Azzopardi-Muscat, Natasha and Gon{\c{c}}alves, Marcos Andr{\'e} and Bj{\"o}rklund, Maria and Novillo-Ortiz, David},
  journal={Bulletin of the World Health Organization},
  volume={100},
  number={9},
  pages={544},
  year={2022},
  publisher={World Health Organization}
}

@article{bar2023new,
  title={New threats to society from free-speech social media platforms},
  author={B{\"a}r, Dominik and Pr{\"o}llochs, Nicolas and Feuerriegel, Stefan},
  journal={Communications of the ACM},
  volume={66},
  number={10},
  pages={37--40},
  year={2023},
  publisher={ACM New York, NY, USA}
}

@article{zhang2023political,
  title={Political endorsement by Nature and trust in scientific expertise during COVID-19},
  author={Zhang, Floyd Jiuyun},
  journal={Nature Human Behaviour},
  volume={7},
  number={5},
  pages={696--706},
  year={2023},
  publisher={Nature Publishing Group UK London}
}

