@article{clark2019don,
  title={Don't Take the Easy Way Out: Ensemble Based Methods for Avoiding Known Dataset Biases},
  author={Clark, Christopher and Yatskar, Mark and Zettlemoyer, Luke},
  journal={Empirical Methods in Natural Language Processing (EMNLP)},
  year={2019}
}

@article{du2021towards,
  title={Towards Interpreting and Mitigating Shortcut Learning Behavior of NLU Models},
  author={Du, Mengnan and Manjunatha, Varun and Jain, Rajiv and Deshpande, Ruchi and Dernoncourt, Franck and Gu, Jiuxiang and Sun, Tong and Hu, Xia},
  journal={North American Chapter of the Association for Computational Linguistics (NAACL)},
  year={2021}
}

@article{geirhos2020shortcut,
  title={Shortcut learning in deep neural networks},
  author={Geirhos, Robert and Jacobsen, J{\"o}rn-Henrik and Michaelis, Claudio and Zemel, Richard and Brendel, Wieland and Bethge, Matthias and Wichmann, Felix A},
  journal={Nature Machine Intelligence},
  volume={2},
  number={11},
  pages={665--673},
  year={2020},
  publisher={Nature Publishing Group UK London}
}

@article{gururangan2018annotation,
  title={Annotation artifacts in natural language inference data},
  author={Gururangan, Suchin and Swayamdipta, Swabha and Levy, Omer and Schwartz, Roy and Bowman, Samuel R and Smith, Noah A},
  journal={arXiv preprint arXiv:1803.02324},
  year={2018}
}

@article{he2023mitigating,
  title={Mitigating Shortcuts in Language Models with Soft Label Encoding},
  author={He, Zirui and Deng, Huiqi and Zhao, Haiyan and Liu, Ninghao and Du, Mengnan},
  journal={LREC-COLING 2024},
  year={2024}
}

@inproceedings{lin2017focal,
  title={Focal loss for dense object detection},
  author={Lin, Tsung-Yi and Goyal, Priya and Girshick, Ross and He, Kaiming and Doll{\'a}r, Piotr},
  booktitle={Proceedings of the IEEE international conference on computer vision (ICCV)},
  year={2017}
}

@inproceedings{lyu2023feature,
  title={Feature-level debiased natural language understanding},
  author={Lyu, Yougang and Li, Piji and Yang, Yechang and de Rijke, Maarten and Ren, Pengjie and Zhao, Yukun and Yin, Dawei and Ren, Zhaochun},
  booktitle={Proceedings of the AAAI Conference on Artificial Intelligence},
  volume={37},
  number={11},
  pages={13353--13361},
  year={2023}
}

@article{mccoy2019right,
  title={Right for the wrong reasons: Diagnosing syntactic heuristics in natural language inference},
  author={McCoy, R Thomas and Pavlick, Ellie and Linzen, Tal},
  journal={57th Annual Meeting of the Association for Computational Linguistics (ACL)},
  year={2019}
}

@article{poliak2018hypothesis,
  title={Hypothesis only baselines in natural language inference},
  author={Poliak, Adam and Naradowsky, Jason and Haldar, Aparajita and Rudinger, Rachel and Van Durme, Benjamin},
  journal={arXiv preprint arXiv:1805.01042},
  year={2018}
}

@article{schuster2019towards,
  title={Towards debiasing fact verification models},
  author={Schuster, Tal and Shah, Darsh J and Yeo, Yun Jie Serene and Filizzola, Daniel and Santus, Enrico and Barzilay, Regina},
  journal={Empirical Methods in Natural Language Processing (EMNLP)},
  year={2019}
}

@article{utama2020mind,
  title={Mind the Trade-off: Debiasing NLU Models without Degrading the In-distribution Performance},
  author={Utama, Prasetya Ajie and Moosavi, Nafise Sadat and Gurevych, Iryna},
  journal={58th Annual Meeting of the Association for Computational Linguistics (ACL)},
  year={2020}
}

@article{utama2020towards,
  title={Towards debiasing NLU models from unknown biases},
  author={Utama, Prasetya Ajie and Moosavi, Nafise Sadat and Gurevych, Iryna},
  journal={Empirical Methods in Natural Language Processing (EMNLP)},
  year={2020}
}

