@article{DBLP:journals/www/ZhuWCQOYDCZ24/llms,
  author       = {Yuqi Zhu and
                  Xiaohan Wang and
                  Jing Chen and
                  Shuofei Qiao and
                  Yixin Ou and
                  Yunzhi Yao and
                  Shumin Deng and
                  Huajun Chen and
                  Ningyu Zhang},
  title        = {LLMs for knowledge graph construction and reasoning: recent capabilities
                  and future opportunities},
  journal      = {World Wide Web {(WWW)}},
  volume       = {27},
  number       = {5},
  pages        = {58},
  year         = {2024},
  doi          = {10.1007/S11280-024-01297-W},
  timestamp    = {Mon, 02 Sep 2024 09:38:28 +0200},
  biburl       = {https://dblp.org/rec/journals/www/ZhuWCQOYDCZ24.bib},
  bibsource    = {dblp computer science bibliography, https://dblp.org}
}

@article{wei2023chatie/chatie,
  title={Chatie: Zero-shot information extraction via chatting with chatgpt},
  author={Wei, Xiang and Cui, Xingyu and Cheng, Ning and Wang, Xiaobin and Zhang, Xin and Huang, Shen and Xie, Pengjun and Xu, Jinan and Chen, Yufeng and Zhang, Meishan and others},
  journal={arXiv preprint arXiv:2302.10205},
  year={2023}
}

@article{wu2024zero/medical,
  title={Zero-Shot Construction of Chinese Medical Knowledge Graph with GPT-3.5-turbo and GPT-4},
  author={Wu, Ling-I and Su, Yuxin and Li, Guoqiang},
  journal={ACM Transactions on Management Information Systems},
  year={2024},
  publisher={ACM New York, NY}
}

