@inproceedings{DBLP:conf/dl4kg/FreyMABB23/benchmarking,
  author       = {Johannes Frey and
                  Lars{-}Peter Meyer and
                  Natanael Arndt and
                  Felix Brei and
                  Kirill Bulert},
  editor       = {Mehwish Alam and
                  Michael Cochez},
  title        = {Benchmarking the Abilities of Large Language Models for {RDF} Knowledge
                  Graph Creation and Comprehension: How Well Do LLMs Speak Turtle?},
  booktitle    = {Proceedings of the Workshop on Deep Learning for Knowledge Graphs
                  {(DL4KG} 2023) co-located with the 21th International Semantic Web
                  Conference {(ISWC} 2023), Athens, November 6-10, 2023},
  series       = {{CEUR} Workshop Proceedings},
  volume       = {3559},
  publisher    = {CEUR-WS.org},
  year         = {2023},
  url          = {https://ceur-ws.org/Vol-3559/paper-3.pdf},
  timestamp    = {Wed, 20 Dec 2023 17:08:34 +0100},
  biburl       = {https://dblp.org/rec/conf/dl4kg/FreyMABB23.bib},
  bibsource    = {dblp computer science bibliography, https://dblp.org}
}



@article{wei2023chatie/chatie,
  title={Chatie: Zero-shot information extraction via chatting with chatgpt},
  author={Wei, Xiang and Cui, Xingyu and Cheng, Ning and Wang, Xiaobin and Zhang, Xin and Huang, Shen and Xie, Pengjun and Xu, Jinan and Chen, Yufeng and Zhang, Meishan and others},
  journal={arXiv preprint arXiv:2302.10205},
  year={2023}
}


@article{DBLP:journals/www/ZhuWCQOYDCZ24/llms,
  author       = {Yuqi Zhu and
                  Xiaohan Wang and
                  Jing Chen and
                  Shuofei Qiao and
                  Yixin Ou and
                  Yunzhi Yao and
                  Shumin Deng and
                  Huajun Chen and
                  Ningyu Zhang},
  title        = {LLMs for knowledge graph construction and reasoning: recent capabilities
                  and future opportunities},
  journal      = {World Wide Web {(WWW)}},
  volume       = {27},
  number       = {5},
  pages        = {58},
  year         = {2024},
  doi          = {10.1007/S11280-024-01297-W},
  timestamp    = {Mon, 02 Sep 2024 09:38:28 +0200},
  biburl       = {https://dblp.org/rec/journals/www/ZhuWCQOYDCZ24.bib},
  bibsource    = {dblp computer science bibliography, https://dblp.org}
}


@article{wu2024zero/medical,
  title={Zero-Shot Construction of Chinese Medical Knowledge Graph with GPT-3.5-turbo and GPT-4},
  author={Wu, Ling-I and Su, Yuxin and Li, Guoqiang},
  journal={ACM Transactions on Management Information Systems},
  year={2024},
  publisher={ACM New York, NY}
}


@article{DBLP:journals/tist/ChangWWWYZCYWWYZCYYX24/survey,
  author       = {Yupeng Chang and
                  Xu Wang and
                  Jindong Wang and
                  Yuan Wu and
                  Linyi Yang and
                  Kaijie Zhu and
                  Hao Chen and
                  Xiaoyuan Yi and
                  Cunxiang Wang and
                  Yidong Wang and
                  Wei Ye and
                  Yue Zhang and
                  Yi Chang and
                  Philip S. Yu and
                  Qiang Yang and
                  Xing Xie},
  title        = {A Survey on Evaluation of Large Language Models},
  journal      = {{ACM} Trans. Intell. Syst. Technol.},
  volume       = {15},
  number       = {3},
  pages        = {39:1--39:45},
  year         = {2024},
  url          = {https://doi.org/10.1145/3641289},
  doi          = {10.1145/3641289},
  timestamp    = {Thu, 25 Jul 2024 07:47:43 +0200},
  biburl       = {https://dblp.org/rec/journals/tist/ChangWWWYZCYWWYZCYYX24.bib},
  bibsource    = {dblp computer science bibliography, https://dblp.org}
}





@inproceedings{DBLP:conf/emnlp/CabotN21/endtoend2,
  author       = {Pere{-}Llu{\'{\i}}s Huguet Cabot and
                  Roberto Navigli},
  editor       = {Marie{-}Francine Moens and
                  Xuanjing Huang and
                  Lucia Specia and
                  Scott Wen{-}tau Yih},
  title        = {{REBEL:} Relation Extraction By End-to-end Language generation},
  booktitle    = {Findings of the Association for Computational Linguistics: {EMNLP}
                  2021, Virtual Event / Punta Cana, Dominican Republic, 16-20 November,
                  2021},
  pages        = {2370--2381},
  publisher    = {Association for Computational Linguistics},
  year         = {2021},

    
}

@inproceedings{DBLP:conf/conll/LevySCZ17/zeroshot,
  author       = {Omer Levy and
                  Minjoon Seo and
                  Eunsol Choi and
                  Luke Zettlemoyer},
  editor       = {Roger Levy and
                  Lucia Specia},
  title        = {Zero-Shot Relation Extraction via Reading Comprehension},
  booktitle    = {Proceedings of the 21st Conference on Computational Natural Language
                  Learning (CoNLL 2017), Vancouver, Canada, August 3-4, 2017},
  pages        = {333--342},
  publisher    = {Association for Computational Linguistics},
  year         = {2017},
  url          = {https://doi.org/10.18653/v1/K17-1034},
  doi          = {10.18653/V1/K17-1034},
  timestamp    = {Fri, 06 Aug 2021 00:41:08 +0200},
  biburl       = {https://dblp.org/rec/conf/conll/LevySCZ17.bib},
  bibsource    = {dblp computer science bibliography, https://dblp.org}
}

@article{DBLP:journals/corr/abs-2307-01128/zeroshot2,
  author       = {Salvatore Carta and
                  Alessandro Giuliani and
                  Leonardo Piano and
                  Alessandro Sebastian Podda and
                  Livio Pompianu and
                  Sandro Gabriele Tiddia},
  title        = {Iterative Zero-Shot {LLM} Prompting for Knowledge Graph Construction},
  journal      = {CoRR},
  volume       = {abs/2307.01128},
  year         = {2023},
  doi          = {10.48550/ARXIV.2307.01128},
  eprinttype    = {arXiv},
  eprint       = {2307.01128},
  timestamp    = {Mon, 10 Jul 2023 17:27:00 +0200},
  biburl       = {https://dblp.org/rec/journals/corr/abs-2307-01128.bib},
  bibsource    = {dblp computer science bibliography, https://dblp.org}
}




@inproceedings{DBLP:conf/acl/ZhouSZZ05/re,
  author       = {Guodong Zhou and
                  Jian Su and
                  Jie Zhang and
                  Min Zhang},
  title        = {Exploring Various Knowledge in Relation Extraction},
  booktitle    = {{ACL} 2005, 43rd Annual Meeting of the Association for Computational
                  Linguistics, Proceedings of the Conference, 25-30 June 2005, University
                  of Michigan, {USA}},
  pages        = {427--434},
  publisher    = {The Association for Computer Linguistics},
  year         = {2005},
  url          = {https://aclanthology.org/P05-1053/},
  doi          = {10.3115/1219840.1219893},
  timestamp    = {Fri, 06 Aug 2021 00:41:07 +0200},
  biburl       = {https://dblp.org/rec/conf/acl/ZhouSZZ05.bib},
  bibsource    = {dblp computer science bibliography, https://dblp.org}
}


@inproceedings{DBLP:conf/nlpcc/LiHSJLJZLZ19/duie,
  author       = {Shuangjie Li and
                  Wei He and
                  Yabing Shi and
                  Wenbin Jiang and
                  Haijin Liang and
                  Ye Jiang and
                  Yang Zhang and
                  Yajuan Lyu and
                  Yong Zhu},
  editor       = {Jie Tang and
                  Min{-}Yen Kan and
                  Dongyan Zhao and
                  Sujian Li and
                  Hongying Zan},
  title        = {DuIE: {A} Large-Scale Chinese Dataset for Information Extraction},
  booktitle    = {Natural Language Processing and Chinese Computing - 8th {CCF} International
                  Conference, {NLPCC} 2019, Dunhuang, China, October 9-14, 2019, Proceedings,
                  Part {II}},
  series       = {Lecture Notes in Computer Science},
  volume       = {11839},
  pages        = {791--800},
  publisher    = {Springer},
  year         = {2019}
}



@article{giunchiglia2003semantic,
  title={Semantic matching},
  author={Giunchiglia, Fausto and Shvaiko, Pavel},
  journal={The Knowledge Engineering Review},
  volume={18},
  number={3},
  pages={265--280},
  year={2003},
  publisher={Cambridge University Press}
}

@online{openai_chatgpt,
  author       = {OpenAI},
  title        = {ChatGPT},
  year         = {2022},
  url          = {https://openai.com/chatgpt},
}

@online{google_gemini,
  author       = {Google},
  title        = {Gemini},
  year         = {2023},
  url          = {https://gemini.google.com/app},
}

@online{meta_llama,
  author       = {Meta},
  title        = {LLaMA},
  year         = {2023},
  url          = {https://ai.meta.com/llama},
}

%%task
@INPROCEEDINGS{10055297/sdu,
  author={Du, Shaoshuai and Hao, Kuangrong and Zhang, Haichao and Tang, Xue-song and Wei, Bing},
  booktitle={2022 China Automation Congress (CAC)}, 
  title={Patch Elastic Deformation: An Effective Data Augmentation Method}, 
  year={2022},
  volume={},
  number={},
  pages={2079-2084},
  keywords={Training;Deformable models;Deformation;Shape;Pipelines;Object detection;Feature extraction;data augmentation;elastic deformation;image classification;object detection},
  doi={10.1109/CAC57257.2022.10055297}}




@misc{shen2024financialsentimentanalysisnews/yanxin,
      title={Financial Sentiment Analysis on News and Reports Using Large Language Models and FinBERT}, 
      author={Yanxin Shen and Pulin Kirin Zhang},
      year={2024},
      eprint={2410.01987},
      archivePrefix={arXiv},
      primaryClass={cs.IR},
      url={https://arxiv.org/abs/2410.01987}, 
}



@article{huang2024image2text2image/yixian,
  title={Image2Text2Image: A Novel Framework for Label-Free Evaluation of Image-to-Text Generation with Text-to-Image Diffusion Models},
  author={Huang, Jia-Hong and Zhu, Hongyi and Shen, Yixian and Rudinac, Stevan and Kanoulas, Evangelos},
  journal={arXiv preprint arXiv:2411.05706},
  year={2024}
}


@article{xu2024improving/shi,
  title={Improving diversity and discriminability based implicit contrastive learning for unsupervised domain adaptation},
  author={Xu, Heng and Shi, Chuanqi and Fan, WenZe and Chen, Zhenghan},
  journal={Applied Intelligence},
  volume={54},
  number={20},
  pages={10007--10017},
  year={2024},
  publisher={Springer}
}



@article{tao2024nevlp/luntao,
  title={Nevlp: Noise-robust framework for efficient vision-language pre-training},
  author={Tao, Yiyi and Wang, Zhuoyue and Zhang, Hang and Wang, Lun},
  journal={arXiv preprint arXiv:2409.09582},
  year={2024}
}
@inproceedings{DBLP:conf/dl4kg/FreyMABB23/rdf,
  author       = {Johannes Frey and
                  Lars{-}Peter Meyer and
                  Natanael Arndt and
                  Felix Brei and
                  Kirill Bulert},
  editor       = {Mehwish Alam and
                  Michael Cochez},
  title        = {Benchmarking the Abilities of Large Language Models for {RDF} Knowledge
                  Graph Creation and Comprehension: How Well Do LLMs Speak Turtle?},
  booktitle    = {Proceedings of the Workshop on Deep Learning for Knowledge Graphs
                  {(DL4KG} 2023) co-located with the 21th International Semantic Web
                  Conference {(ISWC} 2023), Athens, November 6-10, 2023},
  series       = {{CEUR} Workshop Proceedings},
  volume       = {3559},
  publisher    = {CEUR-WS.org},
  year         = {2023},
  timestamp    = {Wed, 20 Dec 2023 17:08:34 +0100},
}

