@inproceedings{gousios2017mining,
  title={Mining software engineering data from GitHub},
  author={Gousios, Georgios and Spinellis, Diomidis},
  booktitle={Proceedings of the 39th IEEE/ACM International Conference on Software Engineering Companion (ICSE-C)},
  pages={501--502},
  year={2017},
  organization={IEEE}}
@inproceedings{rahman2019curated,
  title={A curated dataset of microservices-based systems},
  author={Rahman, MI and Panichella, S and Taibi, D},
  booktitle={Joint Proceedings of the Inforte Summer School on Software Maintenance and Evolution (SSSME)},
  page = {1--9},
  year={2019},
  organization = {CEUR-WS.org}
}
@inproceedings{joshi2019rapidrelease,
  title={RapidRelease-A Dataset of Projects and Issues on Github with Rapid Releases},
  author={Joshi, Saket Dattatray and Chimalakonda, Sridhar},
  booktitle={Proceedings of the 16th IEEE/ACM  International Conference on Mining Software Repositories (MSR)},
  pages={587--591},
  year={2019},
  organization={IEEE}
}
@article{viviani2019locating,
  title={Locating latent design information in developer discussions: A study on pull requests},
  author={Viviani, Giovanni and Famelis, Michalis and Xia, Xin and Janik-Jones, Calahan and Murphy, Gail C},
  journal={IEEE Transactions on Software Engineering},
  year={2019},
  publisher={IEEE},
  doi = {10.1109/TSE.2019.2924006}
}

@inproceedings{le2020puminer, 
author = {Le, Triet Huynh Minh and Hin, David and Croft, Roland and Babar, M. Ali}, 
title = {PUMiner: Mining Security Posts from Developer Question and Answer Websites with PU Learning}, 
booktitle={Proceedings of the 17th IEEE/ACM  International Conference on Mining Software Repositories (MSR)},
year = {2020}, 
publisher = {Association for Computing Machinery}, 
doi = {10.1145/3379597.3387443}
}

@inproceedings{bird-2006-nltk,
    title = {{NLTK}: The {N}atural {L}anguage {T}oolkit},
    author = {Bird, Steven},
    booktitle = {Proceedings of the {COLING}/{ACL} 2006 Interactive Presentation Sessions},
    month = jul,
    year = {2006},
    address = {Sydney, Australia},
    publisher = {Association for Computational Linguistics},
    url = {https://bit.ly/3iuuvw6},
    doi = {10.3115/1225403.1225421},
    pages = {69--72},
}
@article{weekes1997differential,
  title={Differential effects of number of letters on word and nonword naming latency},
  author={Weekes, Brendan S},
  journal={The Quarterly Journal of Experimental Psychology Section A},
  volume={50},
  number={2},
  pages={439--456},
  year={1997},
  publisher={SAGE Publications Sage UK: London, England}
}
@inproceedings{correa2014chaff,
  title={Chaff from the wheat: Characterization and modeling of deleted questions on stack overflow},
  author={Correa, Denzil and Sureka, Ashish},
  booktitle={Proceedings of the 23rd International Conference on World Wide Web (WWW)},
  publisher = {Association for Computing Machinery},
  pages={631--642},
  year={2014},

}
@inproceedings{li2011question,
  title={Question identification on twitter},
  author={Li, Baichuan and Si, Xiance and Lyu, Michael R and King, Irwin and Chang, Edward Y},
  booktitle={Proceedings of the 20th ACM International Conference on Information and Knowledge Management (CIKM)},
  pages={2477--2480},
  year={2011},
  publisher = {ACM},

}
@article{tao2020identifying,
  title={Identifying Security Issues for Mobile Applications Based on User Review Summarization},
  author={Tao, Chuanqi and Guo, Hongjing and Huang, Zhiqiu},
  journal={Information and Software Technology},
  volume = {122},
  pages={106290},
  year={2020},
  publisher={Elsevier}
}

@article{aniche2020effectiveness,
  title={The Effectiveness of Supervised Machine Learning Algorithms in Predicting Software Refactoring},
  author={Aniche, Maur{\'\i}cio and Maziero, Erick and Durelli, Rafael and Durelli, Vinicius},
  journal={arXiv preprint arXiv:2001.03338},
  year={2020}
}

@article{bao2019large,
  title={A large scale study of long-time contributor prediction for GitHub projects},
  author={Bao, Lingfeng and Xia, Xin and Lo, David and Murphy, Gail C},
  journal={IEEE Transactions on Software Engineering},
  year={2019},
  publisher={IEEE},
  doi = {10.1109/TSE.2019.2918536}
}



@ARTICLE{yu2020identifying,  
    author={Z. {Yu} and F. M. {Fahid} and H. {Tu} and T. {Menzies}},  
    journal={IEEE Transactions on Software Engineering},   title={Identifying Self-Admitted Technical Debts with Jitterbug: A Two-Step Approach},   
    year={2020},  
    doi={10.1109/TSE.2020.3031401}
}

@article{breiman2001random,
  title={Random forests},
  author={Breiman, Leo},
  journal={Machine Learning},
  volume={45},
  number={1},
  pages={5--32},
  year={2001},
  publisher={Springer}
}
@article{yadav2014solar,
  title={Solar radiation prediction using Artificial Neural Network techniques: A review},
  author={Yadav, Amit Kumar and Chandel, SS},
  journal={Renewable and Sustainable Energy Reviews},
  volume={33},
  pages={772--781},
  year={2014},
  publisher={Elsevier}
}
@article{chang2010training,
  title={Training and testing low-degree polynomial data mappings via linear SVM},
  author={Chang, Yin-Wen and Hsieh, Cho-Jui and Chang, Kai-Wei and Ringgaard, Michael and Lin, Chih-Jen},
  journal={Journal of Machine Learning Research},
  volume={11},
  number  = {48},
  pages={1471--1490},
  year={2010}
}

@book{han2011data,
  title={Data Mining: Concepts and Techniques},
  author={Han, Jiawei and Pei, Jian and Kamber, Micheline},
  year={2011},
  publisher={Elsevier}
}
@article{fu2016tuning,
  title={Tuning for software analytics: Is it really necessary?},
  author={Fu, Wei and Menzies, Tim and Shen, Xipeng},
  journal={Information and Software Technology},
  volume={76},
  pages={135--146},
  year={2016},
  publisher={Elsevier}
}

@inproceedings{mende2010replication,
  title={Replication of defect prediction studies: problems, pitfalls and recommendations},
  author={Mende, Thilo},
  booktitle={Proceedings of the 6th International Conference on Predictive Models in Software Engineering (PROMISE)},
  pages={1--10},
  year={2010},
  publisher ={Association for Computing Machinery}
}

@article{menzies2012special,
  title={Special issue on repeatable results in software engineering prediction},
  author={Menzies, Tim and Shepperd, Martin},
  journal = {Empirical Software Engineering},
  volume = {17},
  pages = {1--17},
  year={2012},
  publisher={Springer}
}
@article{laradji2015software,
  title={Software defect prediction using ensemble learning on selected features},
  author={Laradji, Issam H and Alshayeb, Mohammad and Ghouti, Lahouari},
  journal={Information and Software Technology},
  volume={58},
  pages={388--402},
  year={2015},
  publisher={Elsevier}
}
@article{tantithamthavorn2018impact,
  title={The impact of automated parameter optimization on defect prediction models},
  author={Tantithamthavorn, Chakkrit and McIntosh, Shane and Hassan, Ahmed E and Matsumoto, Kenichi},
  journal={IEEE Transactions on Software Engineering},
  volume={45},
  number={7},
  pages={683--711},
  year={2018},
  publisher={IEEE}
}
@article{mohseni2015selection,
  title={Selection of RBF Neural Network Parameters Based on Normalized Cut Clustering},
  author={Mohseni, Masoumeh and Ghaderi, Reza and Asvadi, Alireza and Ezoji, Mehdi},
  journal={Journal of Soft Computing and Information Technology},
  volume={3},
  number={4},
  year={2015}
}

@inproceedings{bettaieb2019decision,
  title={Decision Support for Security-Control Identification Using Machine Learning},
  author={Bettaieb, Seifeddine and Shin, Seung Yeob and Sabetzadeh, Mehrdad and Briand, Lionel and Nou, Gr{\'e}gory and Garceau, Michael},
  booktitle={Proceedings of the 25th International Working Conference on Requirements Engineering: Foundation for Software Quality (REFSQ)},
  pages={3--20},
  year={2019},
  organization={Springer}
}
@article{lessmann2008benchmarking,
  title={Benchmarking classification models for software defect prediction: A proposed framework and novel findings},
  author={Lessmann, Stefan and Baesens, Bart and Mues, Christophe and Pietsch, Swantje},
  journal={IEEE Transactions on Software Engineering},
  volume={34},
  number={4},
  pages={485--496},
  year={2008},
  publisher={IEEE}
}
@inproceedings{tantithamthavorn2018experience,
  title={An experience report on defect modelling in practice: Pitfalls and challenges},
  author={Tantithamthavorn, Chakkrit and Hassan, Ahmed E},
  booktitle={Proceedings of the 40th International Conference on Software Engineering: Software Engineering in Practice (ICSE-SEIP)},
  pages={286--295},
  year={2018},
  publisher = {Association for Computing Machinery}
}
@article{fawcett2006introduction,
  title={An introduction to {ROC} analysis},
  author={Fawcett, Tom},
  journal={Pattern Recognition Letters},
  volume={27},
  number={8},
  pages={861--874},
  year={2006},
  publisher={Elsevier}
}
@article{matthews1975comparison,
  title={Comparison of the predicted and observed secondary structure of T4 phage lysozyme},
  author={Matthews, Brian W},
  journal={Biochimica et Biophysica Acta (BBA)-Protein Structure},
  volume={405},
  number={2},
  pages={442--451},
  year={1975},
  publisher={Elsevier}
}
@inproceedings{romano2011using,
  title={Using source code metrics to predict change-prone java interfaces},
  author={Romano, Daniele and Pinzger, Martin},
  booktitle={Proceedings of the 27th IEEE International Conference on Software Maintenance (ICSM)},
  pages={303--312},
  year={2011},
  organization={IEEE}
}

@article{cohen2002feature,
  title={Feature selection using principal feature analysis},
  author={Cohen, Ira and Xiang, Qi Tian and Zhou, Sean and Sean, Xiang and Thomas, Zhou and Huang, Thomas S},
  year={2002},
  publisher={Citeseer}
}

@inproceedings{song2010feature,
  title={Feature selection using principal component analysis},
  author={Song, Fengxi and Guo, Zhongwei and Mei, Dayong},
  booktitle={Proceedings of the 2010 International Conference on System Science, Engineering Design and Manufacturing Informatization (ICSEM)},
  volume={1},
  pages={27--30},
  year={2010},
  organization={IEEE}
}

@inproceedings{conneau2019cross,
  title={Cross-lingual Language Model Pretraining},
  author={Conneau, Alexis and Lample, Guillaume},
  booktitle={Advances in Neural Information Processing Systems},
  pages={7057--7067},
  year={2019},
  publisher = {Curran Associates, Inc.}
}

@inproceedings{yang2019xlnet,
  title={Xlnet: Generalized autoregressive pretraining for language understanding},
  author={Yang, Zhilin and Dai, Zihang and Yang, Yiming and Carbonell, Jaime and Salakhutdinov, Russ R and Le, Quoc V},
  booktitle={Advances in Neural Information Processing Systems},
  pages={5754--5764},
  year={2019},
  publisher = {Curran Associates, Inc.}
}

@inproceedings{howard2018universal,
  title={Universal language model fine-tuning for text classification},
  author={Howard, Jeremy and Ruder, Sebastian},
  booktitle={Proceedings of the 56th Annual Meeting of the Association for Computational Linguistics (ACL)},
  year={2018},
  pages = {328–339},
  publisher = {Association for Computational Linguistics}
}
@inproceedings{kim2016character,
  title={Character-aware neural language models},
  author={Kim, Yoon and Jernite, Yacine and Sontag, David and Rush, Alexander M},
  booktitle={Thirtieth AAAI Conference on Artificial Intelligence},
  year={2016}
}
@inproceedings{pennington2014glove,
  title={Glove: Global vectors for word representation},
  author={Pennington, Jeffrey and Socher, Richard and Manning, Christopher D},
  booktitle={Proceedings of the 19th Conference on Empirical Methods in Natural Language Processing (EMNLP)},
  pages={1532--1543},
  year={2014}
}
@article{devlin2018bert,
  title={Bert: Pre-training of deep bidirectional transformers for language understanding},
  author={Devlin, Jacob and Chang, Ming-Wei and Lee, Kenton and Toutanova, Kristina},
  journal={ArXiv Preprint ArXiv:1810.04805},
  year={2018}
}

@book{witten2005practical,
  title={Practical machine learning tools and techniques},
  author={Witten, Ian H and Frank, Eibe and Hall, Mark A},
  publisher ={Morgan Kaufmann Publishers Inc.},
  year={2005}
}
@inproceedings{ollagnier2019classification,
  title={Classification and Event Identification Using Word Embedding},
  booktitle={Proceedings of the Conference and Labs of the Evaluation Forum (CLEF)},
  author={Ollagnier, Ana{\i}s and Williams, Hywel},
  year={2019},
  pages={1-9},
  publisher={CEUR-WS.org}
  
}
@inproceedings{harris2002information,
  title={Information Gain Versus Gain Ratio: A Study of Split Method Biases},
  author={Harris, Earl},
  booktitle={Proceedings of the 7th International Symposium on Artificial Intelligence and Mathematics (ISAIM)},
  publisher = {The MITRE Corporation},
  year={2002}
}
@article{mwangi2014review,
  title={A review of feature reduction techniques in neuroimaging},
  author={Mwangi, Benson and Tian, Tian Siva and Soares, Jair C},
  journal={Neuroinformatics},
  volume={12},
  number={2},
  pages={229--244},
  year={2014},
  publisher={Springer}
}
@inproceedings{chen2016xgboost,
  title={Xgboost: A scalable tree boosting system},
  author={Chen, Tianqi and Guestrin, Carlos},
  booktitle={Proceedings of the 22nd ACM SIGKDD International Conference on Knowledge Discovery and Data Mining (KDD)},
  pages={785--794},
  year={2016},
  publisher = {Association for Computing Machinery}
}
@article{larrucea2018microservices,
  title={Microservices},
  author={Larrucea, Xabier and Santamaria, Izaskun and Colomo-Palacios, Ricardo and Ebert, Christof},
  journal={IEEE Software},
  volume={35},
  number={3},
  pages={96--100},
  year={2018},
  publisher={IEEE}
}

@article{balalaie2016microservices,
  title={Microservices architecture enables devops: Migration to a cloud-native architecture},
  author={Balalaie, Armin and Heydarnoori, Abbas and Jamshidi, Pooyan},
  journal={IEEE Software},
  volume={33},
  number={3},
  pages={42--52},
  year={2016},
  publisher={IEEE}
}


@inproceedings{sun2015security,
  title={Securing {IoT} microservices with certificates},
  author={Pahl, Marc-Oliver and Donini, Lorenzo},
  booktitle={Proceedings of the IEEE/IFIP Network Operations and Management Symposium (NOMS)},
  pages={1--5},
  year={2018},
  organization={IEEE}
}
@inproceedings{P2,
  title={Security-as-a-service for microservices-based cloud applications},
  author={Sun, Yuqiong and Nanda, Susanta and Jaeger, Trent},
  booktitle={Proceedings of the 7th IEEE International Conference on Cloud Computing Technology and Science (CloudCom)},
  pages={50--57},
  year={2015},
  organization={IEEE}
}

@inproceedings{P3,
  title={Docker container security via heuristics-based multilateral security-conceptual and pragmatic study},
  author={Manu, AR and Patel, Jitendra Kumar and Akhtar, Shakil and Agrawal, VK and Murthy, KN Bala Subramanya},
  booktitle={Proceedings of the International Conference on Circuit, Power and Computing Technologies (ICCPCT)},
  pages={1--14},
  year={2016},
  organization={IEEE}
}
@inproceedings{P4,
  title={Requirements reconciliation for scalable and secure microservice (de) composition},
  author={Ahmadvand, Mohsen and Ibrahim, Amjad},
  booktitle={Proceedings of the 24th IEEE International Requirements Engineering Conference Workshops (REW)},
  pages={68--73},
  year={2016},
  organization={IEEE}
}
@article{P5,
  title={Security in Microservices Architectures},
  author={Coelho, Nuno Mateus and Real-Portugal, Vila}
}

@incollection{S2,
  title={A taxonomy of software integrity protection techniques},
  author={Ahmadvand, Mohsen and Pretschner, Alexander and Kelbert, Florian},
  booktitle={Advances in Computers},
  volume={112},
  pages={413--486},
  year={2019},
  publisher={Elsevier}
}

@article{straka2019evaluating,
  title={Evaluating Contextualized Embeddings on 54 Languages in POS Tagging, Lemmatization and Dependency Parsing},
  author={Straka, Milan and Strakov{\'a}, Jana and Haji{\v{c}}, Jan},
  journal={ArXiv Preprint ArXiv:1908.07448},
  year={2019}
}
@article{kushchu2002genetic,
  title={Genetic programming and evolutionary generalization},
  author={Kushchu, Ibrahim},
  journal={IEEE Transactions on Evolutionary Computation},
  volume={6},
  number={5},
  pages={431--442},
  year={2002},
  publisher={IEEE}
}
@inproceedings{bousquet2003introduction,
  title={Introduction to statistical learning theory},
  author={Bousquet, Olivier and Boucheron, Stéphane and Lugosi, Gábor},
  booktitle={Summer School on Machine Learning},
  pages={169--207},
  year={2003},
  organization={Springer}
}

@online{mlGeneralization,
    author = {Quora},
	title = {{What is generalization in machine learning?}},
	url = {https://bit.ly/3Bn5pIf},
	year = {2016}
}

@book{bishop2006pattern,
  title={Pattern Recognition and Machine Learning},
  author={Bishop, Christopher M},
  year={2006},
  publisher={Springer}
}

@article{batista2004study,
  title={A study of the behavior of several methods for balancing machine learning training data},
  author={Batista, Gustavo EAPA and Prati, Ronaldo C and Monard, Maria Carolina},
  journal={ACM SIGKDD Explorations Newsletter},
  volume={6},
  number={1},
  pages={20--29},
  year={2004},
  publisher={ACM New York, NY, USA}
}
@inproceedings{elkan2001foundations,
  title={The foundations of cost-sensitive learning},
  author={Elkan, Charles},
  booktitle={International joint Conference on Artificial Intelligence},
  volume={17},
  number={1},
  pages={973--978},
  year={2001},
  organization={Lawrence Erlbaum Associates Ltd}
}
@article{luque2019impact,
  title={The impact of class imbalance in classification performance metrics based on the binary confusion matrix},
  author={Luque, Amalia and Carrasco, Alejandro and Mart{\'\i}n, Alejandro and de las Heras, Ana},
  journal={Pattern Recognition},
  volume={91},
  pages={216--231},
  year={2019},
  publisher={Elsevier}
}
@article{li2020ontology,
  title={An Ontology-Based Learning Approach for Automatically Classifying Security Requirements},
  author={Li, Tong and Chen, Zhishuai},
  journal={Journal of Systems and Software},
  pages={110566},
  volume = {165},
  year={2020},
  publisher={Elsevier}
}
@inproceedings{knauss2011supporting,
  title={Supporting requirements engineers in recognising security issues},
  author={Knauss, Eric and Houmb, Siv and Schneider, Kurt and Islam, Shareeful and J{\"u}rjens, Jan},
  booktitle={Proceedings of the 17th International Working Conference on Requirements Engineering: Foundation for Software Quality (REFSQ)},
  pages={4--18},
  year={2011},
  organization={Springer}
}

@article{pedregosa2011scikit,
  title={Scikit-learn: Machine learning in Python},
  author={Pedregosa, Fabian and Varoquaux, Ga{\"e}l and Gramfort, Alexandre and Michel, Vincent and Thirion, Bertrand and Grisel, Olivier and Blondel, Mathieu and Prettenhofer, Peter and Weiss, Ron and Dubourg, Vincent and others},
  journal={Journal of Machine Learning Research},
  volume={12},
  pages={2825--2830},
  year={2011},
  publisher={JMLR.org}
}
@article{hall2009weka,
  title={The WEKA data mining software: an update},
  author={Hall, Mark and Frank, Eibe and Holmes, Geoffrey and Pfahringer, Bernhard and Reutemann, Peter and Witten, Ian H},
  journal={ACM SIGKDD Explorations Newsletter},
  volume={11},
  number={1},
  pages={10--18},
  year={2009},
  publisher={ACM New York, NY, USA}
}
@book{he2013imbalanced,
  title={Imbalanced learning: foundations, algorithms, and applications},
  author={He, Haibo and Ma, Yunqian},
  year={2013},
  publisher={John Wiley \& Sons}
}
@article{yang2016security,
  title={What security questions do developers ask? a large-scale study of stack overflow posts},
  author={Yang, Xinli and Lo, David and Xia, Xin and Wan, Zhiyuan and Sun, Jianling},
  journal={Journal of Computer Science and Technology},
  volume={31},
  number={5},
  pages={910--924},
  year={2016},
  publisher={Springer}
}
@inproceedings{palacio2019learning,
  title={Learning to Identify Security-Related Issues Using Convolutional Neural Networks},
  author={Palacio, David N and McCrystal, Daniel and Moran, Kevin and Bernal-C{\'a}rdenas, Carlos and Poshyvanyk, Denys and Shenefiel, Chris},
  booktitle={Proceedings of the 35th IEEE International Conference on Software Maintenance and Evolution (ICSME)},
  pages={140--144},
  year={2019},
  organization={IEEE}
}
@inproceedings{pletea2014security,
  title={Security and emotion: sentiment analysis of security discussions on GitHub},
  author={Pletea, Daniel and Vasilescu, Bogdan and Serebrenik, Alexander},
  booktitle={Proceedings of the 11th Working Conference on Mining Software Repositories (MSR)},
  publisher = {Association for Computing Machinery},
  pages={348--351},
  year={2014}
}
@inproceedings{morrison2018identifying,
  title={Identifying security issues in software development: are keywords enough?},
  author={Morrison, Patrick and Oyetoyan, Tosin Daniel and Williams, Laurie},
  booktitle={Proceedings of the 40th International Conference on Software Engineering Companion (ICSE-C)},
  pages={426--427},
  publisher = {Association for Computing Machinery},
  year={2018}
}
@incollection{dragoni2017microservices,
  title={Microservices: yesterday, today, and tomorrow},
  author={Dragoni, Nicola and Giallorenzo, Saverio and Lafuente, Alberto Lluch and Mazzara, Manuel and Montesi, Fabrizio and Mustafin, Ruslan and Safina, Larisa},
  booktitle={Present and Ulterior Software Engineering},
  pages={195--216},
  year={2017},
  publisher={Springer}
}
@online{fowler2014microservices,
  title={Microservices a definition of this new architectural term},
  author={Fowler, Martin and Lewis, James},
  url={https://bit.ly/3zk5xXr},
  year={2014}
}
@article{jamshidi2018microservices,
  title={Microservices: The journey so far and challenges ahead},
  author={Jamshidi, Pooyan and Pahl, Claus and Mendon{\c{c}}a, Nabor C and Lewis, James and Tilkov, Stefan},
  journal={IEEE Software},
  volume={35},
  number={3},
  pages={24--35},
  year={2018},
  publisher={IEEE}
}
@book{newman2015building,
  title={Building Microservices: Designing Fine-Grained Systems},
  author={Newman, Sam},
  year={2015},
  publisher={O'Reilly Media, Inc.}
}
@article{di2019architecting,
  title={Architecting with microservices: A systematic mapping study},
  author={Di Francesco, Paolo and Lago, Patricia and Malavolta, Ivano},
  journal={Journal of Systems and Software},
  volume={150},
  pages={77--97},
  year={2019},
  publisher={Elsevier}
}
@inproceedings{yarygina2018overcoming,
  title={Overcoming security challenges in microservice architectures},
  author={Yarygina, Tetiana and Bagge, Anya Helene},
  booktitle={Proceedings of the 12th IEEE Symposium on Service-Oriented System Engineering (SOSE)},
  pages={11--20},
  year={2018},
  organization={IEEE}
}
@article{yu2019survey,
  title={A survey on security issues in services communication of Microservices-enabled fog applications},
  author={Yu, Dongjin and Jin, Yike and Zhang, Yuqun and Zheng, Xi},
  journal={Concurrency and Computation: Practice and Experience},
  volume={31},
  number={22},
  pages={e4436},
  year={2019},
  publisher={Wiley Online Library}
}
@article{esposito2016challenges,
  title={Challenges in delivering software in the cloud as microservices},
  author={Esposito, Christian and Castiglione, Aniello and Choo, Kim-Kwang Raymond},
  journal={IEEE Cloud Computing},
  volume={3},
  number={5},
  pages={10--14},
  year={2016},
  publisher={IEEE}
}


@article{jiang2020ltrwes,
  title={LTRWES: A New Framework for Security Bug Report Detection},
  author={Jiang, Yuan and Lu, Pengcheng and Su, Xiaohong and Wang, Tiantian},
  journal={Information and Software Technology},
  pages={106314},
  volume = {124},
  year={2020},
  publisher={Elsevier}
}
@inproceedings{gegick2010identifying,
  title={Identifying security bug reports via text mining: An industrial case study},
  author={Gegick, Michael and Rotella, Pete and Xie, Tao},
  booktitle={Proceedings of the 7th International Working Conference on Mining Software Repositories (MSR)},
  pages={11--20},
  year={2010},
  organization={IEEE}
}
@inproceedings{bhat2017automatic,
  title={Automatic extraction of design decisions from issue management systems: a machine learning based approach},
  author={Bhat, Manoj and Shumaiev, Klym and Biesdorf, Andreas and Hohenstein, Uwe and Matthes, Florian},
  booktitle={Proceedings of the 11th European Conference on Software Architecture (ECSA)},
  pages={138--154},
  year={2017},
  organization={Springer}
}
@article{brysbaert2019many,
  title={How many words do we read per minute? A review and meta-analysis of reading rate},
  author={Brysbaert, Marc},
  journal={Journal of Memory and Language},
  volume={109},
  pages={104047},
  year={2019},
  publisher={Elsevier}
}

@inproceedings{gonzalez2019automated,
  title={Automated Characterization of Software Vulnerabilities},
  author={Gonzalez, Danielle and Hastings, Holly and Mirakhorli, Mehdi},
  booktitle={2019 IEEE International Conference on Software Maintenance and Evolution (ICSME)},
  pages={135--139},
  year={2019},
  organization={IEEE}
}
@inproceedings{pereira2019identifying,
  title={Identifying Security Bug Reports Based Solely on Report Titles and Noisy Data},
  author={Pereira, Mayana and Kumar, Alok and Cristiansen, Scott},
  booktitle={Proceedings of the IEEE International Conference on Smart Computing (SMARTCOMP)},
  pages={39--44},
  year={2019},
  organization={IEEE}
}

@article{peters2017text,
  title={Text filtering and ranking for security bug report prediction},
  author={Peters, Fayola and Tun, Thein and Yu, Yijun and Nuseibeh, Bashar},
  journal={IEEE Transactions on Software Engineering},
  volume={45},
  number={6},
  pages={615--631},
  year={2017},
  publisher={IEEE}
}



@online{McAfeeSecReport2018,
 author={McAfee},
 title={Navigating a Cloudy Sky: Practical Guidance and the State of Cloud Security},
 year = {2018},
 url={https://bit.ly/3zeaTDj},
 }
 @book{scott2018MSACont,
  title={A Practical Guide to Microservices and Containers},
  author={Scott, James A.},
  year={2018},
  publisher={MapR Data Technologies}
}
@article{zimmermann2017microservices,
  title={Microservices tenets},
  author={Zimmermann, Olaf},
  journal={Computer Science - Research and Development},
  volume={32},
  number={3-4},
  pages={301--310},
  year={2017},
  publisher={Springer}
}
@inproceedings{Pereira2019SecMec,
  title={Security mechanisms used in microservices-based systems: a systematic mapping},
  author={A. {Pereira-Vale} and G. {Márquez} and H. {Astudillo} and E. B. {Fernandez}},
  booktitle={Proceedings of the 45th Latin American Computing Conference (CLEI)},
  pages={1-10},
  year={2019},
  organization={IEEE}
}
@book{nadareishvili2016microservice,
  title={Microservice Architecture: Aligning Principles, Practices, and Culture},
  author={Nadareishvili, Irakli and Mitra, Ronnie and McLarty, Matt and Amundsen, Mike},
  year={2016},
  publisher={O'Reilly Media, Inc.}
}
@inproceedings{tsay2014let,
  title={Let's talk about it: evaluating contributions through discussion in GitHub},
  author={Tsay, Jason and Dabbish, Laura and Herbsleb, James},
  booktitle={Proceedings of the 22nd ACM SIGSOFT International Symposium on Foundations of Software Engineering (FSE)},
  publisher = {Association for Computing Machinery},
  pages={144--154},
  year={2014}
}
@inproceedings{xu2017answerbot,
  title={Answerbot: automated generation of answer summary to developers' technical questions},
  author={Xu, Bowen and Xing, Zhenchang and Xia, Xin and Lo, David},
  booktitle={Proceedings of the 32nd IEEE/ACM International Conference on Automated Software Engineering (ASE)},
  pages={706--716},
  year={2017},
  organization={IEEE}
}
@article{guo2016logistic,
  title={Logistic discrimination based on G-mean and F-measure for imbalanced problem},
  author={Guo, Huaping and Liu, Hongbing and Wu, Changan and Zhi, Weimei and Xiao, Yan and She, Wei},
  journal={Journal of Intelligent \& Fuzzy Systems},
  volume={31},
  number={3},
  pages={1155--1166},
  year={2016},
  publisher={IOS Press}
}
@inproceedings{lamkanfi2010predicting,
  title={Predicting the severity of a reported bug},
  author={Lamkanfi, Ahmed and Demeyer, Serge and Giger, Emanuel and Goethals, Bart},
  booktitle={2010 7th IEEE Working Conference on Mining Software Repositories (MSR 2010)},
  pages={1--10},
  year={2010},
  organization={IEEE}
}
@inproceedings{goseva2018identification,
  title={Identification of security related bug reports via text mining using supervised and unsupervised classification},
  author={Goseva-Popstojanova, Katerina and Tyo, Jacob},
  booktitle={Proceedings of the 18th IEEE International Conference on Software Quality, Reliability and Security (QRS)},
  pages={344--355},
  year={2018},
  organization={IEEE}
}
@inproceedings{bogner2019microservices,
  title={Microservices in industry: insights into technologies, characteristics, and software quality},
  author={Bogner, Justus and Fritzsch, Jonas and Wagner, Stefan and Zimmermann, Alfred},
  booktitle={Proceedings of the IEEE International Conference on Software Architecture Companion (ICSA-C)},
  pages={187--195},
  year={2019},
  organization={IEEE}
}
@article{carter2014use,
  title={The use of triangulation in qualitative research},
  author={Carter, Nancy and Bryant-Lukosius, Denise and DiCenso, Alba and Blythe, Jennifer and Neville, Alan J},
  journal={Oncology Nursing Forum},
  volume={41},
  number={5},
  year={2014},
  pages={545--547},
  publisher={Oncology Nursing Society}
}
@inproceedings{gousios2016work,
  title={Work practices and challenges in pull-based development: the contributor's perspective},
  author={Gousios, Georgios and Storey, Margaret-Anne and Bacchelli, Alberto},
  booktitle={2016 IEEE/ACM 38th International Conference on Software Engineering (ICSE)},
  pages={285--296},
  year={2016},
  organization={IEEE}
}

@inproceedings{zhang2019microservice,
  title={Microservice Architecture in Reality: An Industrial Inquiry},
  author={Zhang, He and Li, Shanshan and Jia, Zijia and Zhong, Chenxing and Zhang, Cheng},
  booktitle={Proceedings of the IEEE International Conference on Software Architecture (ICSA)},
  pages={51--60},
  year={2019},
  organization={IEEE}
}
@article{knoche2019drivers,
  title={Drivers and barriers for microservice adoption-a survey among professionals in germany},
  author={Knoche, Holger and Hasselbring, Wilhelm},
  journal={Enterprise Modelling and Information Systems Architectures (EMISAJ)-International Journal of Conceptual Modeling},
  volume={14},
  number={1},
  pages={1--35},
  year={2019},
  publisher={German Informatics Society}
}

@inproceedings{ghofrani2018challenges,
  title={Challenges of Microservices Architecture: A Survey on the State of the Practice},
  author={Ghofrani, Javad and L{\"u}bke, Daniel},
  booktitle={Proceedings of the 10th Central European Workshop on Services and their Composition (ZEUS)},
  publisher = {CEUR-WS.org},
  pages={1--8},
  year={2018}
}
@article{bavskarada2018architecting,
  title={Architecting microservices: practical opportunities and challenges},
  author={Ba{\v{s}}karada, Sa{\v{s}}a and Nguyen, Vivian and Koronios, Andy},
  journal={Journal of Computer Information Systems},
  volume={60},
  number={5},
  pages={428--436},
  year={2020},
  publisher={Taylor \& Francis}
}
@article{zhang2019reading,
  title={Reading Answers on Stack Overflow: Not Enough!},
  author={Zhang, Haoxiang and Wang, Shaowei and Chen, Tse-Hsun and Hassan, Ahmed E},
  journal={IEEE Transactions on Software Engineering},
  year={2019},
  publisher={IEEE},
  doi = {10.1109/TSE.2019.2954319}
}
@techreport{broomhead1988radial,
  title={Radial basis functions, multi-variable functional interpolation and adaptive networks},
  author={Broomhead, David S and Lowe, David},
  year={1988},
  institution={Royal Signals and Radar Establishment Malvern (United Kingdom)}
}
@article{capilla201610,
  title={10 years of software architecture knowledge management: Practice and future},
  author={Capilla, Rafael and Jansen, Anton and Tang, Antony and Avgeriou, Paris and Babar, Muhammad Ali},
  journal={Journal of Systems and Software},
  volume={116},
  pages={191--205},
  year={2016},
  publisher={Elsevier}
}
@article{onlinedataset,
  title={dataset, script, and data reliability},
  author={Rezaei Nasab, Ali and Shahin, Mojtaba and Liang, Peng and Basiri, Mohammad Ehsan and Hoseyni, Seyed Ali and Khalajzadeh, Hourieh and Waseem, Muhammad and Naseri, Amineh},
  url = {https://bit.ly/3kuG7Ca},
  year = {2020}
}
@article{kadam2010sample,
  title={Sample size calculation},
  author={Kadam, Prashant and Bhalerao, Supriya},
  journal={International Journal of Ayurveda Research},
  volume={1},
  number={1},
  pages={55},
  year={2010},
  publisher={Wolters Kluwer--Medknow Publications}
}
@article{landis1977measurement,
  title={The measurement of observer agreement for categorical data},
  author={Landis, J Richard and Koch, Gary G},
  journal={Biometrics},
  pages={159--174},
  year={1977},
  publisher={JSTOR}
}
@article{fleiss1981measurement,
  title={The measurement of interrater agreement},
  author={Fleiss, Joseph L and Levin, Bruce and Paik, Myunghee Cho and others},
  journal={Statistical Methods for Rates and Proportions},
  volume={2},
  number={212-236},
  pages={22--23},
  year={1981},
  publisher={Citeseer}
}
@inproceedings{turian2010word,
  title={Word representations: a simple and general method for semi-supervised learning},
  author={Turian, Joseph and Ratinov, Lev and Bengio, Yoshua},
  booktitle={Proceedings of the 48th Annual Meeting of the Association for Computational Linguistics (ACL)},
  pages={384--394},
  year={2010},
  organization = {ACL}

}
@inproceedings{ghannay2016word,
  title={Word embedding evaluation and combination},
  author={Ghannay, Sahar and Favre, Benoit and Esteve, Yannick and Camelin, Nathalie},
  booktitle={Proceedings of the 10th International Conference on Language Resources and Evaluation (LREC)},
  pages={300--305},
  year={2016},
  organization = {ELRA}
}
@inproceedings{mikolov2013distributed,
  title={Distributed representations of words and phrases and their compositionality},
  author={Mikolov, Tomas and Sutskever, Ilya and Chen, Kai and Corrado, Greg S and Dean, Jeff},
  booktitle={Proceedings of the 27th Annual Conference on Neural Information Processing Systems (NIPS)},
  pages={3111--3119},
  year={2013},
  publisher = {MIT Press}
}
@article{rao2018lstm,
  title={LSTM with sentence representations for document-level sentiment classification},
  author={Rao, Guozheng and Huang, Weihang and Feng, Zhiyong and Cong, Qiong},
  journal={Neurocomputing},
  volume={308},
  pages={49--57},
  year={2018},
  publisher={Elsevier}
}

@article{collobert2011natural,
  title={Natural language processing (almost) from scratch},
  author={Collobert, Ronan and Weston, Jason and Bottou, L{\'e}on and Karlen, Michael and Kavukcuoglu, Koray and Kuksa, Pavel},
  journal={Journal of Machine Learning Research},
  volume={12},
  pages={2493--2537},
  year={2011}
}
@inproceedings{wiranata2018investigation,
  title={Investigation of padding schemes for faster R-CNN on vehicle detection},
  author={Wiranata, Aldi and Wibowo, Suryo Adhi and Patmasari, Raditiana and Rahmania, Rissa and Mayasari, Ratna},
  booktitle={Proceedings of the 4th International Conference on Control, Electronics, Renewable Energy and Communications (ICCEREC)},
  pages={208--212},
  year={2018},
  organization={IEEE}
}
@inproceedings{ide2017improvement,
  title={Improvement of learning for {CNN} with {ReLU} activation by sparse regularization},
  author={Ide, Hidenori and Kurita, Takio},
  booktitle={Proceedings of the International Joint Conference on Neural Networks (IJCNN)},
  pages={2684--2691},
  year={2017},
  organization={IEEE}
}
@inproceedings{bacchelli2012content,
  title={Content classification of development emails},
  author={Bacchelli, Alberto and Dal Sasso, Tommaso and D'Ambros, Marco and Lanza, Michele},
  booktitle={2012 34th International Conference on Software Engineering (ICSE)},
  pages={375--385},
  year={2012},
  organization={IEEE}
}
@book{bird2009natural,
  title={Natural Language Processing with Python: Analyzing Text with the Natural Language Toolkit},
  author={Bird, Steven and Klein, Ewan and Loper, Edward},
  year={2009},
  publisher={O'Reilly Media, Inc.}
}
@inproceedings{li2020automatic,
  title={Automatic identification of decisions from the Hibernate developer mailing list},
  author={Li, Xueying and Liang, Peng and Li, Zengyang},
  booktitle={Proceedings of the 24th International Conference on Evaluation and Assessment in Software Engineering (EASE)},
  pages={51--60},
  publisher = {ACM},
  year={2020}
}
@article{ahasanuzzaman2020caps,
  title={CAPS: a supervised technique for classifying Stack Overflow posts concerning API issues},
  author={Ahasanuzzaman, Md and Asaduzzaman, Muhammad and Roy, Chanchal K and Schneider, Kevin A},
  journal={Empirical Software Engineering},
  volume={25},
  number={2},
  pages={1493--1532},
  year={2020},
  publisher={Springer}
}
@article{kurtanovic2018user,
  title={On user rationale in software engineering},
  author={Kurtanovi{\'c}, Zijad and Maalej, Walid},
  journal={Requirements Engineering},
  volume={23},
  number={3},
  pages={357--379},
  year={2018},
  publisher={Springer}
}
@inproceedings{li2019automatic,
  title={Automatic identification of assumptions from the Hibernate developer mailing list},
  author={Li, Ruiyin and Liang, Peng and Yang, Chen and Digkas, Georgios and Chatzigeorgiou, Alexander and Xiong, Zhuang},
  booktitle={Proceedings of the 26th Asia-Pacific Software Engineering Conference (APSEC)},
  pages={394--401},
  year={2019},
  organization={IEEE}
}
@inproceedings{silva2003importance,
  title={The importance of stop word removal on recall values in text categorization},
  author={Silva, Catarina and Ribeiro, Bernardete},
  booktitle={Proceedings of the International Joint Conference on Neural Networks (IJCNN)},
  volume={3},
  pages={1661--1666},
  year={2003},
  organization={IEEE}
}
@inproceedings{hata20199,
  title={9.6 million links in source code comments: purpose, evolution, and decay},
  author={Hata, Hideaki and Treude, Christoph and Kula, Raula Gaikovina and Ishio, Takashi},
  booktitle={Proceedings of the 41st IEEE/ACM International Conference on Software Engineering (ICSE)},
  pages={1211--1221},
  year={2019},
  organization={IEEE}
}
@book{manning2008introduction,
  title={Introduction to Information Retrieval},
  author={Manning, Christopher D and Sch{\"u}tze, Hinrich and Raghavan, Prabhakar},
  year={2008},
  publisher={Cambridge University Press}
}
@inproceedings{korenius2004stemming,
  title={Stemming and lemmatization in the clustering of finnish text documents},
  author={Korenius, Tuomo and Laurikkala, Jorma and J{\"a}rvelin, Kalervo and Juhola, Martti},
  booktitle={Proceedings of the 13th ACM International Conference on Information and Knowledge Management (CIKM)},
  pages={625--633},
  year={2004}
}
@article{scikit-learn,
 title={Scikit-learn: Machine Learning in {P}ython},
 author={Pedregosa, F. and Varoquaux, G. and Gramfort, A. and Michel, V.
         and Thirion, B. and Grisel, O. and Blondel, M. and Prettenhofer, P.
         and Weiss, R. and Dubourg, V. and Vanderplas, J. and Passos, A. and
         Cournapeau, D. and Brucher, M. and Perrot, M. and Duchesnay, E.},
 journal={Journal of Machine Learning Research},
 volume={12},
 pages={2825--2830},
 year={2011}
}
@online{keras,
     author =         {F.Chollet and others},
    title =        {Keras},

	year =         {2015},
	publisher =    {GitHub},
	url =          {https://bit.ly/3evRzJS}
}
@article{kalchbrenner2014convolutional,
  title={A convolutional neural network for modelling sentences},
  author={Kalchbrenner, Nal and Grefenstette, Edward and Blunsom, Phil},
  booktitle={Proceedings of the 52nd Annual Meeting of the Association for Computational Linguistics (ACL)},
  pages = {655–665},
  year={2014},
  publisher = {Association for Computational Linguistics}
}
@article{zhao2017learning,
  title={Learning to monitor machine health with convolutional bi-directional LSTM networks},
  author={Zhao, Rui and Yan, Ruqiang and Wang, Jinjiang and Mao, Kezhi},
  journal={Sensors},
  volume={17},
  number={2},
  pages={273},
  year={2017},
  publisher={Multidisciplinary Digital Publishing Institute}
}
@article{schuster1997bidirectional,
  title={Bidirectional recurrent neural networks},
  author={Schuster, Mike and Paliwal, Kuldip K},
  journal={IEEE Transactions on Signal Processing},
  volume={45},
  number={11},
  pages={2673--2681},
  year={1997},
  publisher={IEEE}
}
@book{shull2007guide,
  title={Guide to Advanced Empirical Software Engineering},
  author={Shull, Forrest and Singer, Janice and Sj{\o}berg, Dag IK},
  year={2007},
  publisher={Springer}
}

@book{mastery,
    author =       {Brownlee, Jason},
    title =        {Machine Learning Mastery},
 	series =       {},
	editor =       {},
	volume =       {},
	year =         {2014},
	publisher =    {Pty. Ltd},
	address =      {},
	pages =        {},
	doi =          {},
	number =       {},
	month =        {},
	organization = {},
	note =         {},
}
@inproceedings{basiri2020bidirectional,
  title={Bidirectional LSTM Deep Model for Online Doctor Reviews Polarity Detection},
  author={Basiri, Mohammad Ehsan and Chegeni, Reza Salehi and Karimvand, Aria Naseri and Nemati, Shahla},
  booktitle={Proceedings of the 6th International Conference on Web Research (ICWR)},
  pages={100--105},
  year={2020},
  organization={IEEE}
}

@article{johnson2019effect,
  author =       {Johnson, Brittany and Zimmermann, Thomas and Bird, Christian},
  title =        {The effect of work environments on productivity and satisfaction of software engineers},
  journal =      {IEEE Transactions on Software Engineering},
  year =         {2019},
  doi = {10.1109/TSE.2019.2903053}
}

@inproceedings{viggiato2018microservices,
  title={Microservices in Practice: A Survey Study},
  author={Viggiato, Markos and Terra, Ricardo and Rocha, Henrique and Valente, Marco Tulio and Figueiredo, Eduardo},
  booktitle = {6th Brazilian Workshop on Software Visualization, Evolution and Maintenance (VEM)},
  pages={1--8},
  year={2018}
}

@article{zhou2016text,
  title={Text classification improved by integrating bidirectional LSTM with two-dimensional max pooling},
  author={Zhou, Peng and Qi, Zhenyu and Zheng, Suncong and Xu, Jiaming and Bao, Hongyun and Xu, Bo},
  journal={arXiv preprint arXiv:1611.06639},
  year={2016}
}
@inproceedings{lopez2019talking,
  title={Talking about security with professional developers},
  author={Lopez, Tamara and Sharp, Helen and Tun, Thein and Bandara, Arosha and Levine, Mark and Nuseibeh, Bashar},
  booktitle={Proceedings of the IEEE/ACM Joint 7th International Workshop on Conducting Empirical Studies in Industry (CESI) and 6th International Workshop on Software Engineering Research and Industrial Practice (SER\&IP)},
  pages={34--40},
  year={2019},
  organization={IEEE}
}
@inproceedings{joachims1998text,
  title={Text categorization with support vector machines: Learning with many relevant features},
  author={Joachims, Thorsten},
  booktitle={Proceedings of the 10th European Conference on Machine Learning (ECML)},
  pages={137--142},
  year={1998},
  organization={Springer}
}
@inproceedings{mccallum1998comparison,
  title={A comparison of event models for naive bayes text classification},
  author={McCallum, Andrew and Nigam, Kamal and others},
  booktitle={Proceedings of the AAAI Workshop on Learning for Text Categorization (TextCat)},
  volume={752},
  number={1},
  pages={41--48},
  year={1998},
  organization={Citeseer}
}
@inproceedings{ramos2003using,
  title={Using tf-idf to determine word relevance in document queries},
  author={Ramos, Juan},
  booktitle={Proceedings of the 1st Instructional Conference on Machine Learning (iCML)},
  pages={133--142},
  year={2003},
  publisher={Citeseer}
}

@online{glovStandoford,
    author={Pennington, Jeffrey and Socher, Richard and Manning, Christopher D},
	title = {{GloVe}: Global Vectors for Word Representation},
	url = {https://stanford.io/3rkY7QF},
    year = {2014}
}

@article{srivastava2014dropout,
  title={Dropout: a simple way to prevent neural networks from overfitting},
  author={Srivastava, Nitish and Hinton, Geoffrey and Krizhevsky, Alex and Sutskever, Ilya and Salakhutdinov, Ruslan},
  journal={Journal of Machine Learning Research},
  volume={15},
  number={1},
  pages={1929--1958},
  year={2014},
  publisher={JMLR.org}
}
@article{lopez2018hybridizing,
  title={Hybridizing metric learning and case-based reasoning for adaptable clickbait detection},
  author={L{\'o}pez-S{\'a}nchez, Daniel and Herrero, Jorge Revuelta and Arrieta, Ang{\'e}lica Gonz{\'a}lez and Corchado, Juan M},
  journal={Applied Intelligence},
  volume={48},
  number={9},
  pages={2967--2982},
  year={2018},
  publisher={Springer}
}
@article{kingma2014adam,
  title={Adam: A method for stochastic optimization},
  author={Kingma, Diederik P and Ba, Jimmy},
  journal={arXiv preprint arXiv:1412.6980},
  year={2014}
}

@online{ml,
  author = {J. Nabi},
  title  = {Machine Learning - Word Embedding \& Sentiment Classification using Keras},
  year   = {2018},
  url    = {https://bit.ly/33o10op},
}

@book{gulli2017deep,
  title={Deep Learning with Keras},
  author={Gulli, Antonio and Pal, Sujit},
  year={2017},
  publisher={Packt Publishing Ltd}
}

@article{glaser1968discovery,
  title={The discovery of grounded theory; strategies for qualitative research},
  author={Glaser, Barney G and Strauss, Anselm L and Strutzel, Elizabeth},
  journal={Nursing Research},
  volume={17},
  number={4},
  pages={364},
  year={1968},
  publisher={LWW}
}

@inproceedings{han2017learning,
  title={Learning to predict severity of software vulnerability using only vulnerability description},
  author={Han, Zhuobing and Li, Xiaohong and Xing, Zhenchang and Liu, Hongtao and Feng, Zhiyong},
  booktitle={Proceedings of the 33rd IEEE International Conference on Software Maintenance and Evolution (ICSME)},
  pages={125--136},
  year={2017},
  organization={IEEE}
}

@inproceedings{zimmerman2018improving,
  title={Improving hate speech detection with deep learning ensembles},
  author={Zimmerman, Steven and Kruschwitz, Udo and Fox, Chris},
  booktitle={Proceedings of the 11th International Conference on Language Resources and Evaluation (LREC)},
  year={2018},
  organization ={ACL},
  url = {https://bit.ly/3wR3JDp}
}
@book{wohlin2012experimentation,
  title={Experimentation in Software Engineering},
  author={Wohlin, Claes and Runeson, Per and H{\"o}st, Martin and Ohlsson, Magnus C and Regnell, Bj{\"o}rn and Wessl{\'e}n, Anders},
  year={2012},
  publisher={Springer Science \& Business Media}
}
@article{quinlan1986induction,
  title={Induction of decision trees},
  author={Quinlan, J. Ross},
  journal={Machine Learning},
  volume={1},
  number={1},
  pages={81--106},
  year={1986},
  publisher={Springer}
}
@techreport{hsu2003practical,
  title={A practical guide to support vector classification},
  author={Hsu, Chih-Wei and Chang, Chih-Chung and Lin, Chih-Jen and others},
  year={2003},
  url = {https://www.csie.ntu.edu.tw/~cjlin/papers/guide/guide.pdf},
  institution={National Taiwan University}
}
@article{cortes1995support,
  title={Support-vector networks},
  author={Cortes, Corinna and Vapnik, Vladimir},
  journal={Machine Learning},
  volume={20},
  number={3},
  pages={273--297},
  year={1995},
  publisher={Springer}
}
@inproceedings{pascanu2013difficulty,
  title={On the difficulty of training recurrent neural networks},
  author={Pascanu, Razvan and Mikolov, Tomas and Bengio, Yoshua},
  booktitle={Proceedings of the 30th International Conference on Machine Learning (ICML)},
  pages={1310--1318},
  year={2013},
  publisher={JMLR.org}
}
@article{bradley1997use,
  title={The use of the area under the ROC curve in the evaluation of machine learning algorithms},
  author={Bradley, Andrew P},
  journal={Pattern Recognition},
  volume={30},
  number={7},
  pages={1145--1159},
  year={1997}
}
@article{abdalkareem2020machine,
  title={A Machine Learning Approach to Improve the Detection of {CI} Skip Commits},
  author={Abdalkareem, Rabe and Mujahid, Suhaib and Shihab, Emad},
  journal={IEEE Transactions on Software Engineering},
  year={2020},
  publisher={IEEE},
  doi = {10.1109/TSE.2020.2967380}
}
@article{waseem2020systematic,
  title={A Systematic Mapping Study on Microservices Architecture in DevOps},
  author={Waseem, Muhammad and Liang, Peng and Shahin, Mojtaba},
  journal={Journal of Systems and Software},
  volume ={170},
  pages={110798},
  year={2020},
  publisher={Elsevier}
}
@inproceedings{lopez2019anatomy,
  title={An anatomy of security conversations in stack overflow},
  author={Lopez, Tamara and Tun, Thein and Bandara, Arosha and Mark, Levine and Nuseibeh, Bashar and Sharp, Helen},
  booktitle={Proceedins of the 41st IEEE/ACM International Conference on Software Engineering: Software Engineering in Society (ICSE-SEIS)},
  pages={31--40},
  year={2019},
  organization={IEEE}
}

@article{zhang2018deep,
  title={Deep learning for sentiment analysis: A survey},
  author={Zhang, Lei and Wang, Shuai and Liu, Bing},
  journal={Wiley Interdisciplinary Reviews: Data Mining and Knowledge Discovery},
  volume={8},
  number={4},
  pages={e1253},
  year={2018},
  publisher={Wiley Online Library}
}
@article{song2019attention,
  title={Attention-based long short-term memory network using sentiment lexicon embedding for aspect-level sentiment analysis in Korean},
  author={Song, Minchae and Park, Hyunjung and Shin, Kyung-shik},
  journal={Information Processing \& Management},
  volume={56},
  number={3},
  pages={637--653},
  year={2019},
  publisher={Elsevier}
}

@article{basiri2020abcdm,
  title={{ABCDM}: An Attention-based Bidirectional {CNN-RNN} Deep Model for sentiment analysis},
  author={Basiri, Mohammad Ehsan and Nemati, Shahla and Abdar, Moloud and Cambria, Erik and Acharrya, U Rajendra},
  journal={Future Generation Computer Systems},
  year={2021},
  volume={115},
  pages={279--294},
  publisher={Elsevier}
}

@article{basiri2020novel,
  title={A novel method for sentiment classification of drug reviews using fusion of deep and machine learning techniques},
  author={Basiri, Mohammad Ehsan and Abdar, Moloud and Cifci, Mehmet Akif and Nemati, Shahla and Acharya, U Rajendra},
  journal={Knowledge-Based Systems},
  pages={105949},
  year={2020},
  publisher={Elsevier}
}
@article{Taibi2017,

  author={D. {Taibi} and V. {Lenarduzzi} and C. {Pahl}},

  journal={IEEE Cloud Computing}, 

  title={Processes, Motivations, and Issues for Migrating to Microservices Architectures: An Empirical Investigation}, 

  year={2017},

  volume={4},

  number={5},

  pages={22-32},
  }
  @inproceedings{haselbock2018expert,
  title={An Expert Interview Study on Areas of Microservice Design},
  author={Haselb{\"o}ck, Stefan and Weinreich, Rainer and Buchgeher, Georg},
  booktitle={Proccedings of the 11th IEEE Conference on Service-Oriented Computing and Applications (SOCA)},
  pages={137--144},
  year={2018},
  organization={IEEE}
}
@inproceedings{heorhiadi2016gremlin,
  title={Gremlin: Systematic resilience testing of microservices},
  author={Heorhiadi, Victor and Rajagopalan, Shriram and Jamjoom, Hani and Reiter, Michael K and Sekar, Vyas},
  booktitle={Proceedings of the 36th IEEE International Conference on Distributed Computing Systems (ICDCS)},
  pages={57--66},
  year={2016},
  organization={IEEE}
}
@inproceedings{heinrich2017performance,
  title={Performance engineering for microservices: research challenges and directions},
  author={Heinrich, Robert and van Hoorn, Andr{\'e} and Knoche, Holger and Li, Fei and Lwakatare, Lucy Ellen and Pahl, Claus and Schulte, Stefan and Wettinger, Johannes},
  booktitle={Proceedings of the 8th ACM/SPEC on International Conference on Performance Engineering Companion},
  pages={223--226},
  year={2017},
  organization={ACM}
}
@article{lecun2015deep,
  title={Deep learning},
  author={LeCun, Yann and Bengio, Yoshua and Hinton, Geoffrey},
  journal={Nature},
  volume={521},
  number={7553},
  pages={436--444},
  year={2015},
  publisher={Nature Publishing Group}
}
@inproceedings{kraaij1996viewing,
  title={Viewing stemming as recall enhancement},
  author={Kraaij, Wessel and Pohlmann, Ren{\'e}e},
  booktitle={Proceedings of the 19th Annual International ACM SIGIR Conference on Research and Development in Information Retrieval (SIGIR)},
  pages={40--48},
  publisher = {ACM},
  year={1996}
}
@article{porter1980algorithm,
  title={An algorithm for suffix stripping.},
  author={Porter, Martin F},
  journal={Program: Electronic Library and Information Systems},
  volume={14},
  number={3},
  pages={130--137},
  year={1980},
  publisher={Citeseer}
}
@article{mchugh2012interrater,
  title={Interrater reliability: the kappa statistic},
  author={McHugh, Mary L},
  journal={Biochemia Medica},
  volume={22},
  number={3},
  pages={276--282},
  year={2012}
}

@inproceedings{sorbo, 
  author = {Di Sorbo, Andrea and Panichella, Sebastiano and Alexandru, Carol V. and Shimagaki, Junji and Visaggio, Corrado A. and Canfora, Gerardo and Gall, Harald C.}, 
  title = {What Would Users Change in My App? Summarizing App Reviews for Recommending Software Changes}, 
  booktitle = {Proceedings of the 24th ACM SIGSOFT International Symposium on Foundations of Software Engineering (FSE)}, 
  pages = {499-510}, 
  year = {2016},
  publisher = {ACM}
}

@inproceedings{obie2020first,
  title={A First Look at Human Values-Violation in App Reviews},
  author={Obie, Humphrey O and Hussain, Waqar and Xia, Xin and Grundy, John and Li, Li and Turhan, Burak and Whittle, Jon and Shahin, Mojtaba},
  booktitle={Proceedings of the 43rd IEEE/ACM International Conference on Software Engineering: Software Engineering in Society (ICSE-SEIS)},
  publisher = {IEEE},
  year={2021}
}

@inproceedings{alomar2021finding,
  title={Finding the Needle in a Haystack: On the Automatic Identification of Accessibility User Reviews},
  author={AlOmar, Eman Abdullah and Aljedaani, Wajdi and Tamjeed, Murtaza and Catzin, William and Mkaouer, Mohamed Wiem and El-Glaly, Yasmine N},
  booktitle={Proceedings of the 2021 ACM CHI Conference on Human Factors in Computing Systems (CHI)},
  year={2021},
  publisher = {Association for Computing Machinery}
}
@inproceedings{soliman2021exploring,
  title={Exploring Web Search Engines to Find Architectural Knowledge},
  author={Soliman, Mohamed and Wiese, Marion and Li, Yikun and Riebisch, Matthias and Avgeriou, Paris},
  booktitle={2021 IEEE 18th International Conference on Software Architecture (ICSA)},
  pages={162--172},
  year={2021},
  organization={IEEE}
}
@article{pereira2021security,
  title={Security in Microservice-Based Systems: A Multivocal Literature Review},
  author={Pereira-Vale, Anelis and Fernandez, Eduardo B and Monge, Ra{\'u}l and Astudillo, Hern{\'a}n and M{\'a}rquez, Gast{\'o}n},
  journal={Computers \& Security},
  pages={102200},
  year={2021},
  publisher={Elsevier}
}
@inproceedings{tahaei2021security,
  title={Security Notifications in Static Analysis Tools: Developers’ Attitudes, Comprehension, and Ability to Act on Them},
  author={Tahaei, Mohammad and Vaniea, Kami and Beznosov, Konstantin and Wolters, Maria K},
  booktitle={Proceedings of the 2021 CHI Conference on Human Factors in Computing Systems},
  pages={1--17},
  year={2021}
}
@article{abualhaija2019machine,
  title={Automated demarcation of requirements in textual specifications: a machine learning-based approach},
  author={Abualhaija, Sallam and Arora, Chetan and Sabetzadeh, Mehrdad and Briand, Lionel C and Traynor, Michael},
  journal={Empirical Software Engineering},
  volume={25},
  number={6},
  pages={5454--5497},
  year={2020},
  publisher={Springer}
}
@inproceedings{taibi2017microservices,
  title={Microservices in agile software development: a workshop-based study into issues, advantages, and disadvantages},
  author={Taibi, Davide and Lenarduzzi, Valentina and Pahl, Claus and Janes, Andrea},
  booktitle={Proceedings of the XP2017 Scientific Workshops},
  pages={1--5},
  year={2017}
}
