@article{yaqoob2019autonomous,
  title={Autonomous driving cars in smart cities: Recent advances, requirements, and challenges},
  author={Yaqoob, Ibrar and Khan, Latif U and Kazmi, SM Ahsan and Imran, Muhammad and Guizani, Nadra and Hong, Choong Seon},
  journal={IEEE Network},
  volume={34},
  number={1},
  pages={174--181},
  year={2019},
  publisher={IEEE}
}

@article{liu2020computing,
  title={Computing systems for autonomous driving: State of the art and challenges},
  author={Liu, Liangkai and Lu, Sidi and Zhong, Ren and Wu, Baofu and Yao, Yongtao and Zhang, Qingyang and Shi, Weisong},
  journal={IEEE Internet of Things Journal},
  volume={8},
  number={8},
  pages={6469--6486},
  year={2020},
  publisher={IEEE}
}

@article{casner2016challenges,
  title={The challenges of partially automated driving},
  author={Casner, Stephen M and Hutchins, Edwin L and Norman, Don},
  journal={Communications of the ACM},
  volume={59},
  number={5},
  pages={70--77},
  year={2016},
  publisher={ACM}
}

@inproceedings{li2022vulnerability,
  title={On the vulnerability proneness of multilingual code},
  author={Li, Wen and Li, Li and Cai, Haipeng},
  booktitle={Proceedings of the 30th ACM Joint European Software Engineering Conference and Symposium on the Foundations of Software Engineering (ESEC/FSE)},
  pages={847--859},
  year={2022},
  organization={ACM}
}

@inproceedings{votipka2020understanding,
  title={Understanding security mistakes developers make: Qualitative analysis from build it, break it, fix it},
  author={Votipka, Daniel and Fulton, Kelsey R and Parker, James and Hou, Matthew and Mazurek, Michelle L and Hicks, Michael},
  booktitle={Proceedings of the 29th USENIX Security Symposium (USENIX Security)},
  pages={109--126},
  year={2020},
  organization={USENIX}
}

@inproceedings{bandara2020fix,
  title={Fix that Fix Commit: A real-world remediation analysis of JavaScript projects},
  author={Bandara, Vinuri and Rathnayake, Thisura and Weerasekara, Nipuna and Elvitigala, Charitha and Thilakarathna, Kenneth and Wijesekera, Primal and Keppitiyagama, Chamath},
  booktitle={Proccedings of the 20th IEEE International Working Conference on Source Code Analysis and Manipulation (SCAM)},
  pages={198--202},
  year={2020},
  organization={IEEE}
}

@inproceedings{ayala2023empirical,
  title={An Empirical Study on Workflows and Security Policies in Popular GitHub Repositories},
  author={Ayala, Jessy and Garcia, Joshua},
  booktitle={Proceedings of the 1st IEEE/ACM International Workshop on Software Vulnerability (SVM)},
  pages={6--9},
  year={2023},
  organization={IEEE}
}

@article{youn2023declarative,
  title={Declarative static analysis for multilingual programs using CodeQL},
  author={Youn, Dongjun and Lee, Sungho and Ryu, Sukyoung},
  journal={Software: Practice and Experience},
  volume={53},
  number={7},
  pages={1472--1495},
  year={2023},
  publisher={Wiley}
}

@article{kaiwartya2016internet,
  title={Internet of vehicles: Motivation, layered architecture, network model, challenges, and future aspects},
  author={Kaiwartya, Omprakash and Abdullah, Abdul Hanan and Cao, Yue and Altameem, Ayman and Prasad, Mukesh and Lin, Chin-Teng and Liu, Xiulei},
  journal={IEEE Access},
  volume={4},
  pages={5356--5373},
  year={2016},
  publisher={IEEE}
}

@article{den2018security,
  title={Security and privacy for innovative automotive applications: A survey},
  author={den Hartog, Jerry and Zannone, Nicola and others},
  journal={Computer Communications},
  volume={132},
  pages={17--41},
  year={2018},
  publisher={Elsevier}
}

@article{khelifi2019named,
  title={Named data networking in vehicular ad hoc networks: State-of-the-art and challenges},
  author={Khelifi, Hakima and Luo, Senlin and Nour, Boubakr and Moungla, Hassine and Faheem, Yasir and Hussain, Rasheed and Ksentini, Adlen},
  journal={IEEE Communications Surveys \& Tutorials},
  volume={22},
  number={1},
  pages={320--351},
  year={2019},
  publisher={IEEE}
}

@inproceedings{bandara2021large,
  title={Large scale analysis on vulnerability remediation in open-source JavaScript projects},
  author={Bandara, Vinuri and Rathnayake, Thisura and Weerasekara, Nipuna and Elvitigala, Charitha and Thilakarathna, Kenneth and Wijesekera, Primal and De Zoysa, Kasun and Keppitiyagama, Chamath},
  booktitle={Proceedings of the 2021 ACM SIGSAC Conference on Computer and Communications Security (CCS)},
  pages={2447--2449},
  year={2021},
  organization={ACM}
}

@inproceedings{alomar2020you,
  title={"You've got your nice list of bugs, now what?" vulnerability discovery and management processes in the wild},
  author={Alomar, Noura and Wijesekera, Primal and Qiu, Edward and Egelman, Serge},
  booktitle={Proceedigns of the 16th Symposium on Usable Privacy and Security (SOUPS)},
  pages={319--339},
  year={2020},
  organization={USENIX}
}

@inproceedings{frei2006large,
  title={Large-scale vulnerability analysis},
  author={Frei, Stefan and May, Martin and Fiedler, Ulrich and Plattner, Bernhard},
  booktitle={Proceedings of the 2006 SIGCOMM Workshop on Large-Scale Attack Defense (LSAD)},
  pages={131--138},
  year={2006},
  publisher={ACM}
}

@inproceedings{li2020av,
  title={Av-fuzzer: Finding safety violations in autonomous driving systems},
  author={Li, Guanpeng and Li, Yiran and Jha, Saurabh and Tsai, Timothy and Sullivan, Michael and Hari, Siva Kumar Sastry and Kalbarczyk, Zbigniew and Iyer, Ravishankar},
  booktitle={Proceedings of the 31st IEEE International Symposium on Software Reliability Engineering (ISSRE)},
  pages={25--36},
  year={2020},
  organization={IEEE}
}

@article{ramanagopal2018failing,
  title={Failing to learn: Autonomously identifying perception failures for self-driving cars},
  author={Ramanagopal, Manikandasriram Srinivasan and Anderson, Cyrus and Vasudevan, Ram and Johnson-Roberson, Matthew},
  journal={IEEE Robotics and Automation Letters},
  volume={3},
  number={4},
  pages={3860--3867},
  year={2018},
  publisher={IEEE}
}

@inproceedings{wang2021advsim,
  title={Advsim: Generating safety-critical scenarios for self-driving vehicles},
  author={Wang, Jingkang and Pun, Ava and Tu, James and Manivasagam, Sivabalan and Sadat, Abbas and Casas, Sergio and Ren, Mengye and Urtasun, Raquel},
  booktitle={Proceedings of the IEEE/CVF Conference on Computer Vision and Pattern Recognition (CVPR)},
  pages={9909--9918},
  year={2021},
  organization={IEEE}
}

@inproceedings{feng2019understanding,
  title={Understanding and securing device vulnerabilities through automated bug report analysis},
  author={Feng, Xuan and Liao, Xiaojing and Wang, X and Wang, Haining and Li, Qiang and Yang, Kai and Zhu, Hongsong and Sun, Limin},
  booktitle={Proceedings of the 28th USENIX Conference on Security Symposium (SEC)},
  year={2019},
  organization={USENIX},
pages={887--903}
}

@article{ferrara2021static,
  title={Static analysis for discovering IoT vulnerabilities},
  author={Ferrara, Pietro and Mandal, Amit Kr and Cortesi, Agostino and Spoto, Fausto},
  journal={International Journal on Software Tools for Technology Transfer},
  volume={23},
  pages={71--88},
  year={2021},
  publisher={Springer}
}

%%%%%%%%%%%%%%%%%%%%% NOT USED %%%%%%%%%%%%%%%%%%%%%
@article{caosecure,
  title={Secure and Digitalized Future Mobility},
  author={Cao, Yue}
}

@article{sportillo2018get,
  title={Get ready for automated driving using virtual reality},
  author={Sportillo, Daniele and Paljic, Alexis and Ojeda, Luciano},
  journal={Accident Analysis \& Prevention},
  volume={118},
  pages={102--113},
  year={2018},
  publisher={Elsevier}
}

@inproceedings{lyons2019towards,
  title={Towards Lakosian Multilingual Software Design Principles},
  author={Lyons, Damian and Zahra, Saba and Marshall, Thomas},
  booktitle={Proceedings of the 14th International Conference on Software Technologies},
  pages={306--314},
  year={2019}
}


@article{li2019policy,
  title={Policy formulation for highly automated vehicles: Emerging importance, research frontiers and insights},
  author={Li, Shunxi and Sui, Pang-Chieh and Xiao, Jinsheng and Chahine, Richard},
  journal={Transportation Research Part A: Policy and Practice},
  volume={124},
  pages={573--586},
  year={2019},
  publisher={Elsevier}
}

@inproceedings{johnson2013don,
  title={Why don't software developers use static analysis tools to find bugs?},
  author={Johnson, Brittany and Song, Yoonki and Murphy-Hill, Emerson and Bowdidge, Robert},
  booktitle={Proceedings of the 35th International Conference on Software Engineering (ICSE)},
  pages={672--681},
  year={2013},
  organization={IEEE}
}

@inproceedings{ruthruff2008predicting,
  title={Predicting accurate and actionable static analysis warnings: an experimental approach},
  author={Ruthruff, Joseph R and Penix, John and Morgenthaler, J David and Elbaum, Sebastian and Rothermel, Gregg},
  booktitle={Proceedings of the 30th International Conference on Software Engineering (ICSE)},
  pages={341--350},
  year={2008},
  organization={ACM}
}

@inproceedings{fischer2023effectiveness,
  title={The Effectiveness of Security Interventions on GitHub},
  author={Fischer, Felix and H{\"o}benreich, Jonas and Grossklags, Jens},
  booktitle={Proceedings of the 2023 ACM SIGSAC Conference on Computer and Communications Security (CCS)},
  pages={2426--2440},
  year={2023},
  organization={ACM}
}

@article{lee2020design,
  title={Design and implementation of edge-fog-cloud system through hd map generation from lidar data of autonomous vehicles},
  author={Lee, Junwon and Lee, Kieun and Yoo, Aelee and Moon, Changjoo},
  journal={Electronics},
  volume={9},
  number={12},
  pages={2084},
  year={2020},
  publisher={MDPI}
}

@inproceedings{mariani2018overview,
  title={An overview of autonomous vehicles safety},
  author={Mariani, Riccardo},
  booktitle={Proccedings of the IEEE International Reliability Physics Symposium (IRPS)},
  pages={6A--1},
  year={2018},
  organization={IEEE}
}

@article{ali2022big,
author={Ali, Mohammed Hasan
and Jaber, Mustafa Musa
and Abd, Sura Khalil
and Alkhayyat, Ahmed
and Albaghdadi, Mustafa Fahem},
title={Big data analysis and cloud computing for smart transportation system integration},
journal={Multimedia Tools and Applications},
year={2022},
pages={1--18},
}

@article{lai2020security,
  title={Security and privacy challenges in 5G-enabled vehicular networks},
  author={Lai, Chengzhe and Lu, Rongxing and Zheng, Dong and Shen, Xuemin},
  journal={IEEE Network},
  volume={34},
  number={2},
  pages={37--45},
  year={2020},
  publisher={IEEE}
}

@inproceedings{fremont2020formal,
  title={Formal scenario-based testing of autonomous vehicles: From simulation to the real world},
  author={Fremont, Daniel J and Kim, Edward and Pant, Yash Vardhan and Seshia, Sanjit A and Acharya, Atul and Bruso, Xantha and Wells, Paul and Lemke, Steve and Lu, Qiang and Mehta, Shalin},
  booktitle={Proccedings of the 23rd IEEE International Conference on Intelligent Transportation Systems (ITSC)},
  pages={1--8},
  year={2020},
  organization={IEEE}
}

@inproceedings{szabo2023incrementalizing,
  title={Incrementalizing Production CodeQL Analyses},
  author={Szab{\'o}, Tam{\'a}s},
  booktitle={Proceedings of the 31st ACM Joint European Software Engineering Conference and Symposium on the Foundations of Software Engineering (ESEC/FSE)},
  pages={1716--1726},
  year={2023},
  organization={ACM}
}

@article{abosata2021internet,
  title={Internet of things for system integrity: A comprehensive survey on security, attacks and countermeasures for industrial applications},
  author={Abosata, Nasr and Al-Rubaye, Saba and Inalhan, Gokhan and Emmanouilidis, Christos},
  journal={Sensors},
  volume={21},
  number={11},
  pages={3654},
  year={2021},
  publisher={MDPI}
}

@article{iannone2022secret,
  title={The secret life of software vulnerabilities: A large-scale empirical study},
  author={Iannone, Emanuele and Guadagni, Roberta and Ferrucci, Filomena and De Lucia, Andrea and Palomba, Fabio},
  journal={IEEE Transactions on Software Engineering},
  volume={49},
  number={1},
  pages={44--63},
  year={2022},
  publisher={IEEE}
}



@inbook{weimerskirch2010data,
author = {Weimerskirch, André and Haas, Jason J and Hu, Yih-Chun and Laberteaux, Kenneth P},
publisher = {John Wiley \& Sons, Ltd},
isbn = {9780470740637},
title = {Data Security in Vehicular Communication Networks},
booktitle = {VANET: Vehicular Applications and Inter-Networking Technologies},
chapter = {9},
pages = {299-363},
year = {2010}
}



%Weimerskirch, A., Haas, J. J., Hu, Y. C., & Laberteaux, K. P. (2010). Data security in vehicular communication networks. VANET: Vehicular Applications and Inter‐Networking Technologies, 299-363.

@misc{CodeqlRes,
      author       = {Wenyuan Cheng and Zengyang Li and Peng Liang and Ran Mo and Hui Liu},
      title        = {ADS-Code-Test-Results},
      month        = {November},
      year         = {2024},
      url          = {https://github.com/Close-Recover/ADS-Code-Test-Results}
}

@misc{WebPage2024,
  author       = {Wenyuan Cheng and Zengyang Li and Peng Liang and Ran Mo and Hui Liu},
  title = {Potential Error if-statement-addition-overflow Related to CWE-190 \#6605},
  year = {2024},
  url = {https://github.com/autowarefoundation/autoware.universe/issues/6605},
  note = {2024-05-26}
}

@article{karunakaran2023generating,
  title={Generating Edge Cases for Testing Autonomous Vehicles Using Real-World Data},
  author={Karunakaran, Dhanoop and Berrio Perez, Julie Stephany and Worrall, Stewart},
  journal={Sensors},
  volume={24},
  number={1},
  pages={108},
  year={2023},
  publisher={MDPI}
}

@inproceedings{pereira2019test,
  title={Test and evaluation of connected and autonomous vehicles in real-world scenarios},
  author={Pereira, Joel and Premebida, Cristiano and Asvadi, Alireza and Cannata, F and Garrote, Luis and Nunes, UJ},
  booktitle={Proceedings of the 35th IEEE Intelligent Vehicles Symposium (IV)},
  pages={14--19},
  year={2019},
  organization={IEEE}
}

@standard{SAEJ3016_202104,
  title     = {{ISO/SAE PAS 22736:2021 -} {T}axonomy and Definitions for Terms Related to Driving Automation Systems for On-Road Motor Vehicles},
  author    = {{International Organization for Standardization/Society of Automotive Engineers}},
  howpublished = {\url{https://www.iso.org/standard/73766.html}},
  year      = {2021},
  number    = {ISO/SAE PAS 22736:2021},
  publisher = {{International Organization for Standardization}},
  note = {Accessed: 2025-02-24}
}

@inproceedings{garcia2020comprehensive,
  title={A comprehensive study of autonomous vehicle bugs},
  author={Garcia, Joshua and Feng, Yang and Shen, Junjie and Almanee, Sumaya and Xia, Yuan and Chen,  Qi Alfred},
  booktitle={Proceedings of the ACM/IEEE 42nd International Conference on Software Engineering},
  pages={385--396},
  year={2020}
}

@inproceedings{xu2023review,
  title={A Review of Code Vulnerability Detection Techniques Based on Static Analysis},
  author={Xu, Yixiao and Zhang, Man and Wang, Xiaopeng and Chen, Junhan and Liang, Rufeng and Zhen, Yong and Zhen, Chencong},
  booktitle={International Conference on Computational \& Experimental Engineering and Sciences},
  pages={251--272},
  year={2023},
  organization={Springer}
}

%%%%%%%%%%%%%%%%%%%%% NOT USED %%%%%%%%%%%%%%%%%%%%%
@article{cui2024empirical,
  title={An Empirical Study of False Negatives and Positives of Static Code Analyzers From the Perspective of Historical Issues},
  author={Cui, Han and Xie, Menglei and Su, Ting and Zhang, Chengyu and Tan, Shin Hwei},
  journal={arXiv preprint arXiv:2408.13855},
  year={2024}
}

%%%%%%%%%%%%%%%%%%%%% NOT USED %%%%%%%%%%%%%%%%%%%%%
@article{gomes2009overview,
  title={An overview on the static code analysis approach in software development},
  author={Gomes, Ivo and Morgado, Pedro and Gomes, Tiago and Moreira, Rodrigo},
  journal={Faculdade de Engenharia da Universidade do Porto, Portugal},
  volume={16},
  year={2009},
  publisher={Citeseer}
}

@article{runeson2009guidelines,
  title={Guidelines for conducting and reporting case study research in software engineering},
  author={Runeson, Per and H{\"o}st, Martin},
  journal={Empirical Software Engineering},
  volume={14},
  pages={131--164},
  year={2009},
  publisher={Springer}
}

@misc{2023_cwe_top25,
  author = {{MITRE}},
  title = {2023 CWE Top 25 Most Dangerous Software Weaknesses},
  howpublished = {\url{https://cwe.mitre.org/top25/archive/2023/2023_top25_list.html}},
  year={2023},
  note = {Accessed: 2025-01-14}
}

@misc{owasp_top10_2021,
  author = {{OWASP}},
  title = {OWASP Top 10:2021},
  howpublished = {\url{https://owasp.org/Top10/}},
  year={2021},
  note = {Accessed: 2025-01-14}
}

@misc{snyk_docs,
  author = {{Snyk}},
  title = {{Snyk Documentation | Snyk User Docs}},
  howpublished = {\url{https://docs.snyk.io/}},
  year={2024},
  note = {Accessed: 2025-01-17}
}

@misc{flawfinder_home,
  author = {David A. Wheeler},
  title = {{Flawfinder Home Page}},
  howpublished = {\url{https://dwheeler.com/flawfinder/}},
  year={2017},
  note = {Accessed: 2025-01-17}
}

@misc{sonarqube_server_docs,
  author = {{SonarSource}},
  title = {{SonarQube Server 10.8 | Documentation}},
  howpublished = {\url{https://docs.sonarsource.com/sonarqube-server/latest/}},
  year={2025},
  note = {Accessed: 2025-01-17}
}

%%%%%%%%%%%%%%%%%%%%% NOT USED %%%%%%%%%%%%%%%%%%%%%
@misc{infer_getting_started,
  author = {{Facebook Infer}},
  title = {{Getting started with Infer | Infer}},
  howpublished = {\url{https://fbinfer.com/docs/getting-started/}},
  year={2024},
  note = {Accessed: 2025-01-17}
}

@misc{codeql_docs,
  author = {{GitHub}},
  title = {{CodeQL documentation}},
  howpublished = {\url{https://codeql.github.com/docs/}},
  year={2025},
  note = {Accessed: 2025-01-17}
}

@misc{codeql_supported_queries,
  author = {{GitHub CodeQL}},
  title = {{Supported CodeQL queries and libraries}},
  howpublished = {\url{https://github.com/github/codeql/blob/main/docs/supported-queries.md}},
  year={2024},
  note = {Accessed: 2025-01-17}
}

@misc{codeql_cwe_coverage_docs,
  author = {{GitHub}},
  title = {{CodeQL CWE coverage — CodeQL query help documentation}},
  howpublished = {\url{https://codeql.github.com/codeql-query-help/codeql-cwe-coverage/}},
  year = {2025},
  note = {Accessed: 2025-02-23}
}

@misc{sonar_rules_database,
  author = {{SonarSource}},
  title = {{Sonar static code analysis default rule set}},
  howpublished = {\url{https://rules.sonarsource.com/}},
  year = {2025},
  note = {Accessed: 2025-02-23}
}

%%%%%%%%%%%%%%%%%%%%% NOT USED %%%%%%%%%%%%%%%%%%%%%
@article{zhuefficiency,
  title={Efficiency without Tears: Securing Multilingual Programs with TRINITY},
  author={Zhu, Hao and Hua, Baojian and Lin, Xinrong and Wu, Yufei},
  year={2023}
}

%%%%%%%%%%%%%%%%%%%%% NOT USED %%%%%%%%%%%%%%%%%%%%%
@INPROCEEDINGS{zhu2023safej,
  author={Zhu, Hao and Hua, Baojian},
  booktitle={2023 4th International Conference on Big Data \& Artificial Intelligence \& Software Engineering (ICBASE)}, 
  title={SAFEJ: An Efficient Infrastructure for Securing Julia Programs}, 
  year={2023},
  volume={},
  number={},
  pages={221-224},
  keywords={Computer languages;Codes;Systematics;Runtime;Memory management;Parallel processing;Data structures;component;High Performance Computing;Memory Protection;Foreign Function Interface},
  doi={10.1109/ICBASE59196.2023.10303098}}

@inproceedings{liang2016mlsa,
  title={MLSA: a static bugs analysis tool based on LLVM IR},
  author={Liang, Hongliang and Wang, Lei and Wu, Dongyang and Xu, Jiuyun},
  booktitle={2016 17th IEEE/ACIS International Conference on Software Engineering, Artificial Intelligence, Networking and Parallel/Distributed Computing (SNPD)},
  pages={407--412},
  year={2016},
  organization={IEEE}
}

@article{liu2019edge,
  title={Edge computing for autonomous driving: Opportunities and challenges},
  author={Liu, Shaoshan and Liu, Liangkai and Tang, Jie and Yu, Bo and Wang, Yifan and Shi, Weisong},
  journal={Proceedings of the IEEE},
  volume={107},
  number={8},
  pages={1697--1716},
  year={2019},
  publisher={IEEE}
}

@article{gupta2021deep,
  title={Deep learning for object detection and scene perception in self-driving cars: Survey, challenges, and open issues},
  author={Gupta, Abhishek and Anpalagan, Alagan and Guan, Ling and Khwaja, Ahmed Shaharyar},
  journal={Array},
  volume={10},
  pages={100057},
  year={2021},
  publisher={Elsevier}
}

@inproceedings{yang2023demystifying,
  title={Demystifying issues, challenges, and solutions for multilingual software development},
  author={Yang, Haoran and Lian, Weile and Wang, Shaowei and Cai, Haipeng},
  booktitle={2023 IEEE/ACM 45th International Conference on Software Engineering (ICSE)},
  pages={1840--1852},
  year={2023},
  organization={IEEE}
}

@article{mushtaq2017multilingual,
  title={Multilingual source code analysis: A systematic literature review},
  author={Mushtaq, Zaigham and Rasool, Ghulam and Shehzad, Balawal},
  journal={IEEE Access},
  volume={5},
  pages={11307--11336},
  year={2017},
  publisher={IEEE}
}

@article{kotenko2022static,
  title={Static analysis of information systems for IoT cyber security: a survey of machine learning approaches},
  author={Kotenko, Igor and Izrailov, Konstantin and Buinevich, Mikhail},
  journal={Sensors},
  volume={22},
  number={4},
  pages={1335},
  year={2022},
  publisher={MDPI}
}

@article{xing2021toward,
  title={Toward human-vehicle collaboration: Review and perspectives on human-centered collaborative automated driving},
  author={Xing, Yang and Lv, Chen and Cao, Dongpu and Hang, Peng},
  journal={Transportation Research Part C: Emerging Technologies},
  volume={128},
  pages={103199},
  year={2021},
  publisher={Elsevier}
}

@article{cohen1960coefficient,
  title={A coefficient of agreement for nominal scales},
  author={Cohen, Jacob},
  journal={Educational and Psychological Measurement},
  volume={20},
  number={1},
  pages={37--46},
  year={1960},
  publisher={Sage Publications Sage CA: Thousand Oaks, CA}
}

@INPROCEEDINGS{mo2023comprehensive,
  author={Mo, Ran and Jiang, Yingjie and Zhan, Wenjing and Wang, Dongyu and Li, Zengyang},
  booktitle={2023 38th IEEE/ACM International Conference on Automated Software Engineering (ASE)}, 
  title={A Comprehensive Study on Code Clones in Automated Driving Software}, 
  year={2023},
  volume={},
  number={},
  pages={1073-1085},
  keywords={Codes;Computer bugs;Cloning;Software systems;Software;Sensors;Planning;Automated Driving Software;Code Clone;Comodification;Bug-proneness;Software Modularity},
  doi={10.1109/ASE56229.2023.00053}}

%%%%%%%%%%%%%%%%%%%%% NOT USED %%%%%%%%%%%%%%%%%%%%%
@article{shenfinding,
  title={Usage and Effectiveness of Static Analysis in Open-Source Embedded Software: CodeQL Finds Hundreds of Defects.},
  author={Shen, Mingjie and Yuan, Brian A and Pillai, Akul Abhilash and Zhang, Xinyu and Davis, James C and Machiry, Aravind},
  year={2025}
}


@article{wang2020safety,
  title={Safety of autonomous vehicles},
  author={Wang, Jun and Zhang, Li and Huang, Yanjun and Zhao, Jian},
  journal={Journal of Advanced Transportation},
  volume={2020},
  number={1},
  pages={8867757},
  year={2020},
  publisher={Wiley Online Library}
}

@article{mccarthy2022autonomous,
  title={Autonomous vehicle accident data analysis: California OL 316 reports: 2015--2020},
  author={McCarthy, Roger L},
  journal={ASCE-ASME Journal of Risk and Uncertainty in Engineering Systems, Part B: Mechanical Engineering},
  volume={8},
  number={3},
  pages={034502},
  year={2022},
  publisher={American Society of Mechanical Engineers}
}

@article{patel2024exploratory,
  title={An Exploratory Analysis of Temporal and Spatial Patterns of Autonomous Vehicle Collisions},
  author={Patel, Ronik Ketankumar and Channamallu, Sai Sneha and Khan, Muhammad Arif and Kermanshachi, Sharareh and Pamidimukkala, Apurva},
  journal={Public Works Management \& Policy},
  volume={29},
  number={4},
  pages={588--611},
  year={2024},
  publisher={SAGE Publications Sage CA: Los Angeles, CA}
}

@inproceedings{lenarduzzi2020sonarqube,
  title={Are sonarqube rules inducing bugs?},
  author={Lenarduzzi, Valentina and Lomio, Francesco and Huttunen, Heikki and Taibi, Davide},
  booktitle={2020 IEEE 27th International Conference on Software Analysis, Evolution and Reengineering (SANER)},
  pages={501--511},
  year={2020},
  organization={IEEE}
}

%%%%%%%%%%%%%%%%%%%%% NOT USED %%%%%%%%%%%%%%%%%%%%%
@article{shen2023empirical,
  title={An Empirical Study on the Use of Static Analysis Tools in Open Source Embedded Software},
  author={Shen, Mingjie and Pillai, Akul and Yuan, Brian A and Davis, James C and Machiry, Aravind},
  journal={arXiv preprint arXiv:2310.00205},
  year={2023}
}

@inproceedings{wu2023ossfp,
  title={Ossfp: Precise and scalable c/c++ third-party library detection using fingerprinting functions},
  author={Wu, Jiahui and Xu, Zhengzi and Tang, Wei and Zhang, Lyuye and Wu, Yueming and Liu, Chengyue and Sun, Kairan and Zhao, Lida and Liu, Yang},
  booktitle={2023 IEEE/ACM 45th International Conference on Software Engineering (ICSE)},
  pages={270--282},
  year={2023},
  organization={IEEE}
}

@inproceedings{avgustinov2016ql,
  title={QL: Object-oriented queries on relational data},
  author={Avgustinov, Pavel and De Moor, Oege and Jones, Michael Peyton and Sch{\"a}fer, Max},
  booktitle={30th European Conference on Object-Oriented Programming (ECOOP 2016)},
  pages={2--1},
  year={2016},
  organization={Schloss Dagstuhl--Leibniz-Zentrum f{\"u}r Informatik}
}

@inproceedings{de2007keynote,
  title={Keynote address:. ql for source code analysis},
  author={De Moor, Oege and Verbaere, Mathieu and Hajiyev, Elnar and Avgustinov, Pavel and Ekman, Torbjorn and Ongkingco, Neil and Sereni, Damien and Tibble, Julian},
  booktitle={Seventh IEEE International Working Conference on Source Code Analysis and Manipulation (SCAM 2007)},
  pages={3--16},
  year={2007},
  organization={IEEE}
}

@inproceedings{verbaere2007improve,
  title={Improve software quality with SemmleCode: an Eclipse plugin for semantic code search},
  author={Verbaere, Mathieu and Hajiyev, Elnar and De Moor, Oege},
  booktitle={Companion to the 22nd ACM SIGPLAN Conference on Object-oriented Programming Systems and Applications Companion},
  pages={880--881},
  year={2007}
}

@misc{github_codeql_scanning_docs,
  author = {{GitHub}},
  title = {{About code scanning with CodeQL - GitHub Docs}},
  howpublished = {\url{https://docs.github.com/en/code-security/code-scanning/introduction-to-code-scanning/about-code-scanning-with-codeql}},
  year = {2025},
  note = {Accessed: 2025-02-23}
}

@misc{codeql_overview_docs,
  author = {{GitHub}},
  title = {{About CodeQL — CodeQL}},
  howpublished = {\url{https://codeql.github.com/docs/codeql-overview/about-codeql/}},
  year = {2025},
  note = {Accessed: 2025-02-23}
}

@article{bathla2022autonomous,
  title={Autonomous vehicles and intelligent automation: Applications, challenges, and opportunities},
  author={Bathla, Gourav and Bhadane, Kishor and Singh, Rahul Kumar and Kumar, Rajneesh and Aluvalu, Rajanikanth and Krishnamurthi, Rajalakshmi and Kumar, Adarsh and Thakur, RN and Basheer, Shakila},
  journal={Mobile Information Systems},
  volume={2022},
  number={1},
  pages={7632892},
  year={2022},
  publisher={Wiley Online Library}
}

@inproceedings{lin2018architectural,
  title={The architectural implications of autonomous driving: Constraints and acceleration},
  author={Lin, Shih-Chieh and Zhang, Yunqi and Hsu, Chang-Hong and Skach, Matt and Haque, Md E and Tang, Lingjia and Mars, Jason},
  booktitle={Proceedings of the Twenty-third International Conference on Architectural Aupport for Programming Languages and Operating Systems},
  pages={751--766},
  year={2018}
}

@misc{tiobe_index,
  author = {{TIOBE}},
  title = {{TIOBE Index for January 2025}},
  howpublished = {\url{https://www.tiobe.com/tiobe-index/}},
  year = {2025},
  note = {Accessed: 2025-02-24}
}

@misc{octoverse_2024,
  author = {{GitHub}},
  title = {{Octoverse: AI leads Python to top language as the number of global developers surges}},
  howpublished = {\url{https://github.blog/news-insights/octoverse/octoverse-2024/\#the-most-popular-programming-languages}},
  year = {2024},
  note = {Accessed: 2025-02-24}
}

@misc{apolloauto_apollo,
  author = {{ApolloAuto}},
  title = {{Apollo: An open autonomous driving platform}},
  howpublished = {\url{https://github.com/ApolloAuto/apollo}},
  year = {2025},
  note = {Accessed: 2025-02-25}
}

@misc{microsoft_airsim,
  author = {{Microsoft AI \& Research}},
  title = {{AirSim: Open source simulator for autonomous vehicles built on Unreal Engine / Unity}},
  howpublished = {\url{https://github.com/microsoft/AirSim}},
  year = {2022},
  note = {Accessed: 2025-02-25}
}

@misc{autowarefoundation_autoware_universe,
  author = {{Autoware Foundation}},
  title = {{Autoware Universe}},
  howpublished = {\url{https://github.com/autowarefoundation/autoware.universe}},
  year = {2025},
  note = {Accessed: 2025-02-25}
}

@misc{autowarefoundation_autoware,
  author = {{Autoware Foundation}},
  title = {{Autoware: The world's leading open-source software project for autonomous driving}},
  howpublished = {\url{https://github.com/autowarefoundation/autoware}},
  year = {2025},
  note = {Accessed: 2025-02-25}
}