@misc{jobs2001interview,
  author = {Steve Jobs},
  title = {Steve Jobs' Talk},
  howpublished = {FORTUNE Magazine},
  year = {2001},
  note = {Available at: https://money.cnn.com/magazines/fortune/fortune_archive/2000/01/24/272281/index.htm}
}
@inproceedings{acharya2023llm,
  title={Llm based generation of item-description for recommendation system},
  author={Acharya, Arkadeep and Singh, Brijraj and Onoe, Naoyuki},
  booktitle={Proceedings of the 17th ACM Conference on Recommender Systems},
  pages={1204--1207},
  year={2023}
}
@article{yang2024swe,
  title={Swe-agent: Agent-computer interfaces enable automated software engineering},
  author={Yang, John and Jimenez, Carlos E and Wettig, Alexander and Lieret, Kilian and Yao, Shunyu and Narasimhan, Karthik and Press, Ofir},
  journal={arXiv preprint arXiv:2405.15793},
  year={2024}
}

@article{zhang2024ufo,
  title={Ufo: A ui-focused agent for windows os interaction},
  author={Zhang, Chaoyun and Li, Liqun and He, Shilin and Zhang, Xu and Qiao, Bo and Qin, Si and Ma, Minghua and Kang, Yu and Lin, Qingwei and Rajmohan, Saravan and others},
  journal={arXiv preprint arXiv:2402.07939},
  year={2024}
}
@article{gifford1991semantic,
  title={Semantic file systems},
  author={Gifford, David K and Jouvelot, Pierre and Sheldon, Mark A and O'Toole Jr, James W},
  journal={ACM SIGOPS operating systems review},
  volume={25},
  number={5},
  pages={16--25},
  year={1991},
  publisher={ACM New York, NY, USA}
}
@article{ye2023language,
  title={Language is All a Graph Needs},
  author={Ye, Ruosong and Zhang, Caiqi and Wang, Runhui and Xu, Shuyuan and Zhang, Yongfeng},
  journal={EACL},
  year={2024}
}
@inproceedings{jin2024position,
   title={Position Paper: What Can Large Language Models Tell Us about Time Series Analysis}, 
   author={Ming Jin and Yifan Zhang and Wei Chen and Kexin Zhang and Yuxuan Liang and Bin Yang and Jindong Wang and Shirui Pan and Qingsong Wen},
  booktitle={ICML 2024},
  year={2024}
}

@article{wang2024can,
  title={Can language models solve graph problems in natural language?},
  author={Wang, Heng and Feng, Shangbin and He, Tianxing and Tan, Zhaoxuan and Han, Xiaochuang and Tsvetkov, Yulia},
  journal={Advances in Neural Information Processing Systems},
  volume={36},
  year={2024}
}

@inproceedings{yang2024embodied,
  title={Embodied multi-modal agent trained by an llm from a parallel textworld},
  author={Yang, Yijun and Zhou, Tianyi and Li, Kanxue and Tao, Dapeng and Li, Lusong and Shen, Li and He, Xiaodong and Jiang, Jing and Shi, Yuhui},
  booktitle={Proceedings of the IEEE/CVF Conference on Computer Vision and Pattern Recognition},
  pages={26275--26285},
  year={2024}
}
@inproceedings{geng2022recommendation,
  title={Recommendation as language processing (rlp): A unified pretrain, personalized prompt \& predict paradigm (p5)},
  author={Geng, Shijie and Liu, Shuchang and Fu, Zuohui and Ge, Yingqiang and Zhang, Yongfeng},
  booktitle={Proceedings of the 16th ACM Conference on Recommender Systems},
  pages={299--315},
  year={2022}
}
@inproceedings{hua2024up5,
  title={UP5: Unbiased Foundation Model for Fairness-aware Recommendation},
  author={Hua, Wenyue and Ge, Yingqiang and Xu, Shuyuan and Ji, Jianchao and Li, Zelong and Zhang, Yongfeng},
  booktitle={EACL},
  pages={1899--1912},
  year={2024}
}
@article{chen2024spiral,
  title={Spiral of Silences: How is Large Language Model Killing Information Retrieval?--A Case Study on Open Domain Question Answering},
  author={Chen, Xiaoyang and He, Ben and Lin, Hongyu and Han, Xianpei and Wang, Tianshu and Cao, Boxi and Sun, Le and Sun, Yingfei},
  journal={arXiv preprint arXiv:2404.10496},
  year={2024}
}
@article{dai2022state,
  title={The state of the art of metadata managements in large-scale distributed file systems—scalability, performance and availability},
  author={Dai, Hao and Wang, Yang and Kent, Kenneth B and Zeng, Lingfang and Xu, Chengzhong},
  journal={IEEE Transactions on Parallel and Distributed Systems},
  volume={33},
  number={12},
  pages={3850--3869},
  year={2022},
  publisher={IEEE}
}
@inproceedings{mahalingam2003towards,
  title={Towards a semantic, deep archival file system},
  author={Mahalingam, Mallik and Tang, Chunqiang and Xu, Zhichen},
  booktitle={The Ninth IEEE Workshop on Future Trends of Distributed Computing Systems, 2003. FTDCS 2003. Proceedings.},
  pages={115--121},
  year={2003},
  organization={IEEE}
}
@inproceedings{bloehdorn2006tagfs,
  title={Tagfs-tag semantics for hierarchical file systems},
  author={Bloehdorn, Stephan and G{\"o}rlitz, Olaf and Schenk, Simon and V{\"o}lkel, Max and others},
  booktitle={Proceedings of the 6th International Conference on Knowledge Management (I-KNOW 06), Graz, Austria},
  volume={8},
  pages={6--8},
  year={2006}
}
@inproceedings{schandl2009sile,
  title={The sile model—a semantic file system infrastructure for the desktop},
  author={Schandl, Bernhard and Haslhofer, Bernhard},
  booktitle={European Semantic Web Conference},
  pages={51--65},
  year={2009},
  organization={Springer}
}
@article{hua2011semantic,
  title={Semantic-aware metadata organization paradigm in next-generation file systems},
  author={Hua, Yu and Jiang, Hong and Zhu, Yifeng and Feng, Dan and Tian, Lei},
  journal={IEEE Transactions on Parallel and Distributed Systems},
  volume={23},
  number={2},
  pages={337--344},
  year={2011},
  publisher={IEEE}
}
@article{hua2013sane,
  title={SANE: Semantic-aware namespacein ultra-large-scale file systems},
  author={Hua, Yu and Jiang, Hong and Zhu, Yifeng and Feng, Dan and Xu, Lei},
  journal={IEEE Transactions on Parallel and Distributed Systems},
  volume={25},
  number={5},
  pages={1328--1338},
  year={2013},
  publisher={IEEE}
}
@article{leung2009copernicus,
  title={Copernicus: A scalable, high-performance semantic file system},
  author={Leung, Andrew and Parker-Wood, Aleatha and Miller, Ethan L},
  journal={University of California, Santa Cruz, UCSC-SSRC-09},
  volume={6},
  year={2009}
}
@inproceedings{hua2009smartstore,
  title={SmartStore: A new metadata organization paradigm with semantic-awareness for next-generation file systems},
  author={Hua, Yu and Jiang, Hong and Zhu, Yifeng and Feng, Dan and Tian, Lei},
  booktitle={Proceedings of the conference on high performance computing networking, storage and analysis},
  pages={1--12},
  year={2009}
}
@article{mei2024llm,
  title={Llm agent operating system},
  author={Mei, Kai and Li, Zelong and Xu, Shuyuan and Ye, Ruosong and Ge, Yingqiang and Zhang, Yongfeng},
  journal={arXiv preprint arXiv:2403.16971},
  year={2024}
}
@article{zhang2024operating,
  title={Operating System And Artificial Intelligence: A Systematic Review},
  author={Zhang, Yifan and Zhao, Xinkui and Yin, Jianwei and Zhang, Lufei and Chen, Zuoning},
  journal={arXiv preprint arXiv:2407.14567},
  year={2024}
}
@article{ge2023llm,
  title="{LLM as OS, Agents as Apps: Envisioning AIOS, Agents and the AIOS-Agent Ecosystem}",
  author={Ge, Yingqiang and Ren, Yujie and Hua, Wenyue and Xu, Shuyuan and Tan, Juntao and Zhang, Yongfeng},
  journal={arXiv:2312.03815},
  year={2023}
}
@inproceedings{wu2024autogen,
  title={AutoGen: Enabling Next-Gen LLM Applications via Multi-Agent Conversation},
  author={Wu, Qingyun and Bansal, Gagan and Zhang, Jieyu and Wu, Yiran and Li, Beibin and Zhu, Erkang and Jiang, Li and Zhang, Xiaoyun and Zhang, Shaokun and Liu, Jiale and others},
  booktitle={ICLR 2024 Workshop on Large Language Model (LLM) Agents},
  year = {2024}
}
@article{talebirad2023multi,
  title={Multi-Agent Collaboration: Harnessing the Power of Intelligent LLM Agents},
  author={Talebirad, Yashar and Nadiri, Amirhossein},
  journal={arXiv e-prints},
  pages={arXiv--2306},
  year={2023}
}
@article{liu2024agentlite,
  title={AgentLite: A Lightweight Library for Building and Advancing Task-Oriented LLM Agent System},
  author={Liu, Zhiwei and Yao, Weiran and Zhang, Jianguo and Yang, Liangwei and Liu, Zuxin and Tan, Juntao and Choubey, Prafulla K and Lan, Tian and Wu, Jason and Wang, Huan and others},
  journal={arXiv preprint arXiv:2402.15538},
  year={2024}
}
@article{eck2011semantic,
  title={A semantic file system for integrated product data management},
  author={Eck, Oliver and Schaefer, Dirk},
  journal={Advanced Engineering Informatics},
  volume={25},
  number={2},
  pages={177--184},
  year={2011},
  publisher={Elsevier}
}
@article{kamath2018survey,
  title={A survey on semantic parsing},
  author={Kamath, Aishwarya and Das, Rajarshi},
  journal={arXiv preprint arXiv:1812.00978},
  year={2018}
}
@inproceedings{berant2013semantic,
  title={Semantic parsing on freebase from question-answer pairs},
  author={Berant, Jonathan and Chou, Andrew and Frostig, Roy and Liang, Percy},
  booktitle={Proceedings of the 2013 conference on empirical methods in natural language processing},
  pages={1533--1544},
  year={2013}
}
@inproceedings{berant2014semantic,
  title={Semantic parsing via paraphrasing},
  author={Berant, Jonathan and Liang, Percy},
  booktitle={Proceedings of the 52nd Annual Meeting of the Association for Computational Linguistics (Volume 1: Long Papers)},
  pages={1415--1425},
  year={2014}
}
@inproceedings{poon2009unsupervised,
  title={Unsupervised semantic parsing},
  author={Poon, Hoifung and Domingos, Pedro},
  booktitle={Proceedings of the 2009 conference on empirical methods in natural language processing},
  pages={1--10},
  year={2009}
}
@article{iyer2017learning,
  title={Learning a neural semantic parser from user feedback},
  author={Iyer, Srinivasan and Konstas, Ioannis and Cheung, Alvin and Krishnamurthy, Jayant and Zettlemoyer, Luke},
  journal={arXiv preprint arXiv:1704.08760},
  year={2017}
}
@inproceedings{mooney2007learning,
  title={Learning for semantic parsing},
  author={Mooney, Raymond J},
  booktitle={International Conference on Intelligent Text Processing and Computational Linguistics},
  pages={311--324},
  year={2007},
  organization={Springer}
}
@article{lin2018nl2bash,
  title={Nl2bash: A corpus and semantic parser for natural language interface to the linux operating system},
  author={Lin, Xi Victoria and Wang, Chenglong and Zettlemoyer, Luke and Ernst, Michael D},
  journal={arXiv preprint arXiv:1802.08979},
  year={2018}
}
@inproceedings{wang2015building,
  title={Building a semantic parser overnight},
  author={Wang, Yushi and Berant, Jonathan and Liang, Percy},
  booktitle={Proceedings of the 53rd Annual Meeting of the Association for Computational Linguistics and the 7th International Joint Conference on Natural Language Processing (Volume 1: Long Papers)},
  pages={1332--1342},
  year={2015}
}
@inproceedings{ge2005statistical,
  title={A statistical semantic parser that integrates syntax and semantics},
  author={Ge, Ruifang and Mooney, Raymond},
  booktitle={Proceedings of the Ninth Conference on Computational Natural Language Learning (CoNLL-2005)},
  pages={9--16},
  year={2005}
}
@article{mei2024aios,
  title={AIOS: LLM agent operating system},
  author={Mei, Kai and Li, Zelong and Xu, Shuyuan and Ye, Ruosong and Ge, Yingqiang and Zhang, Yongfeng},
  journal={arXiv e-prints, pp. arXiv--2403},
  year={2024}
}
@article{KAUR2023101804,
title = {Artificial intelligence for cybersecurity: Literature review and future research directions},
author = {Ramanpreet Kaur and Dušan Gabrijelčič and Tomaž Klobučar},
journal = {Information Fusion},
volume = {97},
pages = {101804},
year = {2023},
issn = {1566-2535},
}

@article{ge2024openagi,
  title={Openagi: When llm meets domain experts},
  author={Ge, Yingqiang and Hua, Wenyue and Mei, Kai and Tan, Juntao and Xu, Shuyuan and Li, Zelong and Zhang, Yongfeng and others},
  journal={Advances in Neural Information Processing Systems},
  volume={36},
  year={2024}
}

@article{shen2024hugginggpt,
  title={Hugginggpt: Solving ai tasks with chatgpt and its friends in hugging face},
  author={Shen, Yongliang and Song, Kaitao and Tan, Xu and Li, Dongsheng and Lu, Weiming and Zhuang, Yueting},
  journal={Advances in Neural Information Processing Systems},
  volume={36},
  year={2024}
}


@article{lewis2020retrieval,
  title={Retrieval-augmented generation for knowledge-intensive nlp tasks},
  author={Lewis, Patrick and Perez, Ethan and Piktus, Aleksandra and Petroni, Fabio and Karpukhin, Vladimir and Goyal, Naman and K{\"u}ttler, Heinrich and Lewis, Mike and Yih, Wen-tau and Rockt{\"a}schel, Tim and others},
  journal={Advances in Neural Information Processing Systems},
  volume={33},
  pages={9459--9474},
  year={2020}
}

@inproceedings{salemi2024evaluating,
  title={Evaluating Retrieval Quality in Retrieval-Augmented Generation},
  author={Salemi, Alireza and Zamani, Hamed},
  booktitle={Proceedings of the 47th International ACM SIGIR Conference on Research and Development in Information Retrieval},
  pages={2395--2400},
  year={2024}
}

@article{cheng2024lift,
  title={Lift yourself up: Retrieval-augmented text generation with self-memory},
  author={Cheng, Xin and Luo, Di and Chen, Xiuying and Liu, Lemao and Zhao, Dongyan and Yan, Rui},
  journal={Advances in Neural Information Processing Systems},
  volume={36},
  year={2024}
}
@article{packer2023memgpt,
  title={Memgpt: Towards llms as operating systems},
  author={Packer, Charles and Fang, Vivian and Patil, Shishir G and Lin, Kevin and Wooders, Sarah and Gonzalez, Joseph E},
  journal={arXiv preprint arXiv:2310.08560},
  year={2023}
}
@article{li2024personal,
  title={Personal llm agents: Insights and survey about the capability, efficiency and security},
  author={Li, Yuanchun and Wen, Hao and Wang, Weijun and Li, Xiangyu and Yuan, Yizhen and Liu, Guohong and Liu, Jiacheng and Xu, Wenxing and Wang, Xiang and Sun, Yi and others},
  journal={arXiv preprint arXiv:2401.05459},
  year={2024}
}

@inproceedings{chen2024benchmarking,
  title={Benchmarking large language models in retrieval-augmented generation},
  author={Chen, Jiawei and Lin, Hongyu and Han, Xianpei and Sun, Le},
  booktitle={Proceedings of the AAAI Conference on Artificial Intelligence},
  volume={38},
  number={16},
  pages={17754--17762},
  year={2024}
}

@inproceedings{zhao2024optimizing,
  title={Optimizing LLM Based Retrieval Augmented Generation Pipelines in the Financial Domain},
  author={Zhao, Yiyun and Singh, Prateek and Bhathena, Hanoz and Ramos, Bernardo and Joshi, Aviral and Gadiyaram, Swaroop and Sharma, Saket},
  booktitle={Proceedings of the 2024 Conference of the North American Chapter of the Association for Computational Linguistics: Human Language Technologies (Volume 6: Industry Track)},
  pages={279--294},
  year={2024}
}


@inproceedings{sudhi2024rag,
  title={RAG-Ex: A Generic Framework for Explaining Retrieval Augmented Generation},
  author={Sudhi, Viju and Bhat, Sinchana Ramakanth and Rudat, Max and Teucher, Roman},
  booktitle={Proceedings of the 47th International ACM SIGIR Conference on Research and Development in Information Retrieval},
  pages={2776--2780},
  year={2024}
}

@article{wei2022chain,
  title={Chain-of-thought prompting elicits reasoning in large language models},
  author={Wei, Jason and Wang, Xuezhi and Schuurmans, Dale and Bosma, Maarten and Xia, Fei and Chi, Ed and Le, Quoc V and Zhou, Denny and others},
  journal={Advances in neural information processing systems},
  volume={35},
  pages={24824--24837},
  year={2022}
}

@inproceedings{shao2023synthetic,
  title={Synthetic prompting: Generating chain-of-thought demonstrations for large language models},
  author={Shao, Zhihong and Gong, Yeyun and Shen, Yelong and Huang, Minlie and Duan, Nan and Chen, Weizhu},
  booktitle={International Conference on Machine Learning},
  pages={30706--30775},
  year={2023},
  organization={PMLR}
}

@inproceedings{besta2024graph,
  title={Graph of thoughts: Solving elaborate problems with large language models},
  author={Besta, Maciej and Blach, Nils and Kubicek, Ales and Gerstenberger, Robert and Podstawski, Michal and Gianinazzi, Lukas and Gajda, Joanna and Lehmann, Tomasz and Niewiadomski, Hubert and Nyczyk, Piotr and others},
  booktitle={Proceedings of the AAAI Conference on Artificial Intelligence},
  volume={38},
  number={16},
  pages={17682--17690},
  year={2024}
}

@inproceedings{liu2023reason,
  title={Reason for future, act for now: A principled architecture for autonomous llm agents},
  author={Liu, Zhihan and Hu, Hao and Zhang, Shenao and Guo, Hongyi and Ke, Shuqi and Liu, Boyi and Wang, Zhaoran},
  booktitle={Forty-first International Conference on Machine Learning},
  year={2023}
}

@article{gurcan2024llm,
  title={LLM-Augmented Agent-Based Modelling for Social Simulations: Challenges and Opportunities},
  author={G{\"u}rcan, {\"O}nder},
  journal={HHAI 2024: Hybrid Human AI Systems for the Social Good},
  pages={134--144},
  year={2024},
  publisher={IOS Press}
}

@inproceedings{song2023llm,
  title={Llm-planner: Few-shot grounded planning for embodied agents with large language models},
  author={Song, Chan Hee and Wu, Jiaman and Washington, Clayton and Sadler, Brian M and Chao, Wei-Lun and Su, Yu},
  booktitle={Proceedings of the IEEE/CVF International Conference on Computer Vision},
  pages={2998--3009},
  year={2023}
}

@inproceedings{hatalis2023memory,
  title={Memory Matters: The Need to Improve Long-Term Memory in LLM-Agents},
  author={Hatalis, Kostas and Christou, Despina and Myers, Joshua and Jones, Steven and Lambert, Keith and Amos-Binks, Adam and Dannenhauer, Zohreh and Dannenhauer, Dustin},
  booktitle={Proceedings of the AAAI Symposium Series},
  volume={2},
  number={1},
  pages={277--280},
  year={2023}
}

@article{hong2023metagpt,
  title={Metagpt: Meta programming for multi-agent collaborative framework},
  author={Hong, Sirui and Zheng, Xiawu and Chen, Jonathan and Cheng, Yuheng and Wang, Jinlin and Zhang, Ceyao and Wang, Zili and Yau, Steven Ka Shing and Lin, Zijuan and Zhou, Liyang and others},
  journal={arXiv preprint arXiv:2308.00352},
  year={2023}
}

@article{qian2023communicative,
  title={Communicative agents for software development},
  author={Qian, Chen and Cong, Xin and Yang, Cheng and Chen, Weize and Su, Yusheng and Xu, Juyuan and Liu, Zhiyuan and Sun, Maosong},
  journal={arXiv preprint arXiv:2307.07924},
  year={2023}
}
@article{blair1987knowledge,
  title={A knowledge-based operating system},
  author={Blair, Gordon S. and Mariani, John A. and Nicol, John R. and Shepherd, Doug},
  journal={The Computer Journal},
  volume={30},
  number={3},
  pages={193--200},
  year={1987},
  publisher={Oxford University Press}
}
@inproceedings{schneider2020machine,
  title={Machine learning for dynamic resource allocation in network function virtualization},
  author={Schneider, Stefan and Satheeschandran, Narayanan Puthenpurayil and Peuster, Manuel and Karl, Holger},
  booktitle={2020 6th IEEE conference on network softwarization (NetSoft)},
  pages={122--130},
  year={2020},
  organization={IEEE}
}

@article{gong2024dynamic,
  title={Dynamic resource allocation for virtual machine migration optimization using machine learning},
  author={Gong, Yulu and Huang, Jiaxin and Liu, Bo and Xu, Jingyu and Wu, Binbin and Zhang, Yifan},
  journal={arXiv preprint arXiv:2403.13619},
  year={2024}
}

@article{wu2024copilot,
  title={Os-copilot: Towards generalist computer agents with self-improvement},
  author={Wu, Zhiyong and Han, Chengcheng and Ding, Zichen and Weng, Zhenmin and Liu, Zhoumianze and Yao, Shunyu and Yu, Tao and Kong, Lingpeng},
  journal={arXiv preprint arXiv:2402.07456},
  year={2024}
}

@article{jin2023s3,
  title={S3: Increasing GPU Utilization during Generative Inference for Higher Throughput},
  author={Jin, Yunho and Wu, Chun-Feng and Brooks, David and Wei, Gu-Yeon},
  journal={Advances in Neural Information Processing Systems},
  volume={36},
  pages={18015--18027},
  year={2023}
}

@inproceedings{zheng2024response,
  title={Response length perception and sequence scheduling: An llm-empowered llm inference pipeline},
  author={Zheng, Zangwei and Ren, Xiaozhe and Xue, Fuzhao and Luo, Yang and Jiang, Xin and You, Yang},
  journal={Advances in Neural Information Processing Systems},
  volume={36},
  year={2024}
}

@inproceedings{aiops2024qiu,
  author  = {Qiu, Haoran and Mao, Weichao and Patke, Archit and Cui, Shengkun and Jha, Saurabh and Wang, Chen and Franke, Hubertus and Kalbarczyk, Zbigniew T. and Ba\c{s}ar, Tamer and Iyer, Ravishankar K.},
  title   = {Efficient Interactive LLM Serving with Proxy Model-based Sequence Length Prediction},
  year    = {2024},
  pages = {1--7},
  publisher = {Association for Computing Machinery},
  volume = {5},
  address = {San Diego, CA, USA},
  booktitle = {The 5th International Workshop on Cloud Intelligence / AIOps at ASPLOS 2024},
}

@article{cheng2024enabling,
  title={Enabling Efficient Batch Serving for LMaaS via Generation Length Prediction},
  author={Cheng, Ke and Hu, Wen and Wang, Zhi and Du, Peng and Li, Jianguo and Zhang, Sheng},
  journal={arXiv preprint arXiv:2406.04785},
  year={2024}
}

@inproceedings{qiu2024power,
  title={Power-aware Deep Learning Model Serving with $\{$$\mu$-Serve$\}$},
  author={Qiu, Haoran and Mao, Weichao and Patke, Archit and Cui, Shengkun and Jha, Saurabh and Wang, Chen and Franke, Hubertus and Kalbarczyk, Zbigniew and Ba{\c{s}}ar, Tamer and Iyer, Ravishankar K},
  booktitle={2024 USENIX Annual Technical Conference (USENIX ATC 24)},
  pages={75--93},
  year={2024}
}

@article{cobbe2021training,
  title={Training verifiers to solve math word problems},
  author={Cobbe, Karl and Kosaraju, Vineet and Bavarian, Mohammad and Chen, Mark and Jun, Heewoo and Kaiser, Lukasz and Plappert, Matthias and Tworek, Jerry and Hilton, Jacob and Nakano, Reiichiro and others},
  journal={arXiv preprint arXiv:2110.14168},
  year={2021}
}

@article{hendrycks2021measuring,
  title={Measuring mathematical problem solving with the math dataset},
  author={Hendrycks, Dan and Burns, Collin and Kadavath, Saurav and Arora, Akul and Basart, Steven and Tang, Eric and Song, Dawn and Steinhardt, Jacob},
  journal={arXiv preprint arXiv:2103.03874},
  year={2021}
}

@article{talmor2018commonsenseqa,
  title={Commonsenseqa: A question answering challenge targeting commonsense knowledge},
  author={Talmor, Alon and Herzig, Jonathan and Lourie, Nicholas and Berant, Jonathan},
  journal={arXiv preprint arXiv:1811.00937},
  year={2018}
}

@article{fu2024efficient,
  title={Efficient LLM Scheduling by Learning to Rank},
  author={Fu, Yichao and Zhu, Siqi and Su, Runlong and Qiao, Aurick and Stoica, Ion and Zhang, Hao},
  journal={arXiv preprint arXiv:2408.15792},
  year={2024}
}

@article{hendrycks2020measuring,
  title={Measuring massive multitask language understanding},
  author={Hendrycks, Dan and Burns, Collin and Basart, Steven and Zou, Andy and Mazeika, Mantas and Song, Dawn and Steinhardt, Jacob},
  journal={arXiv preprint arXiv:2009.03300},
  year={2020}
}

@inproceedings{zhang2020solving,
  title={Solving billion-scale knapsack problems},
  author={Zhang, Xingwen and Qi, Feng and Hua, Zhigang and Yang, Shuang},
  booktitle={Proceedings of The Web Conference 2020},
  pages={3105--3111},
  year={2020}
}

@book{bertsekas2014constrained,
  title={Constrained optimization and Lagrange multiplier methods},
  author={Bertsekas, Dimitri P},
  year={2014},
  publisher={Academic press}
}

@article{hui2024qwen2,
  title={Qwen2. 5-coder technical report},
  author={Hui, Binyuan and Yang, Jian and Cui, Zeyu and Yang, Jiaxi and Liu, Dayiheng and Zhang, Lei and Liu, Tianyu and Zhang, Jiajun and Yu, Bowen and Lu, Keming and others},
  journal={arXiv preprint arXiv:2409.12186},
  year={2024}
}

@article{homaifar1994constrained,
  title={Constrained optimization via genetic algorithms},
  author={Homaifar, Abdollah and Qi, Charlene X and Lai, Steven H},
  journal={Simulation},
  volume={62},
  number={4},
  pages={242--253},
  year={1994},
  publisher={Sage Publications Sage CA: Thousand Oaks, CA}
}

@inproceedings{shi2025from,
  title={From Commands to Prompts: {LLM}-based Semantic File System for AIOS},
  author={Zeru Shi and Kai Mei and Mingyu Jin and Yongye Su and Chaoji Zuo and Wenyue Hua and Wujiang Xu and Yujie Ren and Zirui Liu and Mengnan Du and Dong Deng and Yongfeng Zhang},
  booktitle={The Thirteenth International Conference on Learning Representations},
  year={2025},
  url={https://openreview.net/forum?id=2G021ZqUEZ}
}

@article{zheng2023efficiently,
  title={Efficiently Programming Large Language Models using SGLang.},
  author={Zheng, Lianmin and Yin, Liangsheng and Xie, Zhiqiang and Huang, Jeff and Sun, Chuyue and Yu, Cody\_Hao and Cao, Shiyi and Kozyrakis, Christos and Stoica, Ion and Gonzalez, Joseph E and others},
  year={2023},
  publisher={arXiv}
}

@inproceedings{kwon2023efficient,
  title={Efficient memory management for large language model serving with pagedattention},
  author={Kwon, Woosuk and Li, Zhuohan and Zhuang, Siyuan and Sheng, Ying and Zheng, Lianmin and Yu, Cody Hao and Gonzalez, Joseph and Zhang, Hao and Stoica, Ion},
  booktitle={Proceedings of the 29th Symposium on Operating Systems Principles},
  pages={611--626},
  year={2023}
}

@article{xu2024slmrec,
  title={Slmrec: empowering small language models for sequential recommendation},
  author={Xu, Wujiang and Wu, Qitian and Liang, Zujie and Han, Jiaojiao and Ning, Xuying and Shi, Yunxiao and Lin, Wenfang and Zhang, Yongfeng},
  journal={arXiv preprint arXiv:2405.17890},
  year={2024}
}

@inproceedings{xu2024rethinking,
  title={Rethinking cross-domain sequential recommendation under open-world assumptions},
  author={Xu, Wujiang and Wu, Qitian and Wang, Runzhong and Ha, Mingming and Ma, Qiongxu and Chen, Linxun and Han, Bing and Yan, Junchi},
  booktitle={Proceedings of the ACM on Web Conference 2024},
  pages={3173--3184},
  year={2024}
}


@inproceedings{jin-etal-2025-exploring,
    title = "Exploring Concept Depth: How Large Language Models Acquire Knowledge and Concept at Different Layers?",
    author = "Jin, Mingyu  and Yu, Qinkai  and
      Huang, Jingyuan  and
      Zeng, Qingcheng  and
      Wang, Zhenting  and
      Hua, Wenyue  and
      Zhao, Haiyan  and
      Mei, Kai  and
      Meng, Yanda  and
      Ding, Kaize  and
      Yang, Fan  and
      Du, Mengnan  and
      Zhang, Yongfeng",
    booktitle = "Proceedings of the 31st International Conference on Computational Linguistics",
    month = jan,
    year = "2025",
    address = "Abu Dhabi, UAE",
    publisher = "Association for Computational Linguistics",
    url = "https://aclanthology.org/2025.coling-main.37/",
    pages = "558--573",
}

@article{yao2024tree,
  title={Tree of thoughts: Deliberate problem solving with large language models},
  author={Yao, Shunyu and Yu, Dian and Zhao, Jeffrey and Shafran, Izhak and Griffiths, Tom and Cao, Yuan and Narasimhan, Karthik},
  journal={Advances in Neural Information Processing Systems},
  volume={36},
  year={2024}
}

@inproceedings{jin-etal-2024-impact,
    title = "The Impact of Reasoning Step Length on Large Language Models",
    author = "Jin, Mingyu  and
      Yu, Qinkai  and
      Shu, Dong  and
      Zhao, Haiyan  and
      Hua, Wenyue  and
      Meng, Yanda  and
      Zhang, Yongfeng  and
      Du, Mengnan",
    booktitle = "Findings of the Association for Computational Linguistics ACL 2024",
    month = aug,
    year = "2024",
    address = "Bangkok, Thailand and virtual meeting",
    url = "https://aclanthology.org/2024.findings-acl.108",
    pages = "1830--1842",
}

@inproceedings{crankshaw2017clipper,
  title={Clipper: A $\{$Low-Latency$\}$ online prediction serving system},
  author={Crankshaw, Daniel and Wang, Xin and Zhou, Guilio and Franklin, Michael J and Gonzalez, Joseph E and Stoica, Ion},
  booktitle={14th USENIX Symposium on Networked Systems Design and Implementation (NSDI 17)},
  pages={613--627},
  year={2017}
}

@inproceedings{lee2018pretzel,
  title={$\{$PRETZEL$\}$: Opening the black box of machine learning prediction serving systems},
  author={Lee, Yunseong and Scolari, Alberto and Chun, Byung-Gon and Santambrogio, Marco Domenico and Weimer, Markus and Interlandi, Matteo},
  booktitle={13th USENIX Symposium on Operating Systems Design and Implementation (OSDI 18)},
  pages={611--626},
  year={2018}
}

@article{hadjis2016omnivore,
  title={Omnivore: An optimizer for multi-device deep learning on cpus and gpus},
  author={Hadjis, Stefan and Zhang, Ce and Mitliagkas, Ioannis and Iter, Dan and R{\'e}, Christopher},
  journal={arXiv preprint arXiv:1606.04487},
  year={2016}
}

@article{mei2023lightlm,
  title={LightLM: a lightweight deep and narrow language model for generative recommendation},
  author={Mei, Kai and Zhang, Yongfeng},
  journal={arXiv preprint arXiv:2310.17488},
  year={2023}
}

@inproceedings{xu2023neural,
  title={Neural node matching for multi-target cross domain recommendation},
  author={Xu, Wujiang and Li, Shaoshuai and Ha, Mingming and Guo, Xiaobo and Ma, Qiongxu and Liu, Xiaolei and Chen, Linxun and Zhu, Zhenfeng},
  booktitle={2023 IEEE 39th International Conference on Data Engineering (ICDE)},
  pages={2154--2166},
  year={2023},
  organization={IEEE}
}

@inproceedings{wang2023multi,
  title={A Multi-stage Framework for Online Bonus Allocation Based on Constrained User Intent Detection},
  author={Wang, Chao and Shi, Xiaowei and Xu, Shuai and Wang, Zhe and Fan, Zhiqiang and Feng, Yan and You, An and Chen, Yu},
  booktitle={Proceedings of the 29th ACM SIGKDD Conference on Knowledge Discovery and Data Mining},
  pages={5028--5038},
  year={2023}
}

@article{zhu2024deepseek,
  title={DeepSeek-Coder-V2: Breaking the Barrier of Closed-Source Models in Code Intelligence},
  author={Zhu, Qihao and Guo, Daya and Shao, Zhihong and Yang, Dejian and Wang, Peiyi and Xu, Runxin and Wu, Y and Li, Yukun and Gao, Huazuo and Ma, Shirong and others},
  journal={arXiv preprint arXiv:2406.11931},
  year={2024}
}

@article{devlin2018bert,
  title={Bert: Pre-training of deep bidirectional transformers for language understanding},
  author={Devlin, Jacob},
  journal={arXiv preprint arXiv:1810.04805},
  year={2018}
}

@article{wei2023magicoder,
  title={Magicoder: Source code is all you need},
  author={Wei, Yuxiang and Wang, Zhe and Liu, Jiawei and Ding, Yifeng and Zhang, Lingming},
  journal={arXiv preprint arXiv:2312.02120},
  year={2023}
}

@article{nijkamp2023codegen2,
  title={Codegen2: Lessons for training llms on programming and natural languages},
  author={Nijkamp, Erik and Hayashi, Hiroaki and Xiong, Caiming and Savarese, Silvio and Zhou, Yingbo},
  journal={arXiv preprint arXiv:2305.02309},
  year={2023}
}

@inproceedings{duanmuxserve,
  title={MuxServe: Flexible Spatial-Temporal Multiplexing for Multiple LLM Serving},
  author={Duan, Jiangfei and Lu, Runyu and Duanmu, Haojie and Li, Xiuhong and Zhang, Xingcheng and Lin, Dahua and Stoica, Ion and Zhang, Hao},
  booktitle={Forty-first International Conference on Machine Learning}
}

@article{sun2024llumnix,
  title={Llumnix: Dynamic Scheduling for Large Language Model Serving},
  author={Sun, Biao and Huang, Ziming and Zhao, Hanyu and Xiao, Wencong and Zhang, Xinyi and Li, Yong and Lin, Wei},
  journal={arXiv preprint arXiv:2406.03243},
  year={2024}
}

@article{rein2023gpqa,
  title={Gpqa: A graduate-level google-proof q\&a benchmark},
  author={Rein, David and Hou, Betty Li and Stickland, Asa Cooper and Petty, Jackson and Pang, Richard Yuanzhe and Dirani, Julien and Michael, Julian and Bowman, Samuel R},
  journal={arXiv preprint arXiv:2311.12022},
  year={2023}
}

@article{hu2024inference,
  title={Inference without interference: Disaggregate llm inference for mixed downstream workloads},
  author={Hu, Cunchen and Huang, Heyang and Xu, Liangliang and Chen, Xusheng and Xu, Jiang and Chen, Shuang and Feng, Hao and Wang, Chenxi and Wang, Sa and Bao, Yungang and others},
  journal={arXiv preprint arXiv:2401.11181},
  year={2024}
}

@article{stojkovic2024dynamollm,
  title={Dynamollm: Designing llm inference clusters for performance and energy efficiency},
  author={Stojkovic, Jovan and Zhang, Chaojie and Goiri, {\'I}{\~n}igo and Torrellas, Josep and Choukse, Esha},
  journal={arXiv preprint arXiv:2408.00741},
  year={2024}
}

@article{achiam2023gpt,
  title={Gpt-4 Technical Report},
  author={Achiam, Josh and Adler, Steven and Agarwal, Sandhini and Ahmad, Lama and Akkaya, Ilge and Aleman, Florencia Leoni and Almeida, Diogo and Altenschmidt, Janko and Altman, Sam and Anadkat, Shyamal and others},
  journal={arXiv preprint:2303.08774 (OpenAI Technical Report)},
  year={2023}
}

@article{team2023gemini,
  title={Gemini: a family of highly capable multimodal models},
  author={Team, Gemini and Anil, Rohan and Borgeaud, Sebastian and Alayrac, Jean-Baptiste and Yu, Jiahui and Soricut, Radu and Schalkwyk, Johan and Dai, Andrew M and Hauth, Anja and Millican, Katie and others},
  journal={arXiv preprint arXiv:2312.11805},
  year={2023}
}

@article{guo2025deepseek,
  title={Deepseek-r1: Incentivizing reasoning capability in llms via reinforcement learning},
  author={Guo, Daya and Yang, Dejian and Zhang, Haowei and Song, Junxiao and Zhang, Ruoyu and Xu, Runxin and Zhu, Qihao and Ma, Shirong and Wang, Peiyi and Bi, Xiao and others},
  journal={arXiv preprint arXiv:2501.12948},
  year={2025}
}

@article{qwen2,
  title={Qwen2 Technical Report}, 
  author={An Yang and Baosong Yang and Binyuan Hui and Bo Zheng and Bowen Yu and Chang Zhou and Chengpeng Li and Chengyuan Li and Dayiheng Liu and Fei Huang and Guanting Dong and Haoran Wei and Huan Lin and Jialong Tang and Jialin Wang and Jian Yang and Jianhong Tu and Jianwei Zhang and Jianxin Ma and Jin Xu and Jingren Zhou and Jinze Bai and Jinzheng He and Junyang Lin and Kai Dang and Keming Lu and Keqin Chen and Kexin Yang and Mei Li and Mingfeng Xue and Na Ni and Pei Zhang and Peng Wang and Ru Peng and Rui Men and Ruize Gao and Runji Lin and Shijie Wang and Shuai Bai and Sinan Tan and Tianhang Zhu and Tianhao Li and Tianyu Liu and Wenbin Ge and Xiaodong Deng and Xiaohuan Zhou and Xingzhang Ren and Xinyu Zhang and Xipin Wei and Xuancheng Ren and Yang Fan and Yang Yao and Yichang Zhang and Yu Wan and Yunfei Chu and Yuqiong Liu and Zeyu Cui and Zhenru Zhang and Zhihao Fan},
  journal={arXiv preprint arXiv:2407.10671 (Qwen Team Tech Report)},
  year={2024}
}

@article{dubey2024llama,
  title={The llama 3 herd of models},
  author={Dubey, Abhimanyu and Jauhri, Abhinav and Pandey, Abhinav and Kadian, Abhishek and Al-Dahle, Ahmad and Letman, Aiesha and Mathur, Akhil and Schelten, Alan and Yang, Amy and Fan, Angela and others},
  journal={arXiv preprint arXiv:2407.21783 (Meta AI Technical Report)},
  year={2024}
}