@misc{bootlint,
        Author = {"Unknown"},
	Date-Added = {2018-09-29},
	Date-Modified = {2018-09-29},
	Howpublished = {"\url{https://github.com/twbs/bootlint}"},
	Title = {Bootlint},
	Url = {https://github.com/twbs/bootlint},
	Bdsk-Url-1 = {https://github.com/twbs/bootlint}}

@inproceedings{christakis16,
	Author = {M. Christakis and C. Bird},
	Booktitle = {2016 31st IEEE/ACM International Conference on Automated Software Engineering (ASE)},
	Date-Modified = {2018-09-29 13:15:40 -0400},
	Keywords = {program diagnostics;software engineering;high quality program analysis tools;multimethod investigation;functionality developers;software developers;code issues;Microsoft software services;software defect analysis;Software;Security;Interviews;Companies;Ecosystems;Software engineering;Pain;program analysis;code defects},
	Month = {Sept},
	Pages = {332-343},
	Title = {What developers want and need from program analysis: An empirical study},
	Year = {2016}}

@misc{eslint,
        Author =  {"Unknown"},
	Date-Added = {2018-09-30},
	Date-Modified = {2018-09-30},
	Howpublished = {"\url{https://eslint.org/}"},
	Title = {ESLint},
	Url = {https://eslint.org/},
	Bdsk-Url-1 = {https://eslint.org/}}

