@article{2000Direct,
	title={Direct cortical control of muscle activation in voluntary arm movements: a model.},
	author={ Todorov, E },
	journal={Nature Neuroscience},
	volume={3},
	number={4},
	pages={391-398},
	year={2000},
}

@article{2013Preference,
	title={Preference Distributions of Primary Motor Cortex Neurons Reflect Control Solutions Optimized for Limb Biomechanics},
	author={ Lillicrap, Timothy P  and  Scott, Stephen H },
	journal={Neuron},
	volume={77},
	number={1},
	pages={168-179},
	year={2013},
}

@article{2015A,
	title={A neural network that finds a naturalistic solution for the production of muscle activity},
	author={ Sussillo, David  and  Churchland, Mark M  and  Kaufman, Matthew T  and  Shenoy, Krishna V },
	journal={Nature Neuroscience},
	volume={18},
	number={7},
	pages={1025-1033},
	year={2015},
}

@article{2020A,
	title={A goal-driven modular neural network predicts parietofrontal neural dynamics during grasping},
	author={ Michaels, Jonathan A.  and  Schaffelhofer, Stefan  and  Agudelo-Toro, Andres  and  Scherberger, Hansjrg },
	journal={Proceedings of the National Academy of Sciences},
	volume={117},
	number={50},
	pages={202005087},
	year={2020},
}

@article{J2020Reproducing,
	title={Reproducing Five Motor Behaviors in a Salamander Robot With Virtual Muscles and a Distributed CPG Controller Regulated by Drive Signals and Proprioceptive Feedback},
	author={Jérémie Knüsel and  Crespi, Alessandro  and  Cabelguen, Jean Marie  and  Ijspeert, Auke J.  and  Ryczko, Dimitri },
	journal={Frontiers in Neurorobotics},
	volume={14},
	year={2020},
}

@article{bakhtiari2021functional,
	title={The functional specialization of visual cortex emerges from training parallel pathways with self-supervised predictive learning},
	author={Bakhtiari, Shahab and Mineault, Patrick and Lillicrap, Timothy and Pack, Christopher and Richards, Blake},
	journal={Advances in Neural Information Processing Systems},
	volume={34},
	pages={25164--25178},
	year={2021}
}

@article{banino2018vector,
	title={Vector-based navigation using grid-like representations in artificial agents},
	author={Banino, Andrea and Barry, Caswell and Uria, Benigno and Blundell, Charles and Lillicrap, Timothy and Mirowski, Piotr and Pritzel, Alexander and Chadwick, Martin J and Degris, Thomas and Modayil, Joseph and others},
	journal={Nature},
	volume={557},
	number={7705},
	pages={429--433},
	year={2018},
	publisher={Nature Publishing Group UK London}
}

@article{bashivan2018neural,
	title={Neural population control via deep ann image synthesis},
	author={Bashivan, Pouya and Kar, Kohitij and DiCarlo, James J},
	journal={Cognitive Computational Neuroscience},
	year={2018}
}

@article{cadieu2014deep,
   author = {Cadieu, Charles F and Hong, Ha and Yamins, Daniel LK and Pinto, Nicolas and Ardila, Diego and Solomon, Ethan A and Majaj, Najib J and DiCarlo, James J},
   title = {Deep neural networks rival the representation of primate IT cortex for core visual object recognition},
   journal = {PLoS Comput Biol},
   volume = {10},
   number = {12},
   pages = {e1003963},
   ISSN = {1553-7358},
   year = {2014},
   type = {Journal Article}
}

@article{cueva2018emergence,
	title={Emergence of grid-like representations by training recurrent neural networks to perform spatial localization},
	author={Cueva, Christopher J and Wei, Xue-Xin},
	journal={arXiv preprint arXiv:1803.07770},
	year={2018}
}

@article{grillner2007modeling,
	title={Modeling a vertebrate motor system: pattern generation, steering and control of body orientation},
	author={Grillner, Sten and Kozlov, Alexander and Dario, Paolo and Stefanini, Cesare and Menciassi, Arianna and Lansner, Anders and Kotaleski, Jeanette Hellgren},
	journal={Progress in brain research},
	volume={165},
	pages={221--234},
	year={2007},
	publisher={Elsevier}
}

@article{gucclu2017increasingly,
	title={Increasingly complex representations of natural movies across the dorsal stream are shared between subjects},
	author={G{\"u}{\c{c}}l{\"u}, Umut and van Gerven, Marcel AJ},
	journal={NeuroImage},
	volume={145},
	pages={329--336},
	year={2017},
	publisher={Elsevier}
}

@article{haesemeyer2019convergent,
	title={Convergent temperature representations in artificial and biological neural networks},
	author={Haesemeyer, Martin and Schier, Alexander F and Engert, Florian},
	journal={Neuron},
	volume={103},
	number={6},
	pages={1123--1134},
	year={2019},
	publisher={Elsevier}
}

@article{hassabis2017neuroscience,
	title={Neuroscience-inspired artificial intelligence},
	author={Hassabis, Demis and Kumaran, Dharshan and Summerfield, Christopher and Botvinick, Matthew},
	journal={Neuron},
	volume={95},
	number={2},
	pages={245--258},
	year={2017},
	publisher={Elsevier}
}

@article{hauser2003evolution,
	title={The evolution of the music faculty: A comparative perspective},
	author={Hauser, Marc D and McDermott, Josh},
	journal={Nature neuroscience},
	volume={6},
	number={7},
	pages={663--668},
	year={2003},
	publisher={Nature Publishing Group US New York}
}

@article{higgins2021unsupervised,
	title={Unsupervised deep learning identifies semantic disentanglement in single inferotemporal face patch neurons},
	author={Higgins, Irina and Chang, Le and Langston, Victoria and Hassabis, Demis and Summerfield, Christopher and Tsao, Doris and Botvinick, Matthew},
	journal={Nature communications},
	volume={12},
	number={1},
	pages={6456},
	year={2021},
	publisher={Nature Publishing Group UK London}
}

@misc{honing2015without,
	title={Without it no music: cognition, biology and evolution of musicality},
	author={Honing, Henkjan and ten Cate, Carel and Peretz, Isabelle and Trehub, Sandra E},
	journal={Philosophical Transactions of the Royal Society B: Biological Sciences},
	volume={370},
	number={1664},
	pages={20140088},
	year={2015},
	publisher={The Royal Society}
}

@article{ijspeert2007swimming,
	title={From swimming to walking with a salamander robot driven by a spinal cord model},
	author={Ijspeert, Auke Jan and Crespi, Alessandro and Ryczko, Dimitri and Cabelguen, Jean-Marie},
	journal={science},
	volume={315},
	number={5817},
	pages={1416--1420},
	year={2007},
	publisher={American Association for the Advancement of Science}
}

@article{kell2018task,
	title={A task-optimized neural network replicates human auditory behavior, predicts brain responses, and reveals a cortical processing hierarchy},
	author={Kell, Alexander JE and Yamins, Daniel LK and Shook, Erica N and Norman-Haignere, Sam V and McDermott, Josh H},
	journal={Neuron},
	volume={98},
	number={3},
	pages={630--644},
	year={2018},
	publisher={Elsevier}
}

@article{kell2019deep,
	title={Deep neural network models of sensory systems: windows onto the role of task constraints},
	author={Kell, Alexander JE and McDermott, Josh H},
	journal={Current opinion in neurobiology},
	volume={55},
	pages={121--132},
	year={2019},
	publisher={Elsevier}
}

@article{mante2013context,
	title={Context-dependent computation by recurrent dynamics in prefrontal cortex},
	author={Mante, Valerio and Sussillo, David and Shenoy, Krishna V and Newsome, William T},
	journal={nature},
	volume={503},
	number={7474},
	pages={78--84},
	year={2013},
	publisher={Nature Publishing Group UK London}
}

@article{mineault2021your,
	title={Your head is there to move you around: Goal-driven models of the primate dorsal pathway},
	author={Mineault, Patrick and Bakhtiari, Shahab and Richards, Blake and Pack, Christopher},
	journal={Advances in Neural Information Processing Systems},
	volume={34},
	pages={28757--28771},
	year={2021}
}

@article{mlynarski2019ecological,
	title={Ecological origins of perceptual grouping principles in the auditory system},
	author={M{\l}ynarski, Wiktor and McDermott, Josh H},
	journal={Proceedings of the National Academy of Sciences},
	volume={116},
	number={50},
	pages={25355--25364},
	year={2019},
	publisher={National Acad Sciences}
}

@article{nakai2022music,
	title={Music genre neuroimaging dataset},
	author={Nakai, Tomoya and Koide-Majima, Naoko and Nishimoto, Shinji},
	journal={Data in Brief},
	volume={40},
	pages={107675},
	year={2022},
	publisher={Elsevier}
}

@article{richards2019deep,
	title={A deep learning framework for neuroscience},
	author={Richards, Blake A and Lillicrap, Timothy P and Beaudoin, Philippe and Bengio, Yoshua and Bogacz, Rafal and Christensen, Amelia and Clopath, Claudia and Costa, Rui Ponte and de Berker, Archy and Ganguli, Surya and others},
	journal={Nature neuroscience},
	volume={22},
	number={11},
	pages={1761--1770},
	year={2019},
	publisher={Nature Publishing Group US New York}
}

@article{rideaux2020but,
	title={But still it moves: static image statistics underlie how we see motion},
	author={Rideaux, Reuben and Welchman, Andrew E},
	journal={Journal of Neuroscience},
	volume={40},
	number={12},
	pages={2538--2552},
	year={2020},
	publisher={Soc Neuroscience}
}

@article{saxe2021if,
	title={If deep learning is the answer, what is the question?},
	author={Saxe, Andrew and Nelli, Stephanie and Summerfield, Christopher},
	journal={Nature Reviews Neuroscience},
	volume={22},
	number={1},
	pages={55--67},
	year={2021},
	publisher={Nature Publishing Group UK London}
}

@article{schrimpf2020integrative,
	title={Integrative Benchmarking to Advance Neurally Mechanistic Models of Human Intelligence},
	author={Schrimpf, Martin and Kubilius, Jonas and Lee, J Michael and Murty, Apurva Ratan N and Ajemian, Robert and DiCarlo, J James},
	journal={Neuron},
	pages={413--423},
	year={2020}
}

@article{singh2023emergent,
	title={Emergent behaviour and neural dynamics in artificial agents tracking odour plumes},
	author={Singh, Satpreet H and van Breugel, Floris and Rao, Rajesh PN and Brunton, Bingni W},
	journal={Nature machine intelligence},
	volume={5},
	number={1},
	pages={58--70},
	year={2023},
	publisher={Nature Publishing Group UK London}
}

@article{trainor2015origins,
	title={The origins of music in auditory scene analysis and the roles of evolution and culture in musical creation},
	author={Trainor, Laurel J},
	journal={Philosophical Transactions of the Royal Society B: Biological Sciences},
	volume={370},
	number={1664},
	pages={20140089},
	year={2015},
	publisher={The Royal Society}
}

@article{wang2021evolving,
	title={Evolving the olfactory system with machine learning},
	author={Wang, Peter Y and Sun, Yi and Axel, Richard and Abbott, LF and Yang, Guangyu Robert},
	journal={Neuron},
	volume={109},
	number={23},
	pages={3879--3892},
	year={2021},
	publisher={Elsevier}
}

@article{yamins2014performance,
   author = {Yamins, Daniel LK and Hong, Ha and Cadieu, Charles F and Solomon, Ethan A and Seibert, Darren and DiCarlo, James J},
   title = {Performance-optimized hierarchical models predict neural responses in higher visual cortex},
   journal = {Proceedings of the National Academy of Sciences},
   volume = {111},
   number = {23},
   pages = {8619-8624},
   ISSN = {0027-8424},
   year = {2014},
   type = {Journal Article}
}

