

@article{park2020circuit,
	title={A circuit model of auditory cortex},
	author={Park, Youngmin and Geffen, Maria N},
	journal={PLoS Computational Biology},
	volume={16},
	number={7},
	pages={e1008016},
	year={2020},
	publisher={Public Library of Science San Francisco, CA USA}
}

@article{hu2021neuroscience,
	title={Neuroscience and network dynamics toward brain-inspired intelligence},
	author={Hu, Bin and Guan, Zhi-Hong and Chen, Guanrong and Chen, CL Philip},
	journal={IEEE Transactions on Cybernetics},
	volume={52},
	number={10},
	pages={10214--10227},
	year={2021},
	publisher={IEEE}
}

@article{wang2021memristive,
	title={Memristive circuit design of brain-like emotional learning and generation},
	author={Wang, Zilu and Wang, Xiaoping and Zeng, Zhigang},
	journal={IEEE Transactions on Cybernetics},
	volume={53},
	number={1},
	pages={222--235},
	year={2021},
	publisher={IEEE}
}

@article{thompson2021training,
	title={Training neural networks to recognize speech increased their correspondence to the human auditory pathway but did not yield a shared hierarchy of acoustic features},
	author={Thompson, Jessica AF and Bengio, Yoshua and Formisano, Elia and Sch{\"o}nwiesner, Marc},
	journal={BioRxiv},
	pages={2021--01},
	year={2021},
	publisher={Cold Spring Harbor Laboratory}
}

@inproceedings{nakai2018encoding,
	title={Encoding and decoding of music-genre representations in the human brain},
	author={Nakai, Tomoya and Koide-Majima, Naoko and Nishimoto, Shinji},
	booktitle={2018 IEEE International Conference on Systems, Man, and Cybernetics (SMC)},
	pages={584--589},
	year={2018},
	organization={IEEE}
}

@article{kim2024spontaneous,
	title={Spontaneous emergence of rudimentary music detectors in deep neural networks},
	author={Kim, Gwangsu and Kim, Dong-Kyum and Jeong, Hawoong},
	journal={Nature Communications},
	volume={15},
	number={1},
	pages={148},
	year={2024},
	publisher={Nature Publishing Group UK London}
}

@article{nakai2021correspondence,
	title={Correspondence of categorical and feature-based representations of music in the human brain},
	author={Nakai, Tomoya and Koide-Majima, Naoko and Nishimoto, Shinji},
	journal={Brain and behavior},
	volume={11},
	number={1},
	pages={e01936},
	year={2021},
	publisher={Wiley Online Library}
}

@article{jastrzkebski2017residual,
	title={Residual connections encourage iterative inference},
	author={Jastrzebski, Stanis{\l}aw and Arpit, Devansh and Ballas, Nicolas and Verma, Vikas and Che, Tong and Bengio, Yoshua},
	journal={arXiv preprint arXiv:1710.04773},
	year={2017}
}

@article{ioffe2015batch,
	title={Batch normalization: Accelerating deep network training by reducing internal covariate shift},
	author={Ioffe, Sergey},
	journal={arXiv preprint arXiv:1502.03167},
	year={2015}
}

@article{paszke2019pytorch,
	title={Pytorch: An imperative style, high-performance deep learning library},
	author={Paszke, Adam and Gross, Sam and Massa, Francisco and Lerer, Adam and Bradbury, James and Chanan, Gregory and Killeen, Trevor and Lin, Zeming and Gimelshein, Natalia and Antiga, Luca and others},
	journal={Advances in neural information processing systems},
	volume={32},
	year={2019}
}

@inproceedings{lartillot2008matlab,
	title={A matlab toolbox for music information retrieval},
	author={Lartillot, Olivier and Toiviainen, Petri and Eerola, Tuomas},
	booktitle={Data Analysis, Machine Learning and Applications: Proceedings of the 31st Annual Conference of the Gesellschaft f{\"u}r Klassifikation eV, Albert-Ludwigs-Universit{\"a}t Freiburg, March 7--9, 2007},
	pages={261--268},
	year={2008},
	organization={Springer}
}

@article{mlynarski2019ecological,
	title={Ecological origins of perceptual grouping principles in the auditory system},
	author={M{\l}ynarski, Wiktor and McDermott, Josh H},
	journal={Proceedings of the National Academy of Sciences},
	volume={116},
	number={50},
	pages={25355--25364},
	year={2019},
	publisher={National Acad Sciences}
}

@misc{honing2015without,
	title={Without it no music: cognition, biology and evolution of musicality},
	author={Honing, Henkjan and ten Cate, Carel and Peretz, Isabelle and Trehub, Sandra E},
	journal={Philosophical Transactions of the Royal Society B: Biological Sciences},
	volume={370},
	number={1664},
	pages={20140088},
	year={2015},
	publisher={The Royal Society}
}

@article{trainor2015origins,
	title={The origins of music in auditory scene analysis and the roles of evolution and culture in musical creation},
	author={Trainor, Laurel J},
	journal={Philosophical Transactions of the Royal Society B: Biological Sciences},
	volume={370},
	number={1664},
	pages={20140089},
	year={2015},
	publisher={The Royal Society}
}

@article{hauser2003evolution,
	title={The evolution of the music faculty: A comparative perspective},
	author={Hauser, Marc D and McDermott, Josh},
	journal={Nature neuroscience},
	volume={6},
	number={7},
	pages={663--668},
	year={2003},
	publisher={Nature Publishing Group US New York}
}

@article{kell2018task,
	title={A task-optimized neural network replicates human auditory behavior, predicts brain responses, and reveals a cortical processing hierarchy},
	author={Kell, Alexander JE and Yamins, Daniel LK and Shook, Erica N and Norman-Haignere, Sam V and McDermott, Josh H},
	journal={Neuron},
	volume={98},
	number={3},
	pages={630--644},
	year={2018},
	publisher={Elsevier}
}

@article{bashivan2018neural,
	title={Neural population control via deep ann image synthesis},
	author={Bashivan, Pouya and Kar, Kohitij and DiCarlo, James J},
	journal={Cognitive Computational Neuroscience},
	year={2018}
}

@article{yamins2014performance,
	title={Performance-optimized hierarchical models predict neural responses in higher visual cortex},
	author={Yamins, Daniel LK and Hong, Ha and Cadieu, Charles F and Solomon, Ethan A and Seibert, Darren and DiCarlo, James J},
	journal={Proceedings of the national academy of sciences},
	volume={111},
	number={23},
	pages={8619--8624},
	year={2014},
	publisher={National Acad Sciences}
}

@article{cadieu2014deep,
	title={Deep neural networks rival the representation of primate IT cortex for core visual object recognition},
	author={Cadieu, Charles F and Hong, Ha and Yamins, Daniel LK and Pinto, Nicolas and Ardila, Diego and Solomon, Ethan A and Majaj, Najib J and DiCarlo, James J},
	journal={PLoS computational biology},
	volume={10},
	number={12},
	pages={e1003963},
	year={2014},
	publisher={Public Library of Science San Francisco, USA}
}

@article{saxe2021if,
	title={If deep learning is the answer, what is the question?},
	author={Saxe, Andrew and Nelli, Stephanie and Summerfield, Christopher},
	journal={Nature Reviews Neuroscience},
	volume={22},
	number={1},
	pages={55--67},
	year={2021},
	publisher={Nature Publishing Group UK London}
}

@article{kell2019deep,
	title={Deep neural network models of sensory systems: windows onto the role of task constraints},
	author={Kell, Alexander JE and McDermott, Josh H},
	journal={Current opinion in neurobiology},
	volume={55},
	pages={121--132},
	year={2019},
	publisher={Elsevier}
}

@article{hassabis2017neuroscience,
	title={Neuroscience-inspired artificial intelligence},
	author={Hassabis, Demis and Kumaran, Dharshan and Summerfield, Christopher and Botvinick, Matthew},
	journal={Neuron},
	volume={95},
	number={2},
	pages={245--258},
	year={2017},
	publisher={Elsevier}
}

@article{richards2019deep,
	title={A deep learning framework for neuroscience},
	author={Richards, Blake A and Lillicrap, Timothy P and Beaudoin, Philippe and Bengio, Yoshua and Bogacz, Rafal and Christensen, Amelia and Clopath, Claudia and Costa, Rui Ponte and de Berker, Archy and Ganguli, Surya and others},
	journal={Nature neuroscience},
	volume={22},
	number={11},
	pages={1761--1770},
	year={2019},
	publisher={Nature Publishing Group US New York}
}

@article{2015A,
	title={A neural network that finds a naturalistic solution for the production of muscle activity},
	author={ Sussillo, David  and  Churchland, Mark M  and  Kaufman, Matthew T  and  Shenoy, Krishna V },
	journal={Nature Neuroscience},
	volume={18},
	number={7},
	pages={1025-1033},
	year={2015},
}

@article{2020A,
	title={A goal-driven modular neural network predicts parietofrontal neural dynamics during grasping},
	author={ Michaels, Jonathan A.  and  Schaffelhofer, Stefan  and  Agudelo-Toro, Andres  and  Scherberger, Hansjrg },
	journal={Proceedings of the National Academy of Sciences},
	volume={117},
	number={50},
	pages={202005087},
	year={2020},
}

@article{2000Direct,
	title={Direct cortical control of muscle activation in voluntary arm movements: a model.},
	author={ Todorov, E },
	journal={Nature Neuroscience},
	volume={3},
	number={4},
	pages={391-398},
	year={2000},
}

@article{2013Preference,
	title={Preference Distributions of Primary Motor Cortex Neurons Reflect Control Solutions Optimized for Limb Biomechanics},
	author={ Lillicrap, Timothy P  and  Scott, Stephen H },
	journal={Neuron},
	volume={77},
	number={1},
	pages={168-179},
	year={2013},
}

@article{J2020Reproducing,
	title={Reproducing Five Motor Behaviors in a Salamander Robot With Virtual Muscles and a Distributed CPG Controller Regulated by Drive Signals and Proprioceptive Feedback},
	author={Jérémie Knüsel and  Crespi, Alessandro  and  Cabelguen, Jean Marie  and  Ijspeert, Auke J.  and  Ryczko, Dimitri },
	journal={Frontiers in Neurorobotics},
	volume={14},
	year={2020},
}

@article{grillner2007modeling,
	title={Modeling a vertebrate motor system: pattern generation, steering and control of body orientation},
	author={Grillner, Sten and Kozlov, Alexander and Dario, Paolo and Stefanini, Cesare and Menciassi, Arianna and Lansner, Anders and Kotaleski, Jeanette Hellgren},
	journal={Progress in brain research},
	volume={165},
	pages={221--234},
	year={2007},
	publisher={Elsevier}
}

@article{ijspeert2007swimming,
	title={From swimming to walking with a salamander robot driven by a spinal cord model},
	author={Ijspeert, Auke Jan and Crespi, Alessandro and Ryczko, Dimitri and Cabelguen, Jean-Marie},
	journal={science},
	volume={315},
	number={5817},
	pages={1416--1420},
	year={2007},
	publisher={American Association for the Advancement of Science}
}

@article{cueva2018emergence,
	title={Emergence of grid-like representations by training recurrent neural networks to perform spatial localization},
	author={Cueva, Christopher J and Wei, Xue-Xin},
	journal={arXiv preprint arXiv:1803.07770},
	year={2018}
}

@article{banino2018vector,
	title={Vector-based navigation using grid-like representations in artificial agents},
	author={Banino, Andrea and Barry, Caswell and Uria, Benigno and Blundell, Charles and Lillicrap, Timothy and Mirowski, Piotr and Pritzel, Alexander and Chadwick, Martin J and Degris, Thomas and Modayil, Joseph and others},
	journal={Nature},
	volume={557},
	number={7705},
	pages={429--433},
	year={2018},
	publisher={Nature Publishing Group UK London}
}

@article{higgins2021unsupervised,
	title={Unsupervised deep learning identifies semantic disentanglement in single inferotemporal face patch neurons},
	author={Higgins, Irina and Chang, Le and Langston, Victoria and Hassabis, Demis and Summerfield, Christopher and Tsao, Doris and Botvinick, Matthew},
	journal={Nature communications},
	volume={12},
	number={1},
	pages={6456},
	year={2021},
	publisher={Nature Publishing Group UK London}
}

@article{mante2013context,
	title={Context-dependent computation by recurrent dynamics in prefrontal cortex},
	author={Mante, Valerio and Sussillo, David and Shenoy, Krishna V and Newsome, William T},
	journal={nature},
	volume={503},
	number={7474},
	pages={78--84},
	year={2013},
	publisher={Nature Publishing Group UK London}
}

@article{haesemeyer2019convergent,
	title={Convergent temperature representations in artificial and biological neural networks},
	author={Haesemeyer, Martin and Schier, Alexander F and Engert, Florian},
	journal={Neuron},
	volume={103},
	number={6},
	pages={1123--1134},
	year={2019},
	publisher={Elsevier}
}

@article{singh2023emergent,
	title={Emergent behaviour and neural dynamics in artificial agents tracking odour plumes},
	author={Singh, Satpreet H and van Breugel, Floris and Rao, Rajesh PN and Brunton, Bingni W},
	journal={Nature machine intelligence},
	volume={5},
	number={1},
	pages={58--70},
	year={2023},
	publisher={Nature Publishing Group UK London}
}

@article{wang2021evolving,
	title={Evolving the olfactory system with machine learning},
	author={Wang, Peter Y and Sun, Yi and Axel, Richard and Abbott, LF and Yang, Guangyu Robert},
	journal={Neuron},
	volume={109},
	number={23},
	pages={3879--3892},
	year={2021},
	publisher={Elsevier}
}

@article{kell2018task,
	title={A task-optimized neural network replicates human auditory behavior, predicts brain responses, and reveals a cortical processing hierarchy},
	author={Kell, Alexander JE and Yamins, Daniel LK and Shook, Erica N and Norman-Haignere, Sam V and McDermott, Josh H},
	journal={Neuron},
	volume={98},
	number={3},
	pages={630--644},
	year={2018},
	publisher={Elsevier}
}

@article{bakhtiari2021functional,
	title={The functional specialization of visual cortex emerges from training parallel pathways with self-supervised predictive learning},
	author={Bakhtiari, Shahab and Mineault, Patrick and Lillicrap, Timothy and Pack, Christopher and Richards, Blake},
	journal={Advances in Neural Information Processing Systems},
	volume={34},
	pages={25164--25178},
	year={2021}
}

@article{mineault2021your,
	title={Your head is there to move you around: Goal-driven models of the primate dorsal pathway},
	author={Mineault, Patrick and Bakhtiari, Shahab and Richards, Blake and Pack, Christopher},
	journal={Advances in Neural Information Processing Systems},
	volume={34},
	pages={28757--28771},
	year={2021}
}

@article{gucclu2017increasingly,
	title={Increasingly complex representations of natural movies across the dorsal stream are shared between subjects},
	author={G{\"u}{\c{c}}l{\"u}, Umut and van Gerven, Marcel AJ},
	journal={NeuroImage},
	volume={145},
	pages={329--336},
	year={2017},
	publisher={Elsevier}
}

@article{rideaux2020but,
	title={But still it moves: static image statistics underlie how we see motion},
	author={Rideaux, Reuben and Welchman, Andrew E},
	journal={Journal of Neuroscience},
	volume={40},
	number={12},
	pages={2538--2552},
	year={2020},
	publisher={Soc Neuroscience}
}

@article{bendor2005neuronal,
	title={The neuronal representation of pitch in primate auditory cortex},
	author={Bendor, Daniel and Wang, Xiaoqin},
	journal={Nature},
	volume={436},
	number={7054},
	pages={1161--1165},
	year={2005},
	publisher={Nature Publishing Group UK London}
}

@book{rabiner2010theory,
	title={Theory and applications of digital speech processing},
	author={Rabiner, Lawrence and Schafer, Ronald},
	year={2010},
	publisher={Prentice Hall Press}
}

@article{nakai2022music,
	title={Music genre neuroimaging dataset},
	author={Nakai, Tomoya and Koide-Majima, Naoko and Nishimoto, Shinji},
	journal={Data in Brief},
	volume={40},
	pages={107675},
	year={2022},
	publisher={Elsevier}
}

@article{leaver2010cortical,
	title={Cortical representation of natural complex sounds: effects of acoustic features and auditory object category},
	author={Leaver, Amber M and Rauschecker, Josef P},
	journal={Journal of Neuroscience},
	volume={30},
	number={22},
	pages={7604--7612},
	year={2010},
	publisher={Soc Neuroscience}
}

@article{kell2018task,
	title={A task-optimized neural network replicates human auditory behavior, predicts brain responses, and reveals a cortical processing hierarchy},
	author={Kell, Alexander JE and Yamins, Daniel LK and Shook, Erica N and Norman-Haignere, Sam V and McDermott, Josh H},
	journal={Neuron},
	volume={98},
	number={3},
	pages={630--644},
	year={2018},
	publisher={Elsevier}
}

@article{smith2018small,
	title={Small is beautiful: In defense of the small-N design},
	author={Smith, Philip L and Little, Daniel R},
	journal={Psychonomic bulletin \& review},
	volume={25},
	number={6},
	pages={2083--2101},
	year={2018},
	publisher={Springer}
}

@article{santoro2017reconstructing,
	title={Reconstructing the spectrotemporal modulations of real-life sounds from fMRI response patterns},
	author={Santoro, Roberta and Moerel, Michelle and De Martino, Federico and Valente, Giancarlo and Ugurbil, Kamil and Yacoub, Essa and Formisano, Elia},
	journal={Proceedings of the National Academy of Sciences},
	volume={114},
	number={18},
	pages={4799--4804},
	year={2017},
	publisher={National Acad Sciences}
}

@article{chi2005multiresolution,
	title={Multiresolution spectrotemporal analysis of complex sounds},
	author={Chi, Taishih and Ru, Powen and Shamma, Shihab A},
	journal={The Journal of the Acoustical Society of America},
	volume={118},
	number={2},
	pages={887--906},
	year={2005},
	publisher={Acoustical Society of America}
}

@article{de2017hierarchical,
	title={The hierarchical cortical organization of human speech processing},
	author={de Heer, Wendy A and Huth, Alexander G and Griffiths, Thomas L and Gallant, Jack L and Theunissen, Fr{\'e}d{\'e}ric E},
	journal={Journal of Neuroscience},
	volume={37},
	number={27},
	pages={6539--6557},
	year={2017},
	publisher={Soc Neuroscience}
}

@article{toiviainen2014capturing,
	title={Capturing the musical brain with Lasso: Dynamic decoding of musical features from fMRI data},
	author={Toiviainen, Petri and Alluri, Vinoo and Brattico, Elvira and Wallentin, Mikkel and Vuust, Peter},
	journal={Neuroimage},
	volume={88},
	pages={170--180},
	year={2014},
	publisher={Elsevier}
}

@article{gucclu2016brains,
	title={Brains on beats},
	author={G{\"u}{\c{c}}l{\"u}, Umut and Thielen, Jordy and Hanke, Michael and Van Gerven, Marcel},
	journal={Advances in Neural Information Processing Systems},
	volume={29},
	year={2016}
}

@article{alluri2012large,
	title={Large-scale brain networks emerge from dynamic processing of musical timbre, key and rhythm},
	author={Alluri, Vinoo and Toiviainen, Petri and J{\"a}{\"a}skel{\"a}inen, Iiro P and Glerean, Enrico and Sams, Mikko and Brattico, Elvira},
	journal={Neuroimage},
	volume={59},
	number={4},
	pages={3677--3689},
	year={2012},
	publisher={Elsevier}
}

@article{sengupta2018spatial,
	title={Spatial band-pass filtering aids decoding musical genres from auditory cortex 7T fMRI},
	author={Sengupta, Ayan and Pollmann, Stefan and Hanke, Michael},
	journal={F1000Research},
	volume={7},
	year={2018},
	publisher={Faculty of 1000 Ltd}
}

@article{casey2017music,
	title={Music of the 7Ts: Predicting and decoding multivoxel fMRI responses with acoustic, schematic, and categorical music features},
	author={Casey, Michael A},
	journal={Frontiers in psychology},
	volume={8},
	pages={1179},
	year={2017},
	publisher={Frontiers}
}

@inproceedings{ghaemmaghami2016brain,
	title={Brain and music: Music genre classification using brain signals},
	author={Ghaemmaghami, Pouya and Sebe, Nicu},
	booktitle={2016 24th European Signal Processing Conference (EUSIPCO)},
	pages={708--712},
	year={2016},
	organization={IEEE}
}

@article{patil2012music,
	title={Music In Our Ears: The Biological Bases Of Musical Timbre Perception},
	author={Patil, Kailash and Pressnitzer, Daniel and Shamma, Shihab and Elhilali, Mounya},
	journal={PLOS COMPUTATIONAL BIOLOGY},
	pages={e1002759--e1002759},
	year={2012}
}

@article{elliott2009the,
	title={The Modulation Transfer Function for Speech Intelligibility},
	author={Elliott, M. Taffeta and Theunissen, E. Frédéric},
	journal={PLoS Computational Biology},
	year={2009}
}

@article{norman2015distinct,
	title={Distinct cortical pathways for music and speech revealed by hypothesis-free voxel decomposition},
	author={Norman-Haignere, Sam and Kanwisher, Nancy G and McDermott, Josh H},
	journal={Neuron},
	volume={88},
	number={6},
	pages={1281--1296},
	year={2015},
	publisher={Elsevier}
}

@article{staeren2009sound,
	title={Sound categories are represented as distributed patterns in the human auditory cortex},
	author={Staeren, Noël and Renvall, Hanna and Martino, De Federico and Goebel, Rainer and Formisano, Elia},
	journal={Current Biology},
	pages={498--502},
	year={2009}
}


@article{santoro2014encoding,
	title={Encoding of natural sounds at multiple spectral and temporal resolutions in the human auditory cortex},
	author={Santoro, Roberta and Moerel, Michelle and De Martino, Federico and Goebel, Rainer and Ugurbil, Kamil and Yacoub, Essa and Formisano, Elia},
	journal={PLoS computational biology},
	volume={10},
	number={1},
	pages={e1003412},
	year={2014},
	publisher={Public Library of Science San Francisco, USA}
}

@article{leaver2016functional,
	title={Functional topography of human auditory cortex},
	author={Leaver, Amber M and Rauschecker, Josef P},
	journal={Journal of Neuroscience},
	volume={36},
	number={4},
	pages={1416--1428},
	year={2016},
	publisher={Soc Neuroscience}
}

@article{ahveninen2016intracortical,
	title={Intracortical depth analyses of frequency-sensitive regions of human auditory cortex using 7T fMRI},
	author={Ahveninen, Jyrki and Chang, Wei-Tang and Huang, Samantha and Keil, Boris and Kopco, Norbert and Rossi, Stephanie and Bonmassar, Giorgio and Witzel, Thomas and Polimeni, Jonathan R},
	journal={Neuroimage},
	volume={143},
	pages={116--127},
	year={2016},
	publisher={Elsevier}
}

@article{jang2008music,
	title={Music Genre Classification Using Novel Features And A Weighted Voting Method},
	author={Jang, Dalwon and Jin, Minho and Yoo, D. Chang},
	journal={2008 IEEE INTERNATIONAL CONFERENCE ON MULTIMEDIA AND EXPO, VOLS 1-4},
	pages={1377--1380},
	year={2008}
}

@article{nam2018deep,
	title={Deep learning for audio-based music classification and tagging: Teaching computers to distinguish rock from bach},
	author={Nam, Juhan and Choi, Keunwoo and Lee, Jongpil and Chou, Szu-Yu and Yang, Yi-Hsuan},
	journal={IEEE signal processing magazine},
	volume={36},
	number={1},
	pages={41--51},
	year={2018},
	publisher={IEEE}
}

@article{tzanetakis2002musical,
	title={Musical genre classification of audio signals},
	author={Tzanetakis, George and Cook, Perry},
	journal={IEEE Transactions on speech and audio processing},
	volume={10},
	number={5},
	pages={293--302},
	year={2002},
	publisher={IEEE}
}

@article{gao2015pycortex,
	title={Pycortex: an interactive surface visualizer for fMRI},
	author={Gao, S James and Huth, G Alexander and Lescroart, D Mark and Gallant, L Jack},
	journal={FRONTIERS IN NEUROINFORMATICS},
	pages={23--23},
	year={2015}
}

@article{benjamini1995controlling,
	title={Controlling the false discovery rate: a practical and powerful approach to multiple testing},
	author={Benjamini, Yoav and Hochberg, Yosef},
	journal={Journal of the Royal statistical society: series B (Methodological)},
	volume={57},
	number={1},
	pages={289--300},
	year={1995},
	publisher={Wiley Online Library}
}

@article{dale1999cortical,
	title={Cortical surface-based analysis: I. Segmentation and surface reconstruction},
	author={Dale, Anders M and Fischl, Bruce and Sereno, Martin I},
	journal={Neuroimage},
	volume={9},
	number={2},
	pages={179--194},
	year={1999},
	publisher={Elsevier}
}

@article{fischl1999cortical,
	title={Cortical surface-based analysis: II: inflation, flattening, and a surface-based coordinate system},
	author={Fischl, Bruce and Sereno, Martin I and Dale, Anders M},
	journal={Neuroimage},
	volume={9},
	number={2},
	pages={195--207},
	year={1999},
	publisher={Elsevier}
}

@article{nishimoto2011reconstructing,
	title={Reconstructing visual experiences from brain activity evoked by natural movies},
	author={Nishimoto, Shinji and Vu, An T and Naselaris, Thomas and Benjamini, Yuval and Yu, Bin and Gallant, Jack L},
	journal={Current biology},
	volume={21},
	number={19},
	pages={1641--1646},
	year={2011},
	publisher={Elsevier}
}




















@article{su2020improved,
	title={Improved recurrent neural network-based manipulator control with remote center of motion constraints: Experimental results},
	author={Su, Hang and Hu, Yingbai and Karimi, Hamid Reza and Knoll, Alois and Ferrigno, Giancarlo and De Momi, Elena},
	journal={Neural Networks},
	volume={131},
	pages={291--299},
	year={2020},
	publisher={Elsevier}
}

@article{luo2019teleoperation,
	title={A teleoperation framework for mobile robots based on shared control},
	author={Luo, Jing and Lin, Zhidong and Li, Yanan and Yang, Chenguang},
	journal={IEEE Robotics and Automation Letters},
	volume={5},
	number={2},
	pages={377--384},
	year={2019},
	publisher={IEEE}
}

@article{luo2021trajectory,
	title={Trajectory Online Adaption Based on Human Motion Prediction for Teleoperation},
	author={Luo, Jing and Huang, Darong and Li, Yanan and Yang, Chenguang},
	journal={IEEE Transactions on Automation Science and Engineering},
	year={2021},
	publisher={IEEE}
}

@article{su2020incremental,
	title={An incremental learning framework for human-like redundancy optimization of anthropomorphic manipulators},
	author={Su, Hang and Qi, Wen and Hu, Yingbai and Karimi, Hamid Reza and Ferrigno, Giancarlo and De Momi, Elena},
	journal={IEEE Transactions on Industrial Informatics},
	year={2020},
	publisher={IEEE}
}







@article{2014A,
	title={A high-resolution 7-Tesla fMRI dataset from complex natural stimulation with an audio movie},
	author={ Hanke, M.  and  Baumgartner, F. J.  and  Ibe, P.  and  Kaule, F. R.  and  Pollmann, S.  and  Speck, O.  and  Zinke, W.  and  Stadler, J. },
	journal={Scientific Data},
	volume={1},
	year={2014},
}

@article{2002Principal,
	title={Principal Component Analysis},
	author={ Jolliffe, I. T. },
	journal={Journal of Marketing Research},
	volume={87},
	number={4},
	pages={513},
	year={2002},
}

@article{1996A,
	title={A Density-Based Algorithm for Discovering Clusters in Large Spatial Databases with Noise},
	author={ Ester, M.  and  Kriegel, H. P.  and  Sander, Jrg  and  Xu, X. },
	journal={AAAI Press},
	year={1996},
}

@article{yin2020deep,
	title={Deep learning for brain disorder diagnosis based on fMRI images},
	author={Yin, Wutao and Li, Longhai and Wu, Fang-Xiang},
	journal={Neurocomputing},
	year={2020}
}

@article{ray2016identifying,
	title={Identifying Activation Centers with Spatial Cox Point Processes Using fMRI Data},
	author={Ray, Meredith and Kang, Jian and Zhang, Hongmei},
	journal={IEEE/ACM Trans. Comput. Biology Bioinform.},
	pages={1130--1141},
	year={2016}
}

@article{murugesan2017brain,
	title={Brain Modulyzer: Interactive Visual Analysis of Functional Brain Connectivity},
	author={Murugesan, Sugeerth and Bouchard, Kristopher and Brown, A. Jesse and Hamann, Bernd and Seeley, W. William and Trujillo, Andrew and Weber, H. Gunther},
	journal={IEEE/ACM Transactions on Computational Biology and Bioinformatics},
	pages={805--818},
	year={2017}
}


@article{szegedy2015going,
	title={Going Deeper with Convolutions},
	author={Szegedy, Christian and Liu, Wei and Jia, Yangqing and Sermanet, Pierre and Reed, E. Scott and Anguelov, Dragomir and Erhan, Dumitru and Vanhoucke, Vincent and Rabinovich, Andrew},
	journal={computer vision and pattern recognition},
	year={2015}
}

@article{kashyap2018a,
	title={A Recurrent Neural Network Based Model of Predictive Smooth Pursuit Eye Movement in Primates},
	author={Kashyap, J. Hirak and Detorakis, Georgios and Dutt, D. Nikil and Krichmar, L. Jeffrey and Neftci, Emre},
	journal={IJCNN},
	pages={1--8},
	year={2018}
}

@article{gordon2017re3,
	title={Re3 : Real-Time Recurrent Regression Networks for Object Tracking},
	author={Gordon, Daniel and Farhadi, Ali and Fox, Dieter},
	journal={CoRR},
	year={2017}
}

@article{karl2017deep,
	title={Deep Variational Bayes Filters: Unsupervised Learning of State Space Models from Raw Data},
	author={Karl, Maximilian and Sölch, Maximilian and Bayer, Justin and Smagt, van der Patrick},
	journal={international conference on learning representations},
	year={2017}
}

@article{brabandere2016dynamic,
	title={Dynamic Filter Networks},
	author={Brabandere, De Bert and Jia, Xu and Tuytelaars, Tinne and Gool, Van Luc},
	journal={ADVANCES IN NEURAL INFORMATION PROCESSING SYSTEMS 29 (NIPS 2016)},
	year={2016}
}

@article{stollenga2014deep,
	title={Deep Networks with Internal Selective Attention through Feedback Connections},
	author={Stollenga, Marijn and Masci, Jonathan and Gomez, J. Faustino and Schmidhuber, Jürgen},
	journal={ADVANCES IN NEURAL INFORMATION PROCESSING SYSTEMS 27 (NIPS 2014)},
	pages={3545--3553},
	year={2014}
}

@article{abadi2015tensorflow,
	title={TensorFlow: Large-Scale Machine Learning on Heterogeneous Distributed Systems},
	author={Abadi, Martín and Agarwal, Ashish and Barham, Paul and Brevdo, Eugene and Chen, Zhifeng and Citro, Craig and Corrado, S. Gregory and Davis, Andy and Dean, Jeffrey and Devin, Matthieu and Ghemawat, Sanjay and Goodfellow, J. Ian and Harp, Andrew and Irving, Geoffrey and Isard, Michael and Jia, Yangqing and Józefowicz, Rafal and Kaiser, Lukasz and Kudlur, Manjunath and Levenberg, Josh and Mane, Dan and Monga, Rajat and Moore, Sherry and Murray, Gordon Derek and Olah, Chris and Schuster, Mike and Shlens, Jonathon and Steiner, Benoit and Sutskever, Ilya and Talwar, Kunal and Tucker, A. Paul and Vanhoucke, Vincent and Vasudevan, Vijay and Viégas, B. Fernanda and Vinyals, Oriol and Warden, Pete and Wattenberg, Martin and Wicke, Martin and Yu, Yuan and Zheng, Xiaoqiang},
	journal={arXiv: Distributed, Parallel, and Cluster Computing},
	year={2015}
}

@article{hooge2017is,
	title={Is human classification by experienced untrained observers a gold standard in fixation detection?},
	author={Hooge, T C Ignace and Niehorster, C Diederick and Nyström, Marcus and Andersson, Richard and Hessels, S Roy},
	journal={Behavior research methods},
	pages={1864.0--1881.0},
	year={2017}
}

@article{mathe2012dynamic,
	title={Dynamic eye movement datasets and learnt saliency models for visual action recognition},
	author={Mathe, Stefan and Sminchisescu, Cristian},
	journal={ECCV (2)},
	pages={842--856},
	year={2012}
}

@article{schrimpf2020integrative,
	title={Integrative Benchmarking to Advance Neurally Mechanistic Models of Human Intelligence},
	author={Schrimpf, Martin and Kubilius, Jonas and Lee, J Michael and Murty, Apurva Ratan N and Ajemian, Robert and DiCarlo, J James},
	journal={Neuron},
	pages={413--423},
	year={2020}
}

@article{ning2017spatially,
	title={Spatially supervised recurrent convolutional neural networks for visual object tracking},
	author={Ning, Guanghan and Zhang, Zhi and Huang, Chen and Ren, Xiaobo and Wang, Haohong and Cai, Canhui and He, Zhihai},
	journal={international symposium on circuits and systems},
	pages={1--4},
	year={2017}
}

@article{draw,
	title={DRAW: A Recurrent Neural Network For Image Generation},
	author={Gregor, Karol and Danihelka, Ivo and Graves, Alex and Rezende, Jimenez Danilo and Wierstra, Daan},
	journal={International Conference on Machine Learning},
	pages={1462--1471},
	year={2015}
}

@article{mnih2014recurrent,
	title={Recurrent Models of Visual Attention},
	author={Mnih, Volodymyr and Heess, Nicolas and Graves, Alex and Kavukcuoglu, Koray},
	journal={Advances in neural information processing systems},
	pages={2204--2212},
	year={2014}
}

@article{hart,
	title={Hierarchical Attentive Recurrent Tracking},
	author={Kosiorek, R. Adam and Bewley, Alex and Posner, Ingmar},
	journal={ADVANCES IN NEURAL INFORMATION PROCESSING SYSTEMS 30 (NIPS 2017)},
	pages={3053--3061},
	year={2017}
}

@article{kubilius2019brain-like,
	title={Brain-Like Object Recognition with High-Performing Shallow Recurrent ANNs},
	author={Kubilius, Jonas and Schrimpf, Martin and Hong, Ha and Majaj, Najib and Rajalingham, Rishi and Issa, Elias and Kar, Kohitij and Bashivan, Pouya and Prescott-Roy, Jonathan and Schmidt, Kailyn and Nayebi, Aran and Bear, Daniel and Yamins, Daniel and DiCarlo, J James},
	journal={NeurIPS},
	pages={12785--12796},
	year={2019}
}

@article{individual_diff,
	title={Individual differences in functional connectivity during naturalistic viewing conditions},
	author={Vanderwal, Tamara and Eilbott, Jeffrey and Finn, S. Emily and Craddock, Cameron R. and Turnbull, Adam and Castellanos, Xavier F.},
	journal={NeuroImage},
	pages={521--530},
	year={2017}
}

@article{individual_variability,
	title={Individual variability in functional connectivity architecture of the human brain},
	author={Mueller, Sophia and Wang, Danhong and Fox, D Michael and Yeo, T Thomas B and Sepulcre, Jorge and Sabuncu, R Mert and Shafee, Rebecca and Lu, Jie and Liu, Hesheng},
	journal={Neuron},
	pages={586--595},
	year={2013}
}

@article{dorr2010variability,
	title={Variability of eye movements when viewing dynamic natural scenes},
	author={Dorr, Michael and Martinetz, Thomas and Gegenfurtner, R Karl and Barth, Erhardt},
	journal={Journal of vision},
	pages={28--28},
	year={2010}
}

@article{gaze_net,
	title={gazeNet: End-to-end eye-movement event detection with deep neural networks},
	author={Zemblys, Raimondas and Niehorster, C Diederick and Holmqvist, Kenneth},
	journal={Behavior research methods},
	pages={840.0--864.0},
	year={2018}
}


@article{blstm_class,
	title={1D CNN with BLSTM for automated classification of fixations, saccades, and smooth pursuits},
	author={Startsev, Mikhail and Agtzidis, Ioannis and Dorr, Michael},
	journal={Behavior research methods},
	pages={556.0--572.0},
	year={2018}
}

@article{eye_move_det,
	title={REMoDNaV: Robust Eye Movement Detection for Natural Viewing},
	author={Dar, H. Asim and Wagner, S. Adina and Hanke, Michael},
	journal={bioRxiv},
	pages={619254--19},
	year={2019}
}

@article{fix_sp_detection,
	title={Detection of fixations and smooth pursuit movements in high-speed eye-tracking data},
	author={Larsson, Linnea and Nystrom, Marcus and Andersson, Richard and Stridh, Martin},
	journal={Biomedical Signal Processing and Control},
	pages={145--152},
	year={2015}
}

@article{mosp_imp,
	title={Characterizing and automatically detecting smooth pursuit in a large-scale ground-truth data set of dynamic natural scenes},
	author={Startsev, Mikhail and Agtzidis, Ioannis and Dorr, Michael},
	journal={Journal of vision},
	pages={10--10},
	year={2019}
}

@article{mosp,
	title={Smooth pursuit detection based on multiple observers},
	author={Agtzidis, Ioannis and Startsev, Mikhail and Dorr, Michael},
	journal={ETRA},
	pages={303--306},
	year={2016}
}

@book{fMRI_handbook,
	title={Handbook of Functional MRI Data Analysis},
	author={ Poldrack, R. A.  and  Mumford, J. A.  and  Nichols, T. E. },
	publisher={Handbook of Functional MRI Data Analysis},
	year={2011},
}

@article{gaze_forrest,
	title={A studyforrest extension, simultaneous fMRI and eye gaze recordings during prolonged natural stimulation},
	author={Hanke, Michael and Adelhöfer, Nico and Kottke, Daniel and Iacovella, Vittorio and Sengupta, Ayan and Kaule, R. Falko and Nigbur, Roland and Waite, Q. Alexander and Baumgartner, Florian and Stadler, Jörg},
	journal={Scientific Data},
	year={2016}
}

@article{curriculum,
	title={Curriculum learning},
	author={Bengio, Yoshua and Louradour, Jérôme and Collobert, Ronan and Weston, Jason},
	journal={ICML},
	pages={6--48},
	year={2009}
}

@article{zoneout,
	title={Zoneout: Regularizing RNNs by Randomly Preserving Hidden Activations},
	author={Krueger, David and Maharaj, Tegan and Kramár, János and Pezeshki, Mohammad and Ballas, Nicolas and Ke, Rosemary Nan and Goyal, Anirudh and Bengio, Yoshua and Larochelle, Hugo and Courville, C. Aaron and Pal, Chris},
	journal={international conference on learning representations},
	year={2017}
}

@article{imagenet,
	title={ImageNet Classification with Deep Convolutional Neural Networks},
	author={Krizhevsky, Alex and Sutskever, Ilya and Hinton, E. Geoffrey},
	journal={Commun. ACM},
	pages={84--90},
	year={2017}
}

@article{kitti,
	title={Vision meets robotics: The KITTI dataset},
	author={Geiger, A and Lenz, P and Stiller, C and Urtasun, R},
	journal={I. J. Robotic Res.},
	pages={1231--1237},
	year={2013}
}





@article{afraz2015optogenetic,
   author = {Afraz, Arash and Boyden, Edward S and DiCarlo, James J},
   title = {Optogenetic and pharmacological suppression of spatial clusters of face neurons reveal their causal role in face gender discrimination},
   journal = {Proceedings of the National Academy of Sciences},
   volume = {112},
   number = {21},
   pages = {6730-6735},
   ISSN = {0027-8424},
   year = {2015},
   type = {Journal Article}
}

@article{b35,
   author = {Andersen, Richard A},
   title = {Visual and eye movement functions of the posterior parietal cortex},
   journal = {Annual review of neuroscience},
   volume = {12},
   number = {1},
   pages = {377-403},
   ISSN = {0147-006X},
   year = {1989},
   type = {Journal Article}
}

@article{b17,
   author = {Bahill, A Terry and McDonald, Jack D},
   title = {Model emulates human smooth pursuit system producing zero-latency target tracking},
   journal = {Biological cybernetics},
   volume = {48},
   number = {3},
   pages = {213-222},
   ISSN = {0340-1200},
   year = {1983},
   type = {Journal Article}
}

@article{bar2006top,
   author = {Bar, Moshe and Kassam, Karim S and Ghuman, Avniel Singh and Boshyan, Jasmine and Schmid, Annette M and Dale, Anders M and Hämäläinen, Matti S and Marinkovic, Ksenija and Schacter, Daniel L and Rosen, Bruce R},
   title = {Top-down facilitation of visual recognition},
   journal = {Proceedings of the national academy of sciences},
   volume = {103},
   number = {2},
   pages = {449-454},
   ISSN = {0027-8424},
   year = {2006},
   type = {Journal Article}
}

@article{b1,
   author = {Barnes, GR and Donnelly, SF and Eason, RD},
   title = {Predictive velocity estimation in the pursuit reflex response to pseudo‐random and step displacement stimuli in man},
   journal = {The Journal of Physiology},
   volume = {389},
   number = {1},
   pages = {111-136},
   ISSN = {0022-3751},
   year = {1987},
   type = {Journal Article}
}

@inbook{b8,
   author = {Barnes, GR and Wells, SG},
   title = {Elling Prediction in Ocular Pursuit},
   booktitle = {Current oculomotor research},
   publisher = {Springer},
   pages = {97-107},
   year = {1999},
   type = {Book Section}
}

@article{b21,
   author = {Barnes, Graham R},
   title = {Cognitive processes involved in smooth pursuit eye movements},
   journal = {Brain and cognition},
   volume = {68},
   number = {3},
   pages = {309-326},
   ISSN = {0278-2626},
   year = {2008},
   type = {Journal Article}
}

@article{bashivan2019neural,
   author = {Bashivan, Pouya and Kar, Kohitij and DiCarlo, James J},
   title = {Neural population control via deep image synthesis},
   journal = {Science},
   volume = {364},
   number = {6439},
   ISSN = {0036-8075},
   year = {2019},
   type = {Journal Article}
}

@inproceedings{bashivan2018teacher,
   author = {Bashivan, Pouya and Tensen, Mark and DiCarlo, James J},
   title = {Teacher guided architecture search},
   booktitle = {Proceedings of the IEEE International Conference on Computer Vision},
   pages = {5320-5329},
   year = {2019},
   type = {Conference Proceedings}
}

@article{b30,
   author = {Bennett, Simon J and Barnes, Graham R},
   title = {Smooth ocular pursuit during the transient disappearance of an accelerating visual target: the role of reflexive and voluntary control},
   journal = {Experimental brain research},
   volume = {175},
   number = {1},
   pages = {1-10},
   ISSN = {0014-4819},
   year = {2006},
   type = {Journal Article}
}

@article{b34,
   author = {Buschman, Timothy J and Miller, Earl K},
   title = {Top-down versus bottom-up control of attention in the prefrontal and posterior parietal cortices},
   journal = {science},
   volume = {315},
   number = {5820},
   pages = {1860-1862},
   ISSN = {0036-8075},
   year = {2007},
   type = {Journal Article}
}

@article{cadieu2014deep,
   author = {Cadieu, Charles F and Hong, Ha and Yamins, Daniel LK and Pinto, Nicolas and Ardila, Diego and Solomon, Ethan A and Majaj, Najib J and DiCarlo, James J},
   title = {Deep neural networks rival the representation of primate IT cortex for core visual object recognition},
   journal = {PLoS Comput Biol},
   volume = {10},
   number = {12},
   pages = {e1003963},
   ISSN = {1553-7358},
   year = {2014},
   type = {Journal Article}
}

@article{cichy2016deep,
	title={Deep Neural Networks predict Hierarchical Spatio-temporal Cortical Dynamics of Human Visual Object Recognition},
	author={Cichy, Radoslaw M and Khosla, Aditya and Pantazis, Dimitrios and Torralba, Antonio and Oliva, Aude},
	journal={CoRR},
	year={2016}
}


@article{clarke2018oscillatory,
   author = {Clarke, Alex and Devereux, Barry J and Tyler, Lorraine K},
   title = {Oscillatory dynamics of perceptual to conceptual transformations in the ventral visual pathway},
   journal = {Journal of cognitive neuroscience},
   volume = {30},
   number = {11},
   pages = {1590-1605},
   ISSN = {1530-8898},
   year = {2018},
   type = {Journal Article}
}

@article{b32,
   author = {Collewijn, Han and Tamminga, Ernst P},
   title = {Human smooth and saccadic eye movements during voluntary pursuit of different target motions on different backgrounds},
   journal = {The Journal of physiology},
   volume = {351},
   number = {1},
   pages = {217-250},
   ISSN = {0022-3751},
   year = {1984},
   type = {Journal Article}
}

@book{theoretical_neuroscience,
   author = {Dayan, Peter and Abbott, Laurence F},
   title = {Theoretical neuroscience: computational and mathematical modeling of neural systems},
   publisher = {Computational Neuroscience Series},
   ISBN = {0262541858},
   year = {2001},
   type = {Book}
}

@article{b26,
   author = {de Brouwer, Sophie and Missal, Marcus and Barnes, Graham and Lefèvre, Philippe},
   title = {Quantitative analysis of catch-up saccades during sustained pursuit},
   journal = {Journal of neurophysiology},
   volume = {87},
   number = {4},
   pages = {1772-1780},
   ISSN = {1522-1598},
   year = {2002},
   type = {Journal Article}
}

@article{b6,
   author = {de Xivry, Jean-Jacques Orban and Coppe, Sébastien and Blohm, Gunnar and Lefevre, Philippe},
   title = {Kalman filtering naturally accounts for visually guided and predictive smooth pursuit dynamics},
   journal = {Journal of Neuroscience},
   volume = {33},
   number = {44},
   pages = {17301-17313},
   ISSN = {0270-6474},
   year = {2013},
   type = {Journal Article}
}

@inproceedings{Deng2009ImageNet,
   author = {Deng, Jia and Dong, Wei and Socher, R. and Li, Li Jia and Li, Kai and Li, Fei Fei},
   title = {ImageNet: A large-scale hierarchical image database},
   booktitle = {Computer Vision and Pattern Recognition, 2009. CVPR 2009. IEEE Conference on},
   pages = {248-255},
   year = {2009},
   type = {Conference Proceedings}
}

@article{b7,
   author = {Deno, DC and Crandall, WF and Sherman, K and Keller, EL},
   title = {Characterization of prediction in the primate visual smooth pursuit system},
   journal = {Biosystems},
   volume = {34},
   number = {1-3},
   pages = {107-128},
   ISSN = {0303-2647},
   year = {1995},
   type = {Journal Article}
}

@article{dicarlo2012does,
   author = {DiCarlo, James J and Zoccolan, Davide and Rust, Nicole C},
   title = {How does the brain solve visual object recognition?},
   journal = {Neuron},
   volume = {73},
   number = {3},
   pages = {415-434},
   ISSN = {0896-6273},
   year = {2012},
   type = {Journal Article}
}

@article{b3,
   author = {Eckmiller, Rolf and Mackeben, Manfred},
   title = {Pursuit eye movements and their neural control in the monkey},
   journal = {Pflugers Archiv: European Journal of Physiology},
   volume = {377},
   number = {1},
   pages = {15-23},
   ISSN = {0031-6768},
   year = {1978},
   type = {Journal Article}
}

@inbook{fukushima1980neocognitron,
   author = {Fukushima, Kunihiko and Miyake, Sei},
   title = {Neocognitron: A self-organizing neural network model for a mechanism of visual pattern recognition},
   booktitle = {Competition and cooperation in neural nets},
   publisher = {Springer},
   pages = {267-285},
   year = {1982},
   type = {Book Section}
}

@article{b13,
   author = {Fukushima, Kikuro and Yamanobe, Takanobu and Shinmei, Yasuhiro and Fukushima, Junko},
   title = {Predictive responses of periarcuate pursuit neurons to visual target motion},
   journal = {Experimental brain research},
   volume = {145},
   number = {1},
   pages = {104-120},
   ISSN = {0014-4819},
   year = {2002},
   type = {Journal Article}
}

@inproceedings{Glorot2010,
   author = {Glorot, Xavier and Bengio, Yoshua},
   title = {Understanding the difficulty of training deep feedforward neural networks},
   booktitle = {Proceedings of the thirteenth international conference on artificial intelligence and statistics},
   pages = {249-256},
   year = {2010},
   type = {Conference Proceedings}
}

@article{gold2007neural,
   author = {Gold, Joshua I and Shadlen, Michael N},
   title = {The neural basis of decision making},
   journal = {Annual review of neuroscience},
   volume = {30},
   year = {2007},
   type = {Journal Article}
}

@article{gucclu2015deep,
   author = {Güçlü, Umut and van Gerven, Marcel AJ},
   title = {Deep neural networks reveal a gradient in the complexity of neural representations across the ventral stream},
   journal = {Journal of Neuroscience},
   volume = {35},
   number = {27},
   pages = {10005-10014},
   ISSN = {0270-6474},
   year = {2015},
   type = {Journal Article}
}

@inproceedings{he2016deep,
   author = {He, Kaiming and Zhang, Xiangyu and Ren, Shaoqing and Sun, Jian},
   title = {Deep residual learning for image recognition},
   booktitle = {Proceedings of the IEEE conference on computer vision and pattern recognition},
   pages = {770-778},
   year = {2016},
   type = {Conference Proceedings}
}

@article{holmes1984effects,
   author = {Holmes, Edward J and Gross, Charles G},
   title = {Effects of inferior temporal lesions on discrimination of stimuli differing in orientation},
   journal = {Journal of Neuroscience},
   volume = {4},
   number = {12},
   pages = {3063-3068},
   ISSN = {0270-6474},
   year = {1984},
   type = {Journal Article}
}

@article{horel1987performance,
   author = {Horel, James A and Pytko-Joiner, Dorothy E and Voytko, Mary Lou and Salsbury, Kent},
   title = {The performance of visual tasks while segments of the inferotemporal cortex are suppressed by cold},
   journal = {Behavioural brain research},
   volume = {23},
   number = {1},
   pages = {29-42},
   ISSN = {0166-4328},
   year = {1987},
   type = {Journal Article}
}

@article{Howard2017MobileNet,
   author = {Howard, Andrew G and Zhu, Menglong and Chen, Bo and Kalenichenko, Dmitry and Wang, Weijun and Weyand, Tobias and Andreetto, Marco and Adam, Hartwig},
   title = {Mobilenets: Efficient convolutional neural networks for mobile vision applications},
   journal = {arXiv preprint arXiv:1704.04861},
   year = {2017},
   type = {Journal Article}
}

@inproceedings{huang2017densely,
   author = {Huang, Gao and Liu, Zhuang and Van Der Maaten, Laurens and Weinberger, Kilian Q},
   title = {Densely connected convolutional networks},
   booktitle = {Proceedings of the IEEE conference on computer vision and pattern recognition},
   pages = {4700-4708},
   year = {2017},
   type = {Conference Proceedings}
}

@article{hubel1962receptive,
   author = {Hubel, David H and Wiesel, Torsten N},
   title = {Receptive fields, binocular interaction and functional architecture in the cat's visual cortex},
   journal = {The Journal of physiology},
   volume = {160},
   number = {1},
   pages = {106},
   year = {1962},
   type = {Journal Article}
}

@article{Iandola2016aSqueezeNet,
   author = {Iandola, Forrest N and Han, Song and Moskewicz, Matthew W and Ashraf, Khalid and Dally, William J and Keutzer, Kurt},
   title = {SqueezeNet: AlexNet-level accuracy with 50x fewer parameters and< 0.5 MB model size},
   journal = {arXiv preprint arXiv:1602.07360},
   year = {2016},
   type = {Journal Article}
}

@article{ioffe2015batch,
   author = {Ioffe, Sergey and Szegedy, Christian},
   title = {Batch normalization: Accelerating deep network training by reducing internal covariate shift},
   journal = {arXiv preprint arXiv:1502.03167},
   year = {2015},
   type = {Journal Article}
}

@article{auxiliary_task,
   author = {Jaderberg, Max and Mnih, Volodymyr and Czarnecki, Wojciech Marian and Schaul, Tom and Leibo, Joel Z and Silver, David and Kavukcuoglu, Koray},
   title = {Reinforcement Learning with Unsupervised Auxiliary Tasks},
   year = {2016},
   type = {Journal Article}
}

@article{b22,
   author = {Jaeger, Herbert},
   title = {The “echo state” approach to analysing and training recurrent neural networks-with an erratum note},
   journal = {Bonn, Germany: German National Research Center for Information Technology GMD Technical Report},
   volume = {148},
   number = {34},
   pages = {13},
   year = {2001},
   type = {Journal Article}
}

@article{jastrzebski2017residual,
	title={Residual Connections Encourage Iterative Inference},
	author={Jastrzebski, Stanislaw and Arpit, Devansh and Ballas, Nicolas and Verma, Vikas and Che, Tong and Bengio, Yoshua},
	journal={international conference on learning representations},
	year={2018}
}

@article{DFN,
	title={Dynamic filter networks},
	author={Jia, Xu and De Brabandere, Bert and Tuytelaars, Tinne and Gool, Luc V},
	journal={Advances in neural information processing systems},
	volume={29},
	pages={667--675},
	year={2016}
}

@inproceedings{RATM,
   author = {Kahou, Samira Ebrahimi and Michalski, Vincent and Memisevic, Roland and Pal, Christopher and Vincent, Pascal},
   title = {RATM: recurrent attentive tracking model},
   booktitle = {2017 IEEE Conference on Computer Vision and Pattern Recognition Workshops (CVPRW)},
   publisher = {IEEE},
   pages = {1613-1622},
   ISBN = {1538607336},
   year = {2017},
   type = {Conference Proceedings}
}

@article{kar2019evidence,
   author = {Kar, Kohitij and Kubilius, Jonas and Schmidt, Kailyn and Issa, Elias B and DiCarlo, James J},
   title = {Evidence that recurrent circuits are critical to the ventral stream’s execution of core object recognition behavior},
   journal = {Nature neuroscience},
   volume = {22},
   number = {6},
   pages = {974-983},
   ISSN = {1546-1726},
   year = {2019},
   type = {Journal Article}
}

@article{kar2018decoder2.0,
   author = {Kar, Kohitij and Schmidt, Kailyn M and DiCarlo, James J},
   title = {Linking image-by-image population dynamics in the macaque inferior temporal cortex to core object recognition behavior},
   journal = {Cognitive Computational Neuroscience, 2018b. URL https://ccneuro. org/2018/Papers/ViewPapers. asp},
   type = {Journal Article}
}

@article{b11,
   author = {Keating, EG},
   title = {Frontal eye field lesions impair predictive and visually-guided pursuit eye movements},
   journal = {Experimental Brain Research},
   volume = {86},
   number = {2},
   pages = {311-323},
   ISSN = {0014-4819},
   year = {1991},
   type = {Journal Article}
}

@inproceedings{weigh_loss,
   author = {Kendall, Alex and Gal, Yarin and Cipolla, Roberto},
   title = {Multi-task learning using uncertainty to weigh losses for scene geometry and semantics},
   booktitle = {Proceedings of the IEEE conference on computer vision and pattern recognition},
   pages = {7482-7491},
   year = {2018},
   type = {Conference Proceedings}
}

@inbook{chollet2015keras,
   author = {Ketkar, Nikhil},
   title = {Introduction to keras},
   booktitle = {Deep learning with Python},
   publisher = {Springer},
   pages = {97-111},
   year = {2017},
   type = {Book Section}
}

@article{suk2012novel,
	title={A novel Bayesian framework for discriminative feature extraction in brain-computer interfaces},
	author={Suk, Heung-Il and Lee, Seong-Whan},
	journal={IEEE Transactions on Pattern Analysis and Machine Intelligence},
	volume={35},
	number={2},
	pages={286--299},
	year={2012},
	publisher={IEEE}
}

@article{khaligh2014deep,
   author = {Khaligh-Razavi, Seyed-Mahdi and Kriegeskorte, Nikolaus},
   title = {Deep supervised, but not unsupervised, models may explain IT cortical representation},
   journal = {PLoS computational biology},
   volume = {10},
   number = {11},
   pages = {e1003915},
   ISSN = {1553-734X},
   year = {2014},
   type = {Journal Article}
}

@inproceedings{Kornblith2018a,
   author = {Kornblith, Simon and Shlens, Jonathon and Le, Quoc V},
   title = {Do better imagenet models transfer better?},
   booktitle = {Proceedings of the IEEE conference on computer vision and pattern recognition},
   pages = {2661-2671},
   year = {2019},
   type = {Conference Proceedings}
}

@article{b2,
   author = {Krauzlis, Richard J and Lisberger, Stephen G},
   title = {A model of visually-guided smooth pursuit eye movements based on behavioral observations},
   journal = {Journal of computational neuroscience},
   volume = {1},
   number = {4},
   pages = {265-283},
   ISSN = {0929-5313},
   year = {1994},
   type = {Journal Article}
}

@article{krizhevsky2012imagenet,
   author = {Krizhevsky, Alex and Sutskever, Ilya and Hinton, Geoffrey E},
   title = {Imagenet classification with deep convolutional neural networks},
   journal = {Communications of the ACM},
   volume = {60},
   number = {6},
   pages = {84-90},
   ISSN = {0001-0782},
   year = {2017},
   type = {Journal Article}
}

@article{kubilius2018predict,
   author = {Kubilius, Jonas},
   title = {Predict, then simplify},
   journal = {NeuroImage},
   volume = {180},
   pages = {110-111},
   ISSN = {1053-8119},
   year = {2018},
   type = {Journal Article}
}

@article{kubilius2016deep,
   author = {Kubilius, Jonas and Bracci, Stefania and Op de Beeck, Hans P},
   title = {Deep neural networks as a computational model for human shape sensitivity},
   journal = {PLoS computational biology},
   volume = {12},
   number = {4},
   pages = {e1004896},
   ISSN = {1553-734X},
   year = {2016},
   type = {Journal Article}
}

@article{kubilius2018cartoons,
   author = {Kubilius, Jonas and Kar, Kohitij and Schmidt, Kailyn M and DiCarlo, James J},
   title = {Can deep neural networks rival human ability to generalize in core object recognition},
   journal = {Cognitive Computational Neuroscience, 2018a. URL https://ccneuro. org/2018/Papers/ViewPapers. asp},
   year = {2018},
   type = {Journal Article}
}

@article{lamme2000distinct,
   author = {Lamme, Victor AF and Roelfsema, Pieter R},
   title = {The distinct modes of vision offered by feedforward and recurrent processing},
   journal = {Trends in neurosciences},
   volume = {23},
   number = {11},
   pages = {571-579},
   ISSN = {0166-2236},
   year = {2000},
   type = {Journal Article}
}

@article{b33,
   author = {Lencer, Rebekka and Nagel, Matthias and Sprenger, Andreas and Zapf, Silke and Erdmann, Christian and Heide, Wolfgang and Binkofski, Ferdinand},
   title = {Cortical mechanisms of smooth pursuit eye movements with target blanking. An fMRI study},
   journal = {European Journal of Neuroscience},
   volume = {19},
   number = {5},
   pages = {1430-1436},
   ISSN = {0953-816X},
   year = {2004},
   type = {Journal Article}
}

@article{leroux2018iamnn,
	title={IamNN: Iterative and Adaptive Mobile Neural Network for Efficient Image Classification},
	author={Leroux, Sam and Molchanov, Pavlo and Simoens, Pieter and Dhoedt, Bart and Breuel, Thomas and Kautz, Jan},
	journal={ICLR},
	pages={1--4},
	year={2018}
}

@inproceedings{Liang_2015_CVPR,
   author = {Liang, Ming and Hu, Xiaolin},
   title = {Recurrent convolutional neural network for object recognition},
   booktitle = {Proceedings of the IEEE conference on computer vision and pattern recognition},
   pages = {3367-3375},
   year = {2015},
   type = {Conference Proceedings}
}

@article{liao2016bridging,
   author = {Liao, Qianli and Poggio, Tomaso},
   title = {Bridging the gaps between residual learning, recurrent neural networks and visual cortex},
   journal = {arXiv preprint arXiv:1604.03640},
   year = {2016},
   type = {Journal Article}
}

@inproceedings{lin2014microsoft,
   author = {Lin, Tsung-Yi and Maire, Michael and Belongie, Serge and Hays, James and Perona, Pietro and Ramanan, Deva and Dollár, Piotr and Zitnick, C Lawrence},
   title = {Microsoft coco: Common objects in context},
   booktitle = {European conference on computer vision},
   publisher = {Springer},
   pages = {740-755},
   year = {2014},
   type = {Conference Proceedings}
}

@article{b15,
   author = {Lisberger, Stephen G and Morris, EJ and Tychsen, Lawrence},
   title = {Visual motion processing and sensory-motor integration for smooth pursuit eye movements},
   journal = {Annual review of neuroscience},
   ISSN = {0147-006X},
   year = {1987},
   type = {Journal Article}
}

@inproceedings{Liu2017PNASNet,
   author = {Liu, Chenxi and Zoph, Barret and Neumann, Maxim and Shlens, Jonathon and Hua, Wei and Li, Li-Jia and Fei-Fei, Li and Yuille, Alan and Huang, Jonathan and Murphy, Kevin},
   title = {Progressive neural architecture search},
   booktitle = {Proceedings of the European Conference on Computer Vision (ECCV)},
   pages = {19-34},
   year = {2018},
   type = {Conference Proceedings}
}

@inproceedings{lowe1999object,
   author = {Lowe, David G},
   title = {Object recognition from local scale-invariant features},
   booktitle = {Proceedings of the seventh IEEE international conference on computer vision},
   publisher = {Ieee},
   volume = {2},
   pages = {1150-1157},
   ISBN = {0769501648},
   year = {1999},
   type = {Conference Proceedings}
}

@article{b23,
   author = {Maass, Wolfgang and Natschläger, Thomas and Markram, Henry},
   title = {Real-time computing without stable states: A new framework for neural computation based on perturbations},
   journal = {Neural computation},
   volume = {14},
   number = {11},
   pages = {2531-2560},
   ISSN = {0899-7667},
   year = {2002},
   type = {Journal Article}
}

@article{b14,
   author = {MacAvoy, Martha G and Gottlieb, Jacqueline P and Bruce, Charles J},
   title = {Smooth-pursuit eye movement representation in the primate frontal eye field},
   journal = {Cerebral Cortex},
   volume = {1},
   number = {1},
   pages = {95-102},
   ISSN = {1460-2199},
   year = {1991},
   type = {Journal Article}
}

@inproceedings{mahajan2018exploring,
   author = {Mahajan, Dhruv and Girshick, Ross and Ramanathan, Vignesh and He, Kaiming and Paluri, Manohar and Li, Yixuan and Bharambe, Ashwin and van der Maaten, Laurens},
   title = {Exploring the limits of weakly supervised pretraining},
   booktitle = {Proceedings of the European Conference on Computer Vision (ECCV)},
   pages = {181-196},
   year = {2018},
   type = {Conference Proceedings}
}

@article{majaj2015simple,
   author = {Majaj, Najib J and Hong, Ha and Solomon, Ethan A and DiCarlo, James J},
   title = {Simple learned weighted sums of inferior temporal neuronal firing rates accurately predict human core object recognition performance},
   journal = {Journal of Neuroscience},
   volume = {35},
   number = {39},
   pages = {13402-13418},
   ISSN = {0270-6474},
   year = {2015},
   type = {Journal Article}
}

@article{McCulloch1943,
   author = {McCulloch, Warren S and Pitts, Walter},
   title = {A logical calculus of the ideas immanent in nervous activity},
   journal = {The bulletin of mathematical biophysics},
   volume = {5},
   number = {4},
   pages = {115-133},
   ISSN = {1522-9602},
   year = {1943},
   type = {Journal Article}
}

@article{b29,
   author = {Medina, Javier F and Lisberger, Stephen G},
   title = {Encoding and decoding of learned smooth-pursuit eye movements in the floccular complex of the monkey cerebellum},
   journal = {Journal of neurophysiology},
   volume = {102},
   number = {4},
   pages = {2039-2054},
   ISSN = {0022-3077},
   year = {2009},
   type = {Journal Article}
}

@article{mel2016toward,
   author = {Mel, Bartlett W},
   title = {Toward a simplified model of an active dendritic tree},
   journal = {Dendrites},
   pages = {465-486},
   year = {2016},
   type = {Journal Article}
}

@article{moeller2017effect,
   author = {Moeller, Sebastian and Crapse, Trinity and Chang, Le and Tsao, Doris Y},
   title = {The effect of face patch microstimulation on perception of faces and objects},
   journal = {Nature neuroscience},
   volume = {20},
   number = {5},
   pages = {743-752},
   ISSN = {1546-1726},
   year = {2017},
   type = {Journal Article}
}

@article{monfort2018moments,
   author = {Monfort, Mathew and Andonian, Alex and Zhou, Bolei and Ramakrishnan, Kandan and Bargal, Sarah Adel and Yan, Tom and Brown, Lisa and Fan, Quanfu and Gutfreund, Dan and Vondrick, Carl},
   title = {Moments in time dataset: one million videos for event understanding},
   journal = {IEEE transactions on pattern analysis and machine intelligence},
   volume = {42},
   number = {2},
   pages = {502-508},
   ISSN = {0162-8828},
   year = {2019},
   type = {Journal Article}
}

@inproceedings{nayebi2018task,
   author = {Nayebi, Aran and Bear, Daniel and Kubilius, Jonas and Kar, Kohitij and Ganguli, Surya and Sussillo, David and DiCarlo, James J and Yamins, Daniel L},
   title = {Task-driven convolutional recurrent models of the visual system},
   booktitle = {Advances in Neural Information Processing Systems},
   pages = {5290-5301},
   year = {2018},
   type = {Conference Proceedings}
}

@article{o2018bridging,
   author = {O’Connell, Redmond G and Shadlen, Michael N and Wong-Lin, KongFatt and Kelly, Simon P},
   title = {Bridging neural and computational viewpoints on perceptual decision-making},
   journal = {Trends in neurosciences},
   volume = {41},
   number = {11},
   pages = {838-852},
   ISSN = {0166-2236},
   year = {2018},
   type = {Journal Article}
}

@article{olshausen1996emergence,
   author = {Olshausen, Bruno A and Field, David J},
   title = {Emergence of simple-cell receptive field properties by learning a sparse code for natural images},
   journal = {Nature},
   volume = {381},
   number = {6583},
   pages = {607-609},
   ISSN = {1476-4687},
   year = {1996},
   type = {Journal Article}
}

@article{b31,
   author = {Osborne, Leslie C and Lisberger, Stephen G and Bialek, William},
   title = {A sensory source for motor variation},
   journal = {Nature},
   volume = {437},
   number = {7057},
   pages = {412-416},
   ISSN = {1476-4687},
   year = {2005},
   type = {Journal Article}
}

@article{b18,
   author = {Pack, Christopher and Grossberg, Stephen and Mingolla, Ennio},
   title = {A neural model of smooth pursuit control and motion perception by cortical area MST},
   journal = {Journal of Cognitive Neuroscience},
   volume = {13},
   number = {1},
   pages = {102-120},
   ISSN = {0898-929X},
   year = {2001},
   type = {Journal Article}
}

@article{paszke2017automatic,
   author = {Paszke, Adam and Gross, Sam and Chintala, Soumith and Chanan, Gregory and Yang, Edward and DeVito, Zachary and Lin, Zeming and Desmaison, Alban and Antiga, Luca and Lerer, Adam},
   title = {Automatic differentiation in pytorch},
   year = {2017},
   type = {Journal Article}
}

@article{scikit-learn,
   author = {Pedregosa, Fabian and Varoquaux, Gaël and Gramfort, Alexandre and Michel, Vincent and Thirion, Bertrand and Grisel, Olivier and Blondel, Mathieu and Prettenhofer, Peter and Weiss, Ron and Dubourg, Vincent},
   title = {Scikit-learn: Machine learning in Python},
   journal = {the Journal of machine Learning research},
   volume = {12},
   pages = {2825-2830},
   ISSN = {1532-4435},
   year = {2011},
   type = {Journal Article}
}

@article{ponce2019evolving,
   author = {Ponce, Carlos R and Xiao, Will and Schade, Peter F and Hartmann, Till S and Kreiman, Gabriel and Livingstone, Margaret S},
   title = {Evolving images for visual neurons using a deep generative network reveals coding principles and neuronal preferences},
   journal = {Cell},
   volume = {177},
   number = {4},
   pages = {999-1009. e10},
   ISSN = {0092-8674},
   year = {2019},
   type = {Journal Article}
}

@article{rajaei2018beyond,
   author = {Rajaei, Karim and Mohsenzadeh, Yalda and Ebrahimpour, Reza and Khaligh-Razavi, Seyed-Mahdi},
   title = {Beyond Core Object Recognition: Recurrent processes account for object recognition 2 under occlusion 3},
   year = {2018},
   type = {Journal Article}
}

@article{rajalingham2018reversible,
   author = {Rajalingham, Rishi and DiCarlo, James J},
   title = {Reversible inactivation of different millimeter-scale regions of primate IT results in different patterns of core object recognition deficits},
   journal = {Neuron},
   volume = {102},
   number = {2},
   pages = {493-505. e5},
   ISSN = {0896-6273},
   year = {2019},
   type = {Journal Article}
}

@article{rajalingham2018large,
   author = {Rajalingham, Rishi and Issa, Elias B and Bashivan, Pouya and Kar, Kohitij and Schmidt, Kailyn and DiCarlo, James J},
   title = {Large-scale, high-resolution comparison of the core visual object recognition behavior of humans, monkeys, and state-of-the-art deep artificial neural networks},
   journal = {Journal of Neuroscience},
   volume = {38},
   number = {33},
   pages = {7255-7269},
   ISSN = {0270-6474},
   year = {2018},
   type = {Journal Article}
}

@article{rajalingham2015comparison,
   author = {Rajalingham, Rishi and Schmidt, Kailyn and DiCarlo, James J},
   title = {Comparison of object recognition behavior in human and monkey},
   journal = {Journal of Neuroscience},
   volume = {35},
   number = {35},
   pages = {12127-12136},
   ISSN = {0270-6474},
   year = {2015},
   type = {Journal Article}
}

@article{b27,
   author = {Rasche, Christoph and Gegenfurtner, Karl R},
   title = {Precision of speed discrimination and smooth pursuit eye movements},
   journal = {Vision research},
   volume = {49},
   number = {5},
   pages = {514-523},
   ISSN = {0042-6989},
   year = {2009},
   type = {Journal Article}
}

@article{riesenhuber1999hierarchical,
   author = {Riesenhuber, Maximilian and Poggio, Tomaso},
   title = {Hierarchical models of object recognition in cortex},
   journal = {Nature neuroscience},
   volume = {2},
   number = {11},
   pages = {1019-1025},
   ISSN = {1546-1726},
   year = {1999},
   type = {Journal Article}
}

@article{b5,
   author = {Robinson, D Ar and Gordon, JL and Gordon, SE},
   title = {A model of the smooth pursuit eye movement system},
   journal = {Biological cybernetics},
   volume = {55},
   number = {1},
   pages = {43-57},
   ISSN = {0340-1200},
   year = {1986},
   type = {Journal Article}
}

@article{ILSVRC15,
   author = {Russakovsky, Olga and Deng, Jia and Su, Hao and Krause, Jonathan and Satheesh, Sanjeev and Ma, Sean and Huang, Zhiheng and Karpathy, Andrej and Khosla, Aditya and Bernstein, Michael},
   title = {Imagenet large scale visual recognition challenge},
   journal = {International journal of computer vision},
   volume = {115},
   number = {3},
   pages = {211-252},
   ISSN = {0920-5691},
   year = {2015},
   type = {Journal Article}
}

@phdthesis{schrimpf2017thesis,
   author = {Schrimpf, Martin},
   title = {Brain-inspired recurrent neural algorithms for advanced object recognition},
   university = {Master’s thesis, Technical University Munich, LMU Munich, University of Augsburg},
   year = {2017},
   type = {Thesis}
}

@article{SchrimpfKubilius2018BrainScore,
   author = {Schrimpf, Martin and Kubilius, Jonas and Hong, Ha and Majaj, Najib J and Rajalingham, Rishi and Issa, Elias B and Kar, Kohitij and Bashivan, Pouya and Prescott-Roy, Jonathan and Schmidt, Kailyn},
   title = {Brain-score: Which artificial neural network for object recognition is most brain-like?},
   journal = {BioRxiv},
   pages = {407007},
   year = {2018},
   type = {Journal Article}
}

@article{serre2007feedforward,
   author = {Serre, Thomas and Oliva, Aude and Poggio, Tomaso},
   title = {A feedforward architecture accounts for rapid categorization},
   journal = {Proceedings of the national academy of sciences},
   volume = {104},
   number = {15},
   pages = {6424-6429},
   ISSN = {0027-8424},
   year = {2007},
   type = {Journal Article}
}

@article{b9,
   author = {Shibata, Tomohiro and Tabata, Hiromitsu and Schaal, Stefan and Kawato, Mitsuo},
   title = {A model of smooth pursuit in primates based on learning the target dynamics},
   journal = {Neural Networks},
   volume = {18},
   number = {3},
   pages = {213-224},
   ISSN = {0893-6080},
   year = {2005},
   type = {Journal Article}
}

@article{purkinje_IDC,
   author = {Shidara, M and Kawano, K and Gomi, H and Kawato, M},
   title = {Inverse-dynamics model eye movement control by Purkinje cells in the cerebellum},
   journal = {Nature},
   volume = {365},
   number = {6441},
   pages = {50-52},
   ISSN = {0028-0836},
   year = {1993},
   type = {Journal Article}
}

@article{tf-slim,
   author = {Silberman, Nathan and Guadarrama, Sergio},
   title = {Tensorflow-slim image classification model library},
   year = {2016},
   type = {Journal Article}
}

@article{simonyan2014very,
   author = {Simonyan, Karen and Zisserman, Andrew},
   title = {Very deep convolutional networks for large-scale image recognition},
   journal = {arXiv preprint arXiv:1409.1556},
   year = {2014},
   type = {Journal Article}
}

@article{b28,
   author = {Spering, Miriam and Gegenfurtner, Karl R},
   title = {Contextual effects on smooth-pursuit eye movements},
   journal = {Journal of Neurophysiology},
   volume = {97},
   number = {2},
   pages = {1353-1367},
   ISSN = {0022-3077},
   year = {2007},
   type = {Journal Article}
}

@article{spoerer2017recurrent,
   author = {Spoerer, Courtney J and McClure, Patrick and Kriegeskorte, Nikolaus},
   title = {Recurrent convolutional neural networks: a better model of biological object recognition},
   journal = {Frontiers in psychology},
   volume = {8},
   pages = {1551},
   ISSN = {1664-1078},
   year = {2017},
   type = {Journal Article}
}

@inproceedings{sun2017revisiting,
   author = {Sun, Chen and Shrivastava, Abhinav and Singh, Saurabh and Gupta, Abhinav},
   title = {Revisiting unreasonable effectiveness of data in deep learning era},
   booktitle = {Proceedings of the IEEE international conference on computer vision},
   pages = {843-852},
   year = {2017},
   type = {Conference Proceedings}
}

@article{b12,
   author = {Sussillo, David and Abbott, Larry F},
   title = {Generating coherent patterns of activity from chaotic neural networks},
   journal = {Neuron},
   volume = {63},
   number = {4},
   pages = {544-557},
   ISSN = {0896-6273},
   year = {2009},
   type = {Journal Article}
}

@article{b24,
   author = {Sussillo, David and Toyoizumi, Taro and Maass, Wolfgang},
   title = {Self-tuning of neural circuits through short-term synaptic plasticity},
   journal = {Journal of neurophysiology},
   volume = {97},
   number = {6},
   pages = {4079-4095},
   ISSN = {0022-3077},
   year = {2007},
   type = {Journal Article}
}

@article{szegedy2017inception,
	title={Inception-v4, Inception-ResNet and the Impact of Residual Connections on Learning},
	author={Szegedy, Christian and Ioffe, Sergey and Vanhoucke, Vincent},
	journal={Thirty-first AAAI conference on artificial intelligence},
	pages={4278--4284},
	year={2017}
}


@inproceedings{Szegedy2015c,
   author = {Szegedy, Christian and Liu, Wei and Jia, Yangqing and Sermanet, Pierre and Reed, Scott and Anguelov, Dragomir and Erhan, Dumitru and Vanhoucke, Vincent and Rabinovich, Andrew},
   title = {Going deeper with convolutions},
   booktitle = {Proceedings of the IEEE conference on computer vision and pattern recognition},
   pages = {1-9},
   year = {2015},
   type = {Conference Proceedings}
}

@inproceedings{Szegedy2015b,
   author = {Szegedy, Christian and Vanhoucke, Vincent and Ioffe, Sergey and Shlens, Jon and Wojna, Zbigniew},
   title = {Rethinking the inception architecture for computer vision},
   booktitle = {Proceedings of the IEEE conference on computer vision and pattern recognition},
   pages = {2818-2826},
   year = {2016},
   type = {Conference Proceedings}
}

@article{b36,
   author = {Takagi, Mineo and Zee, David S and Tamargo, Rafael J},
   title = {Effects of lesions of the oculomotor cerebellar vermis on eye movements in primate: smooth pursuit},
   journal = {Journal of Neurophysiology},
   volume = {83},
   number = {4},
   pages = {2047-2062},
   ISSN = {1522-1598},
   year = {2000},
   type = {Journal Article}
}

@article{TangSchrimpfLotter2018Recurrent,
   author = {Tang, Hanlin and Schrimpf, Martin and Lotter, William and Moerman, Charlotte and Paredes, Ana and Caro, Josue Ortega and Hardesty, Walter and Cox, David and Kreiman, Gabriel},
   title = {Recurrent computations for visual pattern completion},
   journal = {Proceedings of the National Academy of Sciences},
   volume = {115},
   number = {35},
   pages = {8835-8840},
   ISSN = {0027-8424},
   year = {2018},
   type = {Journal Article}
}

@article{b20,
   author = {Teulière, Céline and Forestier, Sébastien and Lonini, Luca and Zhang, Chong and Zhao, Yu and Shi, Bertram and Triesch, Jochen},
   title = {Self-calibrating smooth pursuit through active efficient coding},
   journal = {Robotics and Autonomous Systems},
   volume = {71},
   pages = {3-12},
   ISSN = {0921-8890},
   year = {2015},
   type = {Journal Article}
}

@article{torralba2003statistics,
   author = {Torralba, Antonio and Oliva, Aude},
   title = {Statistics of natural image categories},
   journal = {Network: computation in neural systems},
   volume = {14},
   number = {3},
   pages = {391-412},
   ISSN = {0954-898X},
   year = {2003},
   type = {Journal Article}
}

@article{tovee1994neuronal,
   author = {Tovée, Martin J},
   title = {Neuronal Processing: How fast is the speed of thought?},
   journal = {Current Biology},
   volume = {4},
   number = {12},
   pages = {1125-1127},
   ISSN = {0960-9822},
   year = {1994},
   type = {Journal Article}
}

@article{attention,
   author = {Ungerleider, Sabine Kastner and G, Leslie},
   title = {Mechanisms of visual attention in the human cortex},
   journal = {Annual review of neuroscience},
   volume = {23},
   number = {1},
   pages = {315-341},
   ISSN = {0147-006X},
   year = {2000},
   type = {Journal Article}
}

@article{b10,
   author = {Van den Berg, AV},
   title = {Human smooth pursuit during transient perturbations of predictable and unpredictable target movement},
   journal = {Experimental Brain Research},
   volume = {72},
   number = {1},
   pages = {95},
   ISSN = {0014-4819},
   year = {1988},
   type = {Journal Article}
}

@article{wagemans2012century,
   author = {Wagemans, Johan and Elder, James H and Kubovy, Michael and Palmer, Stephen E and Peterson, Mary A and Singh, Manish and von der Heydt, Rüdiger},
   title = {A century of Gestalt psychology in visual perception: I. Perceptual grouping and figure–ground organization},
   journal = {Psychological bulletin},
   volume = {138},
   number = {6},
   pages = {1172},
   ISSN = {1939-1455},
   year = {2012},
   type = {Journal Article}
}

@article{b4,
   author = {Whittaker, Stephen G and Eaholtz, Galen},
   title = {Learning patterns of eye motion for foveal pursuit},
   journal = {Investigative ophthalmology \& visual science},
   volume = {23},
   number = {3},
   pages = {393-397},
   ISSN = {1552-5783},
   year = {1982},
   type = {Journal Article}
}

@inproceedings{wu2018group,
   author = {Wu, Yuxin and He, Kaiming},
   title = {Group normalization},
   booktitle = {Proceedings of the European conference on computer vision (ECCV)},
   pages = {3-19},
   year = {2018},
   type = {Conference Proceedings}
}

@inproceedings{xie2017aggregated,
   author = {Xie, Saining and Girshick, Ross and Dollár, Piotr and Tu, Zhuowen and He, Kaiming},
   title = {Aggregated residual transformations for deep neural networks},
   booktitle = {Proceedings of the IEEE conference on computer vision and pattern recognition},
   pages = {1492-1500},
   year = {2017},
   type = {Conference Proceedings}
}

@article{yamins2016using,
   author = {Yamins, Daniel LK and DiCarlo, James J},
   title = {Using goal-driven deep learning models to understand sensory cortex},
   journal = {Nature neuroscience},
   volume = {19},
   number = {3},
   pages = {356-365},
   ISSN = {1546-1726},
   year = {2016},
   type = {Journal Article}
}

@inproceedings{yamins2013hierarchical,
   author = {Yamins, Daniel L and Hong, Ha and Cadieu, Charles and DiCarlo, James J},
   title = {Hierarchical modular optimization of convolutional networks achieves representations similar to macaque IT and human ventral stream},
   booktitle = {Advances in neural information processing systems},
   pages = {3093-3101},
   year = {2013},
   type = {Conference Proceedings}
}

@article{yamins2014performance,
   author = {Yamins, Daniel LK and Hong, Ha and Cadieu, Charles F and Solomon, Ethan A and Seibert, Darren and DiCarlo, James J},
   title = {Performance-optimized hierarchical models predict neural responses in higher visual cortex},
   journal = {Proceedings of the National Academy of Sciences},
   volume = {111},
   number = {23},
   pages = {8619-8624},
   ISSN = {0027-8424},
   year = {2014},
   type = {Journal Article}
}

@article{b16,
   author = {Yasui, S and Young, LR},
   title = {On the predictive control of foveal eye tracking and slow phases of optokinetic and vestibular nystagmus},
   journal = {The Journal of physiology},
   volume = {347},
   number = {1},
   pages = {17-33},
   ISSN = {0022-3751},
   year = {1984},
   type = {Journal Article}
}

@inproceedings{UnitBox,
   author = {Yu, Jiahui and Jiang, Yuning and Wang, Zhangyang and Cao, Zhimin and Huang, Thomas},
   title = {Unitbox: An advanced object detection network},
   booktitle = {Proceedings of the 24th ACM international conference on Multimedia},
   pages = {516-520},
   year = {2016},
   type = {Conference Proceedings}
}

@inproceedings{zamir2017feedback,
   author = {Zamir, Amir R and Wu, Te-Lin and Sun, Lin and Shen, William B and Shi, Bertram E and Malik, Jitendra and Savarese, Silvio},
   title = {Feedback networks},
   booktitle = {Proceedings of the IEEE Conference on Computer Vision and Pattern Recognition},
   pages = {1308-1317},
   year = {2017},
   type = {Conference Proceedings}
}

@inproceedings{b19,
   author = {Zhang, Chong and Zhao, Yu and Triesch, Jochen and Shi, Bertram E},
   title = {Intrinsically motivated learning of visual motion perception and smooth pursuit},
   booktitle = {2014 IEEE International Conference on Robotics and Automation (ICRA)},
   publisher = {IEEE},
   pages = {1902-1908},
   ISBN = {1479936855},
   year = {2014},
   type = {Conference Proceedings}
}

@inproceedings{Zoph2017NASNetMobile,
   author = {Zoph, Barret and Vasudevan, Vijay and Shlens, Jonathon and Le, Quoc V},
   title = {Learning transferable architectures for scalable image recognition},
   booktitle = {Proceedings of the IEEE conference on computer vision and pattern recognition},
   pages = {8697-8710},
   year = {2018},
   type = {Conference Proceedings}
}























@article{RN1215,
	author = {Li, Zhiyong and Nai, Ke and Li, Guiji and Jiang, Shilong},
	title = {Learning a Dynamic Feature Fusion Tracker for Object Tracking},
	journal = {IEEE Transactions on Intelligent Transportation Systems},
	ISSN = {1524-9050},
	year = {2020},
	type = {Journal Article}
}

@article{RN1002,
	author = {Chen, Peng and Dang, Yuanjie and Liang, Ronghua and Zhu, Wei and He, Xiaofei},
	title = {Real-time object tracking on a drone with multi-inertial sensing data},
	journal = {IEEE Transactions on Intelligent Transportation Systems},
	volume = {19},
	number = {1},
	pages = {131-139},
	ISSN = {1524-9050},
	year = {2017},
	type = {Journal Article}
}

@article{dynamic_fusion,
	author = {Li, Zhiyong and Nai, Ke and Li, Guiji and Jiang, Shilong},
	year = {2020},
	month = {10},
	pages = {1-13},
	title = {Learning a Dynamic Feature Fusion Tracker for Object Tracking},
	volume = {PP},
	journal = {IEEE Transactions on Intelligent Transportation Systems},
	doi = {10.1109/TITS.2020.3027521}
}

@article{weight_sparse,
	title={Robust object tracking via weight-based local sparse appearance model},
	author={Li, Zhiyong and Wang, Dongming and Nai, Ke and Shen, Tong and Zeng, Ying},
	journal={ICNC-FSKD},
	pages={560--565},
	year={2016}
}

@article{local_sparse,
	title={Robust Object Tracking via Local Sparse Appearance Model},
	author={Nai, Ke and Li, Zhiyong and Li, Guiji and Wang, Shanquan},
	journal={IEEE Transactions on Image Processing},
	pages={4958--4970},
	year={2018}
}

@article{multi_pattern,
	title={Multi-pattern correlation tracking},
	author={Nai, Ke and Xiao, Degui and Li, Zhiyong and Jiang, Shilong and Gu, Yu},
	journal={Knowl.-Based Syst.},
	year={2019}
}

@article{memory_improved,
	title={Multi-view correlation tracking with adaptive memory-improved update model},
	author={Li, Guiji and Peng, Manman and Nai, Ke and Li, Zhiyong and Li, Keqin},
	journal={Neural Computing and Applications},
	pages={9047--9063},
	year={2019}
}

@article{expanded_re,
	title={Person re-identification with expanded neighborhoods distance re-ranking},
	author={Lv, Jingyi and Li, Zhiyong and Nai, Ke and Chen, Ying and Yuan, Jin},
	journal={Image and Vision Computing},
	year={2020}
}

@article{k_reciprocal,
	title={Person re-identification based on re-ranking with expanded k-reciprocal nearest neighbors},
	author={Chen, Ying and Yuan, Jin and Li, Zhiyong and Wu, Yiqiang and Nouioua, Mourad and Xie, Guoqi},
	journal={J. Visual Communication and Image Representation},
	pages={486--494},
	year={2019}
}

@article{nonlocal_association,
	author = {Wang, Haidong and Wang, Saizhou and Lv, Jingyi and Hu, Chenming and Li, Zhiyong},
	title = {Non-local attention association scheme for online multi-object tracking},
	journal = {Image and Vision Computing},
	pages = {103983},
	ISSN = {0262-8856},
	year = {2020},
	type = {Journal Article}
}



@article{hadamard,
	title={Hadamard Product for Low-rank Bilinear Pooling},
	author={Kim, Jin-Hwa and On, Woon Kyoung and Kim, Jeonghee and Ha, JungWoo and Zhang, Byoung-Tak},
	journal={ICLR},
	year={2017}
}


@article{clear,
	title={Evaluating multiple object tracking performance: the CLEAR MOT metrics},
	author={Bernardin, Keni and Stiefelhagen, Rainer},
	journal={EURASIP J. Image and Video Processing},
	pages={ArticleNo.1--ArticleNo.1},
	year={2008}
}

@article{auto_driving,
	title={Are we ready for autonomous driving? The KITTI vision benchmark suite},
	author={geiger, andreas and lenz, philip and urtasun, raquel},
	journal={Computer Vision and Pattern Recognition},
	pages={3354--3361},
	year={2012}
}

@article{sdp,
	title={Exploit All the Layers: Fast and Accurate CNN Object Detector with Scale Dependent Pooling and Cascaded Rejection Classifiers},
	author={Yang, Fan and Choi, Wongun and Lin, Yuanqing},
	journal={CVPR},
	pages={2129--2137},
	year={2016}
}


@article{dpm,
	title={Object Detection with Discriminatively Trained Part-Based Models},
	author={Forsyth, David},
	journal={IEEE Computer},
	pages={6--7},
	year={2014}
}

@article{inception,
	title={Rethinking the Inception Architecture for Computer Vision},
	author={szegedy, christian and vanhoucke, vincent and ioffe, sergey and shlens, jonathon and wojna, zbigniew},
	journal={CVPR},
	year={2016}
}

@article{train_mot,
	title={How to Train Your Deep Multi-Object Tracker},
	author={Xu, Yihong and Osep, Aljosa and Ban, Yutong and Horaud, Radu and Leal-Taixé, Laura and Alameda-Pineda, Xavier},
	journal={CVPR},
	pages={6786--6795},
	year={2020}
}

@article{gm_phd,
	title={Multi-Level Cooperative Fusion of GM-PHD Filters for Online Multiple Human Tracking},
	author={Fu, Zeyu and Angelini, Federico and Chambers, Jonathon and Naqvi, Mohsen Syed},
	journal={IEEE Transactions on Multimedia},
	pages={1--1},
	year={2019}
}

@article{dual_matching,
	title={Online Multi-Object Tracking with Dual Matching Attention Networks},
	author={Zhu, Ji and Yang, Hua and Liu, Nian and Kim, Minyoung and Zhang, Wenjun and Yang, Ming-Hsuan},
	journal={ECCV},
	pages={379--396},
	year={2018}
}

@article{deformable,
	title={Deformable Convolutional Networks},
	author={Dai, Jifeng and Qi, Haozhi and Xiong, Yuwen and Li, Yi and Zhang, Guodong and Hu, Han and Wei, Yichen},
	journal={ICCV},
	year={2017}
}


@article{deep_sort,
	title={Simple Online and Realtime Tracking with a Deep Association Metric},
	author={Wojke, Nicolai and Bewley, Alex and Paulus, Dietrich},
	journal={ICIP},
	year={2017}
}

@article{jde,
	title={Towards Real-Time Multi-Object Tracking},
	author={Zhongdao, Wang and Liang, Zheng and Yixuan, Liu and Shengjin, Wang},
	year={2019}
}

@article{bae2017confidence,
   author = {Bae, Seung-Hwan and Yoon, Kuk-Jin},
   title = {Confidence-Based Data Association and Discriminative Deep Appearance Learning for Robust Online Multi-Object Tracking},
   journal = {IEEE Transactions on Pattern Analysis and Machine Intelligence},
   pages = {1-1},
   year = {2018},
   type = {Journal Article}
}

@article{tracktor,
   author = {Bergmann, Philipp and Meinhardt, Tim and Leal-Taixe, Laura},
   title = {Tracking without bells and whistles},
   journal = {arXiv preprint arXiv:1903.05625},
   year = {2019},
   type = {Journal Article}
}

@article{bernardin2008evaluating,
   author = {Bernardin, Keni and Stiefelhagen, Rainer},
   title = {Evaluating multiple object tracking performance: the CLEAR MOT metrics},
   journal = {Journal on Image and Video Processing},
   volume = {2008},
   pages = {1},
   ISSN = {1687-5176},
   year = {2008},
   type = {Journal Article}
}

@inproceedings{bewley2016simple,
   author = {Bewley, Alex and Ge, Zongyuan and Ott, Lionel and Ramos, Fabio and Upcroft, Ben},
   title = {Simple online and realtime tracking},
   booktitle = {2016 IEEE International Conference on Image Processing (ICIP)},
   publisher = {IEEE},
   pages = {3464-3468},
   ISBN = {1467399612},
   year = {2016},
   type = {Conference Proceedings}
}

@inproceedings{bolme2010visual,
   author = {Bolme, David S and Beveridge, J Ross and Draper, Bruce A and Lui, Yui Man},
   title = {Visual object tracking using adaptive correlation filters},
   booktitle = {2010 IEEE computer society conference on computer vision and pattern recognition},
   publisher = {IEEE},
   pages = {2544-2550},
   ISBN = {1424469856},
   year = {2010},
   type = {Conference Proceedings}
}

@inproceedings{cai2018cascade,
   author = {Cai, Zhaowei and Vasconcelos, Nuno},
   title = {Cascade r-cnn: Delving into high quality object detection},
   booktitle = {Proceedings of the IEEE conference on computer vision and pattern recognition},
   pages = {6154-6162},
   year = {2018},
   type = {Conference Proceedings}
}

@inproceedings{chen2017online,
   author = {Chen, Long and Ai, Haizhou and Shang, Chong and Zhuang, Zijie and Bai, Bo},
   title = {Online multi-object tracking with convolutional neural networks},
   booktitle = {2017 IEEE International Conference on Image Processing (ICIP)},
   publisher = {IEEE},
   pages = {645-649},
   ISBN = {1509021752},
   year = {2017},
   type = {Conference Proceedings}
}

@article{famnet,
   author = {Chu, Peng and Ling, Haibin},
   title = {FAMNet: Joint Learning of Feature, Affinity and Multi-dimensional Assignment for Online Multiple Object Tracking},
   journal = {arXiv preprint arXiv:1904.04989},
   year = {2019},
   type = {Journal Article}
}

@article{dendorfer2019cvpr19,
   author = {Dendorfer, Patrick and Rezatofighi, Hamid and Milan, Anton and Shi, Javen and Cremers, Daniel and Reid, Ian and Roth, Stefan and Schindler, Konrad and Leal-Taixe, Laura},
   title = {CVPR19 Tracking and Detection Challenge: How crowded can it get?},
   journal = {arXiv preprint arXiv:1906.04567},
   year = {2019},
   type = {Journal Article}
}

@inproceedings{dollar2009pedestrian,
   author = {Dollár, Piotr and Wojek, Christian and Schiele, Bernt and Perona, Pietro},
   title = {Pedestrian detection: A benchmark},
   booktitle = {2009 IEEE Conference on Computer Vision and Pattern Recognition},
   publisher = {IEEE},
   pages = {304-311},
   ISBN = {1424439922},
   year = {2009},
   type = {Conference Proceedings}
}

@inproceedings{duan2019centernet,
   author = {Duan, Kaiwen and Bai, Song and Xie, Lingxi and Qi, Honggang and Huang, Qingming and Tian, Qi},
   title = {Centernet: Keypoint triplets for object detection},
   booktitle = {Proceedings of the IEEE International Conference on Computer Vision},
   pages = {6569-6578},
   year = {2019},
   type = {Conference Proceedings}
}

@inproceedings{ess2008mobile,
   author = {Ess, Andreas and Leibe, Bastian and Schindler, Konrad and Van Gool, Luc},
   title = {A mobile vision system for robust multi-person tracking},
   booktitle = {2008 IEEE Conference on Computer Vision and Pattern Recognition},
   publisher = {IEEE},
   pages = {1-8},
   ISBN = {1424422426},
   year = {2008},
   type = {Conference Proceedings}
}

@inproceedings{fang2018recurrent,
   author = {Fang, Kuan and Xiang, Yu and Li, Xiaocheng and Savarese, Silvio},
   title = {Recurrent autoregressive networks for online multi-object tracking},
   booktitle = {2018 IEEE Winter Conference on Applications of Computer Vision (WACV)},
   publisher = {IEEE},
   pages = {466-475},
   ISBN = {1538648865},
   year = {2018},
   type = {Conference Proceedings}
}

@article{feng2019multi,
   author = {Feng, Weitao and Hu, Zhihao and Wu, Wei and Yan, Junjie and Ouyang, Wanli},
   title = {Multi-Object Tracking with Multiple Cues and Switcher-Aware Classification},
   journal = {arXiv: Computer Vision and Pattern Recognition},
   year = {2019},
   type = {Journal Article}
}

@article{he2017mask,
   author = {He, Kaiming and Gkioxari, Georgia and Dollar, Piotr and Girshick, Ross},
   title = {Mask R-CNN},
   journal = {IEEE Transactions on Pattern Analysis \& Machine Intelligence},
   volume = {PP},
   number = {99},
   pages = {1-1},
   year = {2017},
   type = {Journal Article}
}

@inproceedings{resnet,
   author = {He, Kaiming and Zhang, Xiangyu and Ren, Shaoqing and Sun, Jian},
   title = {Deep residual learning for image recognition},
   booktitle = {Proceedings of the IEEE conference on computer vision and pattern recognition (CVPR, 2016)},
   pages = {770-778},
   year = {2016},
   type = {Conference Proceedings}
}

@article{kernelized,
   author = {Henriques, João F and Caseiro, Rui and Martins, Pedro and Batista, Jorge},
   title = {High-speed tracking with kernelized correlation filters},
   journal = {IEEE transactions on pattern analysis and machine intelligence},
   volume = {37},
   number = {3},
   pages = {583-596},
   ISSN = {0162-8828},
   year = {2014},
   type = {Journal Article}
}

@inproceedings{henschel2019multiple,
   author = {Henschel, Roberto and Zou, Yunzhe and Rosenhahn, Bodo},
   title = {Multiple people tracking using body and joint detections},
   booktitle = {Proceedings of the IEEE Conference on Computer Vision and Pattern Recognition Workshops},
   pages = {0-0},
   year = {2019},
   type = {Conference Proceedings}
}

@inproceedings{kendall2018multi,
   author = {Kendall, Alex and Gal, Yarin and Cipolla, Roberto},
   title = {Multi-task learning using uncertainty to weigh losses for scene geometry and semantics},
   booktitle = {Proceedings of the IEEE conference on computer vision and pattern recognition},
   pages = {7482-7491},
   year = {2018},
   type = {Conference Proceedings}
}

@inproceedings{kokkinos2017ubernet,
   author = {Kokkinos, Iasonas},
   title = {Ubernet: Training a universal convolutional neural network for low-, mid-, and high-level vision using diverse datasets and limited memory},
   booktitle = {Proceedings of the IEEE Conference on Computer Vision and Pattern Recognition},
   pages = {6129-6138},
   year = {2017},
   type = {Conference Proceedings}
}

@article{kuhn1955hungarian,
   author = {Kuhn, Harold W},
   title = {The Hungarian method for the assignment problem},
   journal = {Naval research logistics quarterly},
   volume = {2},
   number = {1‐2},
   pages = {83-97},
   ISSN = {0028-1441},
   year = {1955},
   type = {Journal Article}
}

@inproceedings{cornernet,
   author = {Law, Hei and Deng, Jia},
   title = {Cornernet: Detecting objects as paired keypoints},
   booktitle = {Proceedings of the European Conference on Computer Vision (ECCV)},
   pages = {734-750},
   year = {2018},
   type = {Conference Proceedings}
}

@article{leal2015motchallenge,
   author = {Leal-Taixé, Laura and Milan, Anton and Reid, Ian and Roth, Stefan and Schindler, Konrad},
   title = {Motchallenge 2015: Towards a benchmark for multi-target tracking},
   journal = {arXiv preprint arXiv:1504.01942},
   year = {2015},
   type = {Journal Article}
}

@inproceedings{fpn,
   author = {Lin, Tsung-Yi and Dollár, Piotr and Girshick, Ross and He, Kaiming and Hariharan, Bharath and Belongie, Serge},
   title = {Feature pyramid networks for object detection},
   booktitle = {Proceedings of the IEEE conference on computer vision and pattern recognition},
   pages = {2117-2125},
   year = {2017},
   type = {Conference Proceedings}
}

@inproceedings{lin2017focal,
   author = {Lin, Tsung-Yi and Goyal, Priya and Girshick, Ross and He, Kaiming and Dollár, Piotr},
   title = {Focal loss for dense object detection},
   booktitle = {Proceedings of the IEEE international conference on computer vision},
   pages = {2980-2988},
   year = {2017},
   type = {Conference Proceedings}
}

@inproceedings{lin2014microsoft,
   author = {Lin, Tsung-Yi and Maire, Michael and Belongie, Serge and Hays, James and Perona, Pietro and Ramanan, Deva and Dollár, Piotr and Zitnick, C Lawrence},
   title = {Microsoft coco: Common objects in context},
   booktitle = {European conference on computer vision},
   publisher = {Springer},
   pages = {740-755},
   year = {2014},
   type = {Conference Proceedings}
}

@inproceedings{Liu2016,
   author = {Liu, Wei and Anguelov, Dragomir and Erhan, Dumitru and Szegedy, Christian and Reed, Scott and Fu, Cheng-Yang and Berg, Alexander C},
   title = {Ssd: Single shot multibox detector},
   booktitle = {European conference on computer vision},
   publisher = {Springer},
   pages = {21-37},
   year = {2016},
   type = {Conference Proceedings}
}

@inproceedings{chen2018real,
   author = {Long, Chen and Haizhou, Ai and Zijie, Zhuang and Chong, Shang},
   title = {Real-time multiple people tracking with deeply learned candidate selection and person re-identification},
   booktitle = {ICME},
   volume = {5},
   pages = {8},
   year = {2018},
   type = {Conference Proceedings}
}

@inproceedings{Lyu2017,
   author = {Lyu, Siwei and Chang, Ming-Ching and Du, Dawei and Li, Wenbo and Wei, Yi and Del Coco, Marco and Carcagnì, Pierluigi and Schumann, Arne and Munjal, Bharti and Choi, Doo-Hyun},
   title = {UA-DETRAC 2018: Report of AVSS2018 \& IWT4S challenge on advanced traffic monitoring},
   booktitle = {2018 15th IEEE International Conference on Advanced Video and Signal Based Surveillance (AVSS)},
   publisher = {IEEE},
   pages = {1-6},
   ISBN = {1538692945},
   year = {2018},
   type = {Conference Proceedings}
}

@article{maaten2008visualizing,
   author = {Maaten, Laurens van der and Hinton, Geoffrey},
   title = {Visualizing data using t-SNE},
   journal = {Journal of machine learning research},
   volume = {9},
   number = {Nov},
   pages = {2579-2605},
   year = {2008},
   type = {Journal Article}
}

@article{mahmoudi2019multi,
   author = {Mahmoudi, Nima and Ahadi, Seyed Mohammad and Rahmati, Mohammad},
   title = {Multi-target tracking using CNN-based features: CNNMTT},
   journal = {Multimedia Tools and Applications},
   volume = {78},
   number = {6},
   pages = {7077-7096},
   ISSN = {1380-7501},
   year = {2019},
   type = {Journal Article}
}

@article{mot16,
   author = {Milan, Anton and Leal-Taixe, Laura and Reid, Ian and Roth, Stefan and Schindler, Konrad},
   title = {MOT16: A Benchmark for Multi-Object Tracking},
   year = {2016},
   type = {Journal Article}
}

@article{Munkres1957,
   author = {Munkres and James},
   title = {Algorithms for the Assignment and Transportation Problems},
   journal = {Journal of the Society for Industrial \& Applied Mathematics},
   volume = {5},
   number = {1},
   pages = {32-38},
   type = {Journal Article}
}

@inproceedings{pytorch,
   author = {Paszke, Adam and Gross, Sam and Massa, Francisco and Lerer, Adam and Bradbury, James and Chanan, Gregory and Killeen, Trevor and Lin, Zeming and Gimelshein, Natalia and Antiga, Luca},
   title = {PyTorch: An imperative style, high-performance deep learning library},
   booktitle = {Advances in Neural Information Processing Systems (NIPS, 2019)},
   pages = {8024-8035},
   year = {2019},
   type = {Conference Proceedings}
}

@article{ranjan2017hyperface,
   author = {Ranjan, Rajeev and Patel, Vishal M and Chellappa, Rama},
   title = {Hyperface: A deep multi-task learning framework for face detection, landmark localization, pose estimation, and gender recognition},
   journal = {IEEE Transactions on Pattern Analysis and Machine Intelligence},
   volume = {41},
   number = {1},
   pages = {121-135},
   ISSN = {0162-8828},
   year = {2017},
   type = {Journal Article}
}

@article{redmon2018yolov3,
   author = {Redmon, Joseph and Farhadi, Ali},
   title = {Yolov3: An incremental improvement},
   journal = {arXiv preprint arXiv:1804.02767},
   year = {2018},
   type = {Journal Article}
}

@inproceedings{faster,
   author = {Ren, Shaoqing and He, Kaiming and Girshick, Ross and Sun, Jian},
   title = {Faster R-CNN: towards real-time object detection with region proposal networks},
   booktitle = {International Conference on Neural Information Processing Systems (NIPS 2015)},
   pages = {91-99},
   year = {2015},
   type = {Conference Proceedings}
}

@inproceedings{ristani2016performance,
   author = {Ristani, Ergys and Solera, Francesco and Zou, Roger and Cucchiara, Rita and Tomasi, Carlo},
   title = {Performance measures and a data set for multi-target, multi-camera tracking},
   booktitle = {European Conference on Computer Vision (ECCV, 2016)},
   publisher = {Springer},
   pages = {17-35},
   year = {2016},
   type = {Conference Proceedings}
}

@inproceedings{sanchez2016online,
   author = {Sanchez-Matilla, Ricardo and Poiesi, Fabio and Cavallaro, Andrea},
   title = {Online multi-target tracking with strong and weak detections},
   booktitle = {European Conference on Computer Vision},
   publisher = {Springer},
   pages = {84-99},
   year = {2016},
   type = {Conference Proceedings}
}

@inproceedings{sener2018multi,
   author = {Sener, Ozan and Koltun, Vladlen},
   title = {Multi-task learning as multi-objective optimization},
   booktitle = {Advances in Neural Information Processing Systems},
   pages = {527-538},
   year = {2018},
   type = {Conference Proceedings}
}

@inproceedings{sun2019hrnet,
   author = {Sun, Ke and Xiao, Bin and Liu, Dong and Wang, Jingdong},
   title = {Deep High-Resolution Representation Learning for Human Pose Estimation},
   year = {2019},
   type = {Conference Proceedings}
}

@article{dan,
   author = {Sun, ShiJie and Akhtar, Naveed and Song, HuanSheng and Mian, Ajmal S and Shah, Mubarak},
   title = {Deep affinity network for multiple object tracking},
   journal = {IEEE transactions on pattern analysis and machine intelligence},
   ISSN = {0162-8828},
   year = {2019},
   type = {Journal Article}
}

@article{voigtlaender2019mots,
   author = {Voigtlaender, Paul and Krause, Michael and Osep, Aljosa and Luiten, Jonathon and Sekar, Balachandar Gnana Berin and Geiger, Andreas and Leibe, Bastian},
   title = {MOTS: Multi-Object Tracking and Segmentation},
   journal = {CVPR},
   pages = {7942-7951},
   year = {2019},
   type = {Journal Article}
}

@inproceedings{wan2018multi,
   author = {Wan, Xingyu and Wang, Jinjun and Kong, Zhifeng and Zhao, Qing and Deng, Shunming},
   title = {Multi-object tracking using online metric learning with long short-term memory},
   booktitle = {2018 25th IEEE International Conference on Image Processing (ICIP)},
   publisher = {IEEE},
   pages = {788-792},
   ISBN = {1479970611},
   year = {2018},
   type = {Conference Proceedings}
}

@article{wang2019deep,
   author = {Wang, Jingdong and Sun, Ke and Cheng, Tianheng and Jiang, Borui and Deng, Chaorui and Zhao, Yang and Liu, Dong and Mu, Yadong and Tan, Mingkui and Wang, Xinggang},
   title = {Deep high-resolution representation learning for visual recognition},
   journal = {IEEE transactions on pattern analysis and machine intelligence},
   ISSN = {0162-8828},
   year = {2020},
   type = {Journal Article}
}

@inproceedings{welch1995introduction,
   author = {Welch, Greg and Bishop, Gary},
   title = {An introduction to the Kalman filter},
   publisher = {Citeseer},
   year = {1995},
   type = {Conference Proceedings}
}

@inproceedings{xiang2015learning,
   author = {Xiang, Yu and Alahi, Alexandre and Savarese, Silvio},
   title = {Learning to Track: Online Multi-object Tracking by Decision Making},
   booktitle = {IEEE International Conference on Computer Vision},
   pages = {4705-4713},
   year = {2015},
   type = {Conference Proceedings}
}

@inproceedings{xiao2017joint,
   author = {Xiao, Tong and Li, Shuang and Wang, Bochao and Lin, Liang and Wang, Xiaogang},
   title = {Joint detection and identification feature learning for person search},
   booktitle = {Proceedings of the IEEE Conference on Computer Vision and Pattern Recognition},
   pages = {3415-3424},
   year = {2017},
   type = {Conference Proceedings}
}

@inproceedings{poi,
   author = {Yu, Fengwei and Li, Wenbo and Li, Quanquan and Liu, Yu and Shi, Xiaohua and Yan, Junjie},
   title = {Poi: Multiple object tracking with high performance detection and appearance feature},
   booktitle = {European Conference on Computer Vision},
   publisher = {Springer},
   pages = {36-42},
   year = {2016},
   type = {Conference Proceedings}
}

@inproceedings{dla,
   author = {Yu, Fisher and Wang, Dequan and Shelhamer, Evan and Darrell, Trevor},
   title = {Deep layer aggregation},
   booktitle = {Proceedings of the IEEE conference on computer vision and pattern recognition},
   pages = {2403-2412},
   year = {2018},
   type = {Conference Proceedings}
}

@inproceedings{zhang2017citypersons,
   author = {Zhang, Shanshan and Benenson, Rodrigo and Schiele, Bernt},
   title = {Citypersons: A diverse dataset for pedestrian detection},
   booktitle = {Proceedings of the IEEE Conference on Computer Vision and Pattern Recognition},
   pages = {3213-3221},
   year = {2017},
   type = {Conference Proceedings}
}

@inproceedings{sgd,
   author = {Zhang, Sixin and Choromanska, Anna E and LeCun, Yann},
   title = {Deep learning with elastic averaging SGD},
   booktitle = {Advances in neural information processing systems},
   pages = {685-693},
   year = {2015},
   type = {Conference Proceedings}
}

@article{fairmot,
   title={Fairmot: On the fairness of detection and re-identification in multiple object tracking},
   author={Zhang, Yifu and Wang, Chunyu and Wang, Xinggang and Zeng, Wenjun and Liu, Wenyu},
   journal={International Journal of Computer Vision},
   volume={129},
   pages={3069--3087},
   year={2021},
   publisher={Springer}
}

@inproceedings{zheng2017person,
   author = {Zheng, Liang and Zhang, Hengheng and Sun, Shaoyan and Chandraker, Manmohan and Yang, Yi and Tian, Qi},
   title = {Person re-identification in the wild},
   booktitle = {Proceedings of the IEEE Conference on Computer Vision and Pattern Recognition},
   pages = {1367-1376},
   year = {2017},
   type = {Conference Proceedings}
}

@article{point,
   author = {Zhou, Xingyi and Wang, Dequan and Krähenbühl, Philipp},
   title = {Objects as points},
   journal = {arXiv preprint arXiv:1904.07850},
   year = {2019},
   type = {Journal Article}
}

@inproceedings{zhou2019bottom,
   author = {Zhou, Xingyi and Zhuo, Jiacheng and Krahenbuhl, Philipp},
   title = {Bottom-up object detection by grouping extreme and center points},
   booktitle = {Proceedings of the IEEE Conference on Computer Vision and Pattern Recognition},
   pages = {850-859},
   year = {2019},
   type = {Conference Proceedings}
}

@inproceedings{zhou2018online,
   author = {Zhou, Zongwei and Xing, Junliang and Zhang, Mengdan and Hu, Weiming},
   title = {Online multi-target tracking with tensor-based high-order graph matching},
   booktitle = {2018 24th International Conference on Pattern Recognition (ICPR)},
   publisher = {IEEE},
   pages = {1809-1814},
   ISBN = {153863788X},
   year = {2018},
   type = {Conference Proceedings}
}

@inproceedings{zhu2019deformable,
   author = {Zhu, Xizhou and Hu, Han and Lin, Stephen and Dai, Jifeng},
   title = {Deformable convnets v2: More deformable, better results},
   booktitle = {Proceedings of the IEEE Conference on Computer Vision and Pattern Recognition},
   pages = {9308-9316},
   year = {2019},
   type = {Conference Proceedings}
}

@Comment{jabref-meta: databaseType:bibtex;}
