@inproceedings{conneau-etal-2020-unsupervised,title = "Unsupervised Cross-lingual Representation Learning at Scale",author = "Conneau, Alexis and Khandelwal, Kartikay and Goyal, Naman and Chaudhary, Vishrav and Wenzek, Guillaume and Guzm{\'a}n, Francisco and Grave, Edouard and Ott, Myle and Zettlemoyer, Luke and Stoyanov, Veselin",editor = "Jurafsky, Dan and Chai, Joyce and Schluter, Natalie and Tetreault, Joel",booktitle = ACL:2020:main,month = jul,year = "2020",address = "Online",publisher = acl,url = anth # {2020.acl-main.747/},doi = "10.18653/v1/2020.acl-main.747",pages = "8440--8451"
}

@inproceedings{han-etal-2024-david,title = "{D}avid helps Goliath: Inference-Time Collaboration Between Small Specialized and Large General Diffusion {LM}s",author = "Han, Xiaochuang and Kumar, Sachin and Tsvetkov, Yulia and Ghazvininejad, Marjan",editor = "Duh, Kevin and Gomez, Helena and Bethard, Steven",booktitle = NAACL:2024:long,month = jun,year = "2024",address = "Mexico City, Mexico",publisher = acl,url = anth # {2024.naacl-long.464/},doi = "10.18653/v1/2024.naacl-long.464",pages = "8385--8400"
}

@inproceedings{karimi-mahabadi-etal-2024-tess,title = "{TESS}: Text-to-Text Self-Conditioned Simplex Diffusion",author = "Karimi Mahabadi, Rabeeh and Ivison, Hamish and Tae, Jaesung and Henderson, James and Beltagy, Iz and Peters, Matthew and Cohan, Arman",editor = "Graham, Yvette and Purver, Matthew",booktitle = EACL:2024:long,month = mar,year = "2024",address = "St. Julian{'}s, Malta",publisher = acl,url = anth # {2024.eacl-long.144/},pages = "2347--2361"
}

@inproceedings{mishra-etal-2022-cross,title = "Cross-Task Generalization via Natural Language Crowdsourcing Instructions",author = "Mishra, Swaroop and Khashabi, Daniel and Baral, Chitta and Hajishirzi, Hannaneh",editor = "Muresan, Smaranda and Nakov, Preslav and Villavicencio, Aline",booktitle = ACL:2022:long,month = may,year = "2022",address = "Dublin, Ireland",publisher = acl,url = anth # {2022.acl-long.244/},doi = "10.18653/v1/2022.acl-long.244",pages = "3470--3487"
}

