@article{CoAS-Net,
  title={CoAS-Net: Context-Aware Suction Network With a Large-Scale Domain Randomized Synthetic Dataset},
  author={Son, Yeong Gwang and Bui, Tat Hieu and Hong, Juyong and Kim, Yong Hyeon and Moon, Seung Jae and Kim, Chun Soo and Rhee, Issac and Kang, Hansol and Choi, Hyouk Ryeol},
  journal={IEEE Robotics and Automation Letters},
  volume={9},
  number={1},
  pages={827--834},
  year={2023},
  publisher={IEEE}
}

@article{SD-Net,
  title={SD-Net: Symmetric-Aware Keypoint Prediction and Domain Adaptation for 6D Pose Estimation In Bin-picking Scenarios},
  author={Huang, Ding-Tao and Lin, En-Te and Chen, Lipeng and Liu, Li-Fu and Zeng, Long},
  journal={arXiv preprint arXiv:2403.09317},
  year={2024}
}

@article{Sim-Suction,
  title={Sim-Suction: Learning a Suction Grasp Policy for Cluttered Environments Using a Synthetic Benchmark},
  author={Li, Juncheng and Cappelleri, David J},
  journal={IEEE Transactions on Robotics},
  year={2023},
  publisher={IEEE}
}

@article{Suctionnet,
  title={Suctionnet-1billion: A large-scale benchmark for suction grasping},
  author={Cao, Hanwen and Fang, Hao-Shu and Liu, Wenhai and Lu, Cewu},
  journal={IEEE Robotics and Automation Letters},
  volume={6},
  number={4},
  pages={8718--8725},
  year={2021},
  publisher={IEEE}
}

@article{gan,
  title={Generative adversarial nets},
  author={Goodfellow, Ian and Pouget-Abadie, Jean and Mirza, Mehdi and Xu, Bing and Warde-Farley, David and Ozair, Sherjil and Courville, Aaron and Bengio, Yoshua},
  journal={Advances in neural information processing systems},
  volume={27},
  year={2014}
}

@inproceedings{hernandez2017team,
  title={Team delftâ€™s robot winner of the amazon picking challenge 2016},
  author={Hernandez, Carlos and Bharatheesha, Mukunda and Ko, Wilson and Gaiser, Hans and Tan, Jethro and van Deurzen, Kanter and de Vries, Maarten and Van Mil, Bas and van Egmond, Jeff and Burger, Ruben and others},
  booktitle={RoboCup 2016: Robot World Cup XX 20},
  pages={613--624},
  year={2017},
  organization={Springer}
}

@article{ho2020denoising,
  title={Denoising diffusion probabilistic models},
  author={Ho, Jonathan and Jain, Ajay and Abbeel, Pieter},
  journal={Advances in neural information processing systems},
  volume={33},
  pages={6840--6851},
  year={2020}
}

@inproceedings{p1,
  title={{PPR}-{N}et: point-wise pose regression network for instance segmentation and 6d pose estimation in bin-picking scenarios},
  author={Dong, Zhikai and Liu, Sicheng and Zhou, Tao and Cheng, Hui and Zeng, Long and Yu, Xingyao and Liu, Houde},
  booktitle={2019 IEEE/RSJ International Conference on Intelligent Robots and Systems (IROS)},
  pages={1773--1780},
  year={2019},
  organization={IEEE}
}

@article{p2,
  title={{PPR-N}et++: accurate 6-D pose estimation in stacked scenarios},
  author={Zeng, Long and Lv, Wei Jie and Dong, Zhi Kai and Liu, Yong Jin},
  journal={IEEE Transactions on Automation Science and Engineering},
  volume={19},
  number={4},
  pages={3139--3151},
  year={2021},
  publisher={IEEE}
}

@inproceedings{parametricnet,
  title={ParametricNet: 6DoF pose estimation network for parametric shapes in stacked scenarios},
  author={Zeng, Long and Lv, Wei Jie and Zhang, Xin Yu and Liu, Yong Jin},
  booktitle={2021 IEEE International Conference on Robotics and Automation (ICRA)},
  pages={772--778},
  year={2021},
  organization={IEEE}
}

@inproceedings{pvn3d,
  title={{PVN3D}: A deep point-wise 3d keypoints voting network for 6dof pose estimation},
  author={He, Yisheng and Sun, Wei and Huang, Haibin and Liu, Jianran and Fan, Haoqiang and Sun, Jian},
  booktitle={Proceedings of the IEEE/CVF conference on computer vision and pattern recognition},
  pages={11632--11641},
  year={2020}
}

@inproceedings{shao2019suction,
  title={Suction grasp region prediction using self-supervised learning for object picking in dense clutter},
  author={Shao, Quanquan and Hu, Jie and Wang, Weiming and Fang, Yi and Liu, Wenhai and Qi, Jin and Ma, Jin},
  booktitle={2019 IEEE 5th International Conference on Mechatronics System and Robots (ICMSR)},
  pages={7--12},
  year={2019},
  organization={IEEE}
}

@article{uncertainty,
  title={Uncertainty-Aware Suction Grasping for Cluttered Scenes},
  author={Cao, Rui and Yang, Biqi and Li, Yichuan and Fu, Chi-Wing and Heng, Pheng-Ann and Liu, Yun-Hui},
  journal={IEEE Robotics and Automation Letters},
  year={2024},
  publisher={IEEE}
}

@article{vae,
  title={Auto-encoding variational bayes},
  author={Kingma, Diederik P},
  journal={arXiv preprint arXiv:1312.6114},
  year={2013}
}

@article{zeng2022robotic,
  title={Robotic pick-and-place of novel objects in clutter with multi-affordance grasping and cross-domain image matching},
  author={Zeng, Andy and Song, Shuran and Yu, Kuan-Ting and Donlon, Elliott and Hogan, Francois R and Bauza, Maria and Ma, Daolin and Taylor, Orion and Liu, Melody and Romo, Eudald and others},
  journal={The International Journal of Robotics Research},
  volume={41},
  number={7},
  pages={690--705},
  year={2022},
  publisher={SAGE Publications Sage UK: London, England}
}

@article{zhang2023robot,
  title={Robot suction region prediction method from knowledge to learning in disordered manufacturing scenarios},
  author={Zhang, Tongjia and Zhang, Chengrui and Ji, Shuai and Hu, Tianliang},
  journal={Engineering Applications of Artificial Intelligence},
  volume={120},
  pages={105928},
  year={2023},
  publisher={Elsevier}
}

