


@inproceedings{zhaoliang,
  title={Domain Adaptation on Point Clouds for 6D Pose Estimation in Bin-Picking Scenarios},
  author={Zhao, Liang and Sun, Meng and Lv, Wei Jie and Zhang, Xin Yu and Zeng, Long},
  booktitle={2023 IEEE/RSJ International Conference on Intelligent Robots and Systems (IROS)},
  pages={2925--2931},
  year={2023},
  organization={IEEE}
}

@article{sketch,
  title={Sketch-based retrieval and instantiation of parametric parts},
  author={Zeng, Long and Dong, Zhi-kai and Yu, Jia-yi and Hong, Jun and Wang, Hong-yu},
  journal={Computer-Aided Design},
  volume={113},
  pages={82--95},
  year={2019},
  publisher={Elsevier}
}













@inproceedings{PPF,
  title={Model globally, match locally: Efficient and robust 3D object recognition},
  author={Drost, Bertram and Ulrich, Markus and Navab, Nassir and Ilic, Slobodan},
  booktitle={2010 IEEE computer society conference on computer vision and pattern recognition},
  pages={998--1005},
  year={2010},
  organization={Ieee}
}
@inproceedings{Hinterstoisser1,
  title={Multimodal templates for real-time detection of texture-less objects in heavily cluttered scenes},
  author={Hinterstoisser, Stefan and Holzer, Stefan and Cagniart, Cedric and Ilic, Slobodan and Konolige, Kurt and Navab, Nassir and Lepetit, Vincent},
  booktitle={2011 international conference on computer vision},
  pages={858--865},
  year={2011},
  organization={IEEE}
}
@inproceedings{Hinterstoisser2,
  title={Model based training, detection and pose estimation of texture-less 3d objects in heavily cluttered scenes},
  author={Hinterstoisser, Stefan and Lepetit, Vincent and Ilic, Slobodan and Holzer, Stefan and Bradski, Gary and Konolige, Kurt and Navab, Nassir},
  booktitle={Computer Vision--ACCV 2012: 11th Asian Conference on Computer Vision, Daejeon, Korea, November 5-9, 2012, Revised Selected Papers, Part I 11},
  pages={548--562},
  year={2013},
  organization={Springer}
}
@inproceedings{ICP,
  title={Method for registration of 3-D shapes},
  author={Besl, Paul J and McKay, Neil D},
  booktitle={Sensor fusion IV: control paradigms and data structures},
  volume={1611},
  pages={586--606},
  year={1992},
  organization={Spie}
}












@inproceedings{Ssd-6d,
  title={Ssd-6d: Making rgb-based 3d detection and 6d pose estimation great again},
  author={Kehl, Wadim and Manhardt, Fabian and Tombari, Federico and Ilic, Slobodan and Navab, Nassir},
  booktitle={Proceedings of the IEEE international conference on computer vision},
  pages={1521--1529},
  year={2017}
}
@inproceedings{ssd,
  title={Ssd: Single shot multibox detector},
  author={Liu, Wei and Anguelov, Dragomir and Erhan, Dumitru and Szegedy, Christian and Reed, Scott and Fu, Cheng-Yang and Berg, Alexander C},
  booktitle={Computer Vision--ECCV 2016: 14th European Conference, Amsterdam, The Netherlands, October 11--14, 2016, Proceedings, Part I 14},
  pages={21--37},
  year={2016},
  organization={Springer}
}
@article{posecnn,
  title={Posecnn: A convolutional neural network for 6d object pose estimation in cluttered scenes},
  author={Xiang, Yu and Schmidt, Tanner and Narayanan, Venkatraman and Fox, Dieter},
  journal={arXiv preprint arXiv:1711.00199},
  year={2017}
}
@inproceedings{densefusion,
  title={Densefusion: 6d object pose estimation by iterative dense fusion},
  author={Wang, Chen and Xu, Danfei and Zhu, Yuke and Mart{\'\i}n-Mart{\'\i}n, Roberto and Lu, Cewu and Fei-Fei, Li and Savarese, Silvio},
  booktitle={Proceedings of the IEEE/CVF conference on computer vision and pattern recognition},
  pages={3343--3352},
  year={2019}
}
@article{sock,
  title={Multi-task deep networks for depth-based 6d object pose and joint registration in crowd scenarios},
  author={Sock, Juil and Kim, Kwang In and Sahin, Caner and Kim, Tae-Kyun},
  journal={arXiv preprint arXiv:1806.03891},
  year={2018}
}
@inproceedings{p1,
  title={{PPR}-{N}et: point-wise pose regression network for instance segmentation and 6d pose estimation in bin-picking scenarios},
  author={Dong, Zhikai and Liu, Sicheng and Zhou, Tao and Cheng, Hui and Zeng, Long and Yu, Xingyao and Liu, Houde},
  booktitle={2019 IEEE/RSJ International Conference on Intelligent Robots and Systems (IROS)},
  pages={1773--1780},
  year={2019},
  organization={IEEE}
}
@article{p2,
  title={{PPR-N}et++: accurate 6-D pose estimation in stacked scenarios},
  author={Zeng, Long and Lv, Wei Jie and Dong, Zhi Kai and Liu, Yong Jin},
  journal={IEEE Transactions on Automation Science and Engineering},
  volume={19},
  number={4},
  pages={3139--3151},
  year={2021},
  publisher={IEEE}
}

@article{MPP-Net,
  title={A 6{D}o{F} Pose Estimation Dataset and Network for Multiple Parametric Shapes in Stacked Scenarios},
  author={Zhang, Xinyu and Lv, Weijie and Zeng, Long},
  journal={Machines},
  volume={9},
  number={12},
  pages={321},
  year={2021},
  publisher={MDPI}
}
@inproceedings{opnet1,
  title={Single shot 6d object pose estimation},
  author={Kleeberger, Kilian and Huber, Marco F},
  booktitle={2020 IEEE International Conference on Robotics and Automation (ICRA)},
  pages={6239--6245},
  year={2020},
  organization={IEEE}
}
@inproceedings{opnet2,
  title={Investigations on output parameterizations of neural networks for single shot 6d object pose estimation},
  author={Kleeberger, Kilian and V{\"o}lk, Markus and Bormann, Richard and Huber, Marco F},
  booktitle={2021 IEEE International Conference on Robotics and Automation (ICRA)},
  pages={13916--13922},
  year={2021},
  organization={IEEE}
}









@inproceedings{pix2pose,
  title={Pix2pose: Pixel-wise coordinate regression of objects for 6d pose estimation},
  author={Park, Kiru and Patten, Timothy and Vincze, Markus},
  booktitle={Proceedings of the IEEE/CVF International Conference on Computer Vision},
  pages={7668--7677},
  year={2019}
}

@inproceedings{Dpod,
  title={Dpod: 6d pose object detector and refiner},
  author={Zakharov, Sergey and Shugurov, Ivan and Ilic, Slobodan},
  booktitle={Proceedings of the IEEE/CVF international conference on computer vision},
  pages={1941--1950},
  year={2019}
}
@inproceedings{Bb8,
  title={Bb8: A scalable, accurate, robust to partial occlusion method for predicting the 3d poses of challenging objects without using depth},
  author={Rad, Mahdi and Lepetit, Vincent},
  booktitle={Proceedings of the IEEE international conference on computer vision},
  pages={3828--3836},
  year={2017}
}
@inproceedings{YOLO-6D,
  title={Real-time seamless single shot 6d object pose prediction},
  author={Tekin, Bugra and Sinha, Sudipta N and Fua, Pascal},
  booktitle={Proceedings of the IEEE conference on computer vision and pattern recognition},
  pages={292--301},
  year={2018}
}
@article{3D-SSD,
  title={3d-ssd: Learning hierarchical features from rgb-d images for amodal 3d object detection},
  author={Luo, Qianhui and Ma, Huifang and Tang, Li and Wang, Yue and Xiong, Rong},
  journal={Neurocomputing},
  volume={378},
  pages={364--374},
  year={2020},
  publisher={Elsevier}
}
@inproceedings{heat1,
  title={Stacked hourglass networks for human pose estimation},
  author={Newell, Alejandro and Yang, Kaiyu and Deng, Jia},
  booktitle={Computer Vision--ECCV 2016: 14th European Conference, Amsterdam, The Netherlands, October 11-14, 2016, Proceedings, Part VIII 14},
  pages={483--499},
  year={2016},
  organization={Springer}
}
@inproceedings{heat2,
  title={Making deep heatmaps robust to partial occlusions for 3d object pose estimation},
  author={Oberweger, Markus and Rad, Mahdi and Lepetit, Vincent},
  booktitle={Proceedings of the European Conference on Computer Vision (ECCV)},
  pages={119--134},
  year={2018}
}
@inproceedings{pvnet,
  title={{PVN}et: Pixel-wise voting network for 6dof pose estimation},
  author={Peng, Sida and Liu, Yuan and Huang, Qixing and Zhou, Xiaowei and Bao, Hujun},
  booktitle={Proceedings of the IEEE/CVF Conference on Computer Vision and Pattern Recognition},
  pages={4561--4570},
  year={2019}
}
@inproceedings{pvn3d,
  title={{PVN3D}: A deep point-wise 3d keypoints voting network for 6dof pose estimation},
  author={He, Yisheng and Sun, Wei and Huang, Haibin and Liu, Jianran and Fan, Haoqiang and Sun, Jian},
  booktitle={Proceedings of the IEEE/CVF conference on computer vision and pattern recognition},
  pages={11632--11641},
  year={2020}
}
@inproceedings{ffb6d,
  title={Ffb6d: A full flow bidirectional fusion network for 6d pose estimation},
  author={He, Yisheng and Huang, Haibin and Fan, Haoqiang and Chen, Qifeng and Sun, Jian},
  booktitle={Proceedings of the IEEE/CVF Conference on Computer Vision and Pattern Recognition},
  pages={3003--3013},
  year={2021}
}
@inproceedings{SIFT,
  title={Object recognition from local scale-invariant features},
  author={Lowe, David G},
  booktitle={Proceedings of the seventh IEEE international conference on computer vision},
  volume={2},
  pages={1150--1157},
  year={1999},
  organization={Ieee}
}
@inproceedings{parametricnet,
  title={ParametricNet: 6DoF pose estimation network for parametric shapes in stacked scenarios},
  author={Zeng, Long and Lv, Wei Jie and Zhang, Xin Yu and Liu, Yong Jin},
  booktitle={2021 IEEE International Conference on Robotics and Automation (ICRA)},
  pages={772--778},
  year={2021},
  organization={IEEE}
}
@article{duan1,
  title={Rede: End-to-end object 6d pose robust estimation using differentiable outliers elimination},
  author={Hua, Weitong and Zhou, Zhongxiang and Wu, Jun and Huang, Huang and Wang, Yue and Xiong, Rong},
  journal={IEEE Robotics and Automation Letters},
  volume={6},
  number={2},
  pages={2886--2893},
  year={2021},
  publisher={IEEE}
}
@article{duan2,
  title={E2EK: End-to-end regression network based on keypoint for 6D pose estimation},
  author={Lin, Shifeng and Wang, Zunran and Ling, Yonggen and Tao, Yidan and Yang, Chenguang},
  journal={IEEE Robotics and Automation Letters},
  volume={7},
  number={3},
  pages={6526--6533},
  year={2022},
  publisher={IEEE}
}
@article{ORB-FPS,
  title={A 3D Keypoints Voting Network for 6DoF Pose Estimation in Indoor Scene},
  author={Liu, Huikai and Liu, Gaorui and Zhang, Yue and Lei, Linjian and Xie, Hui and Li, Yan and Sun, Shengli},
  journal={Machines},
  volume={9},
  number={10},
  pages={230},
  year={2021},
  publisher={MDPI}
}
@inproceedings{ORB,
  title={ORB: An efficient alternative to SIFT or SURF},
  author={Rublee, Ethan and Rabaud, Vincent and Konolige, Kurt and Bradski, Gary},
  booktitle={2011 International conference on computer vision},
  pages={2564--2571},
  year={2011},
  organization={Ieee}
}
@article{krf,
  title={KRF: Keypoint Refinement with Fusion Network for 6D Pose Estimation},
  author={Zhan, Irvin Haozhe and Han, Yiheng and Wang, Yu-Ping and Zeng, Long and Liu, Yong-Jin},
  journal={arXiv preprint arXiv:2210.03437},
  year={2022}
}





@article{least,
  title={Least-squares fitting of two 3-D point sets},
  author={Arun, K Somani and Huang, Thomas S and Blostein, Steven D},
  journal={IEEE Transactions on pattern analysis and machine intelligence},
  number={5},
  pages={698--700},
  year={1987},
  publisher={IEEE}
}
@article{pointnet++,
  title={Pointnet++: Deep hierarchical feature learning on point sets in a metric space},
  author={Qi, Charles Ruizhongtai and Yi, Li and Su, Hao and Guibas, Leonidas J},
  journal={Advances in neural information processing systems},
  volume={30},
  year={2017}
}
@inproceedings{pointnet,
  title={Pointnet: Deep learning on point sets for 3d classification and segmentation},
  author={Qi, Charles R and Su, Hao and Mo, Kaichun and Guibas, Leonidas J},
  booktitle={Proceedings of the IEEE conference on computer vision and pattern recognition},
  pages={652--660},
  year={2017}
}
@article{dgcnn,
  title={Dynamic graph cnn for learning on point clouds},
  author={Wang, Yue and Sun, Yongbin and Liu, Ziwei and Sarma, Sanjay E and Bronstein, Michael M and Solomon, Justin M},
  journal={ACM Transactions on Graphics (tog)},
  volume={38},
  number={5},
  pages={1--12},
  year={2019},
  publisher={ACM New York, NY, USA}
}
@inproceedings{Minkowski,
  title={4d spatio-temporal convnets: Minkowski convolutional neural networks},
  author={Choy, Christopher and Gwak, JunYoung and Savarese, Silvio},
  booktitle={Proceedings of the IEEE/CVF conference on computer vision and pattern recognition},
  pages={3075--3084},
  year={2019}
}
@article{meanshift,
  title={Mean shift: A robust approach toward feature space analysis},
  author={Comaniciu, Dorin and Meer, Peter},
  journal={IEEE Transactions on pattern analysis and machine intelligence},
  volume={24},
  number={5},
  pages={603--619},
  year={2002},
  publisher={IEEE}
}
@inproceedings{DBSCAN,
  title={A density-based algorithm for discovering clusters in large spatial databases with noise},
  author={Ester, Martin and Kriegel, Hans-Peter and Sander, J{\"o}rg and Xu, Xiaowei and others},
  booktitle={kdd},
  volume={96},
  number={34},
  pages={226--231},
  year={1996}
}
@article{bregier,
  title={Defining the pose of any 3d rigid object and an associated distance},
  author={Br{\'e}gier, Romain and Devernay, Fr{\'e}d{\'e}ric and Leyrit, Laetitia and Crowley, James L},
  journal={International Journal of Computer Vision},
  volume={126},
  number={6},
  pages={571--596},
  year={2018},
  publisher={Springer}
}
@inproceedings{iap,
  title={Large-scale 6d object pose estimation dataset for industrial bin-picking},
  author={Kleeberger, Kilian and Landgraf, Christian and Huber, Marco F},
  booktitle={2019 IEEE/RSJ International Conference on Intelligent Robots and Systems (IROS)},
  pages={2573--2578},
  year={2019},
  organization={IEEE}
}
@inproceedings{s,
  title={Symmetry aware evaluation of 3d object detection and pose estimation in scenes of many parts in bulk},
  author={Br{\'e}gier, Romain and Devernay, Fr{\'e}d{\'e}ric and Leyrit, Laetitia and Crowley, James L},
  booktitle={Proceedings of the IEEE International Conference on Computer Vision Workshops},
  pages={2209--2218},
  year={2017}
}



@inproceedings{aae,
  title={Implicit 3d orientation learning for 6d object detection from rgb images},
  author={Sundermeyer, Martin and Marton, Zoltan-Csaba and Durner, Maximilian and Brucker, Manuel and Triebel, Rudolph},
  booktitle={Proceedings of the european conference on computer vision (ECCV)},
  pages={699--715},
  year={2018}
}
@inproceedings{image_augmentations,
  title={Deceptionnet: Network-driven domain randomization},
  author={Zakharov, Sergey and Kehl, Wadim and Ilic, Slobodan},
  booktitle={Proceedings of the IEEE/CVF International Conference on Computer Vision},
  pages={532--541},
  year={2019}
}



@inproceedings{PBR1,
  title={BOP challenge 2020 on 6D object localization},
  author={Hoda{\v{n}}, Tom{\'a}{\v{s}} and Sundermeyer, Martin and Drost, Bertram and Labb{\'e}, Yann and Brachmann, Eric and Michel, Frank and Rother, Carsten and Matas, Ji{\v{r}}{\'\i}},
  booktitle={Computer Vision--ECCV 2020 Workshops: Glasgow, UK, August 23--28, 2020, Proceedings, Part II 16},
  pages={577--594},
  year={2020},
  organization={Springer}
}
@article{PBR2,
  title={Deep object pose estimation for semantic robotic grasping of household objects},
  author={Tremblay, Jonathan and To, Thang and Sundaralingam, Balakumar and Xiang, Yu and Fox, Dieter and Birchfield, Stan},
  journal={arXiv preprint arXiv:1809.10790},
  year={2018}
}


@inproceedings{gan1,
  title={Diverse image-to-image translation via disentangled representations},
  author={Lee, Hsin-Ying and Tseng, Hung-Yu and Huang, Jia-Bin and Singh, Maneesh and Yang, Ming-Hsuan},
  booktitle={Proceedings of the European conference on computer vision (ECCV)},
  pages={35--51},
  year={2018}
}
@inproceedings{feature_mapping,
  title={Domain transfer for 3d pose estimation from color images without manual annotations},
  author={Rad, Mahdi and Oberweger, Markus and Lepetit, Vincent},
  booktitle={Asian Conference on Computer Vision},
  pages={69--84},
  year={2018},
  organization={Springer}
}





@inproceedings{self6d,
  title={Self6d: Self-supervised monocular 6d object pose estimation},
  author={Wang, Gu and Manhardt, Fabian and Shao, Jianzhun and Ji, Xiangyang and Navab, Nassir and Tombari, Federico},
  booktitle={Computer Vision--ECCV 2020: 16th European Conference, Glasgow, UK, August 23--28, 2020, Proceedings, Part I 16},
  pages={108--125},
  year={2020},
  organization={Springer}
}
@article{cps++++,
  title={CPS++: Improving class-level 6D pose and shape estimation from monocular images with self-supervised learning},
  author={Manhardt, Fabian and Wang, Gu and Busam, Benjamin and Nickel, Manuel and Meier, Sven and Minciullo, Luca and Ji, Xiangyang and Navab, Nassir},
  journal={arXiv preprint arXiv:2003.05848},
  year={2020}
}
@inproceedings{texpose,
  title={TexPose: Neural Texture Learning for Self-Supervised 6D Object Pose Estimation},
  author={Chen, Hanzhi and Manhardt, Fabian and Navab, Nassir and Busam, Benjamin},
  booktitle={Proceedings of the IEEE/CVF Conference on Computer Vision and Pattern Recognition},
  pages={4841--4852},
  year={2023}
}

@inproceedings{he2016deep,
  title={Deep residual learning for image recognition},
  author={He, Kaiming and Zhang, Xiangyu and Ren, Shaoqing and Sun, Jian},
  booktitle={Proceedings of the IEEE conference on computer vision and pattern recognition},
  pages={770--778},
  year={2016}
}






































@article{jiang2022learning,
  title={Learning suction graspability considering grasp quality and robot reachability for bin-picking},
  author={Jiang, Ping and Oaki, Junji and Ishihara, Yoshiyuki and Ooga, Junichiro and Han, Haifeng and Sugahara, Atsushi and Tokura, Seiji and Eto, Haruna and Komoda, Kazuma and Ogawa, Akihito},
  journal={Frontiers in Neurorobotics},
  volume={16},
  pages={806898},
  year={2022},
  publisher={Frontiers Media SA}
}

@inproceedings{shao2019suction,
  title={Suction grasp region prediction using self-supervised learning for object picking in dense clutter},
  author={Shao, Quanquan and Hu, Jie and Wang, Weiming and Fang, Yi and Liu, Wenhai and Qi, Jin and Ma, Jin},
  booktitle={2019 IEEE 5th International Conference on Mechatronics System and Robots (ICMSR)},
  pages={7--12},
  year={2019},
  organization={IEEE}
}

@article{zeng2022robotic,
  title={Robotic pick-and-place of novel objects in clutter with multi-affordance grasping and cross-domain image matching},
  author={Zeng, Andy and Song, Shuran and Yu, Kuan-Ting and Donlon, Elliott and Hogan, Francois R and Bauza, Maria and Ma, Daolin and Taylor, Orion and Liu, Melody and Romo, Eudald and others},
  journal={The International Journal of Robotics Research},
  volume={41},
  number={7},
  pages={690--705},
  year={2022},
  publisher={SAGE Publications Sage UK: London, England}
}

@article{CoAS-Net,
  title={CoAS-Net: Context-Aware Suction Network With a Large-Scale Domain Randomized Synthetic Dataset},
  author={Son, Yeong Gwang and Bui, Tat Hieu and Hong, Juyong and Kim, Yong Hyeon and Moon, Seung Jae and Kim, Chun Soo and Rhee, Issac and Kang, Hansol and Choi, Hyouk Ryeol},
  journal={IEEE Robotics and Automation Letters},
  volume={9},
  number={1},
  pages={827--834},
  year={2023},
  publisher={IEEE}
}

@article{Sim-Suction,
  title={Sim-Suction: Learning a Suction Grasp Policy for Cluttered Environments Using a Synthetic Benchmark},
  author={Li, Juncheng and Cappelleri, David J},
  journal={IEEE Transactions on Robotics},
  year={2023},
  publisher={IEEE}
}

@article{Suctionnet,
  title={Suctionnet-1billion: A large-scale benchmark for suction grasping},
  author={Cao, Hanwen and Fang, Hao-Shu and Liu, Wenhai and Lu, Cewu},
  journal={IEEE Robotics and Automation Letters},
  volume={6},
  number={4},
  pages={8718--8725},
  year={2021},
  publisher={IEEE}
}

@article{uncertainty,
  title={Uncertainty-Aware Suction Grasping for Cluttered Scenes},
  author={Cao, Rui and Yang, Biqi and Li, Yichuan and Fu, Chi-Wing and Heng, Pheng-Ann and Liu, Yun-Hui},
  journal={IEEE Robotics and Automation Letters},
  year={2024},
  publisher={IEEE}
}

@inproceedings{hernandez2017team,
  title={Team delft’s robot winner of the amazon picking challenge 2016},
  author={Hernandez, Carlos and Bharatheesha, Mukunda and Ko, Wilson and Gaiser, Hans and Tan, Jethro and van Deurzen, Kanter and de Vries, Maarten and Van Mil, Bas and van Egmond, Jeff and Burger, Ruben and others},
  booktitle={RoboCup 2016: Robot World Cup XX 20},
  pages={613--624},
  year={2017},
  organization={Springer}
}

@article{SD-Net,
  title={SD-Net: Symmetric-Aware Keypoint Prediction and Domain Adaptation for 6D Pose Estimation In Bin-picking Scenarios},
  author={Huang, Ding-Tao and Lin, En-Te and Chen, Lipeng and Liu, Li-Fu and Zeng, Long},
  journal={arXiv preprint arXiv:2403.09317},
  year={2024}
}

@article{zhang2023robot,
  title={Robot suction region prediction method from knowledge to learning in disordered manufacturing scenarios},
  author={Zhang, Tongjia and Zhang, Chengrui and Ji, Shuai and Hu, Tianliang},
  journal={Engineering Applications of Artificial Intelligence},
  volume={120},
  pages={105928},
  year={2023},
  publisher={Elsevier}
}

@article{Diffusion-pose,
  title={Learning diffusion models in se (3) for 6dof grasp pose generation},
  author={Urain, Julen and Funk, Niklas and Peters, Jan and Chalvatzaki, Georgia}
}

@article{gan,
  title={Generative adversarial nets},
  author={Goodfellow, Ian and Pouget-Abadie, Jean and Mirza, Mehdi and Xu, Bing and Warde-Farley, David and Ozair, Sherjil and Courville, Aaron and Bengio, Yoshua},
  journal={Advances in neural information processing systems},
  volume={27},
  year={2014}
}
@article{vae,
  title={Auto-encoding variational bayes},
  author={Kingma, Diederik P},
  journal={arXiv preprint arXiv:1312.6114},
  year={2013}
}

@article{ho2020denoising,
  title={Denoising diffusion probabilistic models},
  author={Ho, Jonathan and Jain, Ajay and Abbeel, Pieter},
  journal={Advances in neural information processing systems},
  volume={33},
  pages={6840--6851},
  year={2020}
}

@article{trellis,
  title={Structured 3d latents for scalable and versatile 3d generation},
  author={Xiang, Jianfeng and Lv, Zelong and Xu, Sicheng and Deng, Yu and Wang, Ruicheng and Zhang, Bowen and Chen, Dong and Tong, Xin and Yang, Jiaolong},
  journal={arXiv preprint arXiv:2412.01506},
  year={2024}
}










@article{open3d,
  title={Open3D: A modern library for 3D data processing},
  author={Zhou, Qian-Yi and Park, Jaesik and Koltun, Vladlen},
  journal={arXiv preprint arXiv:1801.09847},
  year={2018}
}
@inproceedings{CBAM,
  title={Cbam: Convolutional block attention module},
  author={Woo, Sanghyun and Park, Jongchan and Lee, Joon-Young and Kweon, In So},
  booktitle={Proceedings of the European conference on computer vision (ECCV)},
  pages={3--19},
  year={2018}
}

@inproceedings{snr,
  title={A generalist framework for panoptic segmentation of images and videos},
  author={Chen, Ting and Li, Lala and Saxena, Saurabh and Hinton, Geoffrey and Fleet, David J},
  booktitle={Proceedings of the IEEE/CVF international conference on computer vision},
  pages={909--919},
  year={2023}
}

@article{ddim,
  title={Denoising diffusion implicit models},
  author={Song, Jiaming and Meng, Chenlin and Ermon, Stefano},
  journal={arXiv preprint arXiv:2010.02502},
  year={2020}
}

@incollection{Bullet,
  title={Bullet physics simulation},
  author={Coumans, Erwin},
  booktitle={ACM SIGGRAPH 2015 Courses},
  pages={1},
  year={2015}
}
@book{blender,
  title={Blender foundations: The essential guide to learning blender 2.5},
  author={Hess, Roland},
  year={2013},
  publisher={Routledge}
}

@article{vismanis2023robotic,
  title={Robotic System for Post Office Package Handling},
  author={Vismanis, Oskars and Arents, Janis and Freivalds, Karlis and Ahluwalia, Vaibhav and Ozols, Kaspars},
  journal={Applied Sciences},
  volume={13},
  number={13},
  pages={7643},
  year={2023},
  publisher={MDPI}
}

@article{han2020visual,
  title={Visual sorting of express parcels based on multi-task deep learning},
  author={Han, Song and Liu, Xiaoping and Han, Xing and Wang, Gang and Wu, Shaobo},
  journal={Sensors},
  volume={20},
  number={23},
  pages={6785},
  year={2020},
  publisher={MDPI}
}
@inproceedings{yang2021robi,
  title={Robi: A multi-view dataset for reflective objects in robotic bin-picking},
  author={Yang, Jun and Gao, Yizhou and Li, Dong and Waslander, Steven L},
  booktitle={2021 IEEE/RSJ International Conference on Intelligent Robots and Systems (IROS)},
  pages={9788--9795},
  year={2021},
  organization={IEEE}
}
@article{song2019generative,
  title={Generative modeling by estimating gradients of the data distribution},
  author={Song, Yang and Ermon, Stefano},
  journal={Advances in neural information processing systems},
  volume={32},
  year={2019}
}
@inproceedings{mahler2018dex,
  title={Dex-net 3.0: Computing robust vacuum suction grasp targets in point clouds using a new analytic model and deep learning},
  author={Mahler, Jeffrey and Matl, Matthew and Liu, Xinyu and Li, Albert and Gealy, David and Goldberg, Ken},
  booktitle={2018 IEEE International Conference on robotics and automation (ICRA)},
  pages={5620--5627},
  year={2018},
  organization={IEEE}
}




