@article{Registration-Zhang-TIP,
  title={Two-Step Registration on Multi-Modal Retinal Images via Deep Neural Networks},
  author={J. Zhang and Y. Wang and J. Dai and M. Cavichini and D.-U.G.Bartsch and W. R. Freeman and T. Q. Nguyen and C. An},
  journal={IEEE Transactions on Image Processing},
  volume={31},
  pages={823-838},
  year={2022},
}


@article{Registration-Wang-TIP,
  title={Robust Content-Adaptive Global Registration for Multimodal Retinal Images Using Weakly Supervised Deep-Learning Framework},
  author={Y. Wang and J.Zhang and M. Cavichini and D. Bartsch and W. Freeman and T. Nguyen and C. An},
  journal={IEEE Transactions on Image Processing},
  volume={30},
  pages={3167-3178},
  year={2021},
}

@inproceedings{Registration-Wang-ICASSP,
   author={Y. Wang and J. Zhang and C. An and M. Cavichini and M. Jhingan and M. Amador-Patarroyo and C. Long and D. Bartsch and W. Freeman and T. Nguyen},
   year={2020},
   title={A segmentation based robust deep learning framework for multi-modal retinal image registration},
   booktitle={2020 IEEE International Conference on Acoustics, Speech and Signal Processing (ICASSP)},
   pages={1369-1373},
}

@inproceedings{Biometric-Alex,
   author={P. Alexandru and J. Kotzerke and A. Mertins},
   year={2012},
   title={Robust retina-based person authentication using the sparse classifier},
   booktitle={20th European Signal Processing Conference (EUSIPCO)},
   pages={1514-1518},
}

@article{Biometric-Lajevardi,
  title={Retina Verification System Based on Biometric Graph Matching},
  author={Lajevardi, Seyed Mehdi and Arakala, Arathi and Davis, Stephen A. and Horadam, Kathy J.},
  journal={IEEE Transactions on Image Processing},
  volume={22},
  number={9},
  pages={3625-3635},
  year={2013},
}

@article{AVCls-Estrada,
  title={Retinal artery-vein classification via topology estimation},
  author={R. Estrada and Rolando and M. Allingham and P. Mettu},
  journal={IEEE Transactions on Medical Imaging},
  volume={34},
  number={12},
  pages={2518-2534},
  year={2015},
}

@article{AVCls-Zhao,
  title={Retinal vascular network topology reconstruction and artery/vein classification via dominant set clustering},
  author={Y. Zhao and J. Xie and H. Zhang},
  journal={IEEE Transactions on Medical Imaging},
  volume={39},
  number={2},
  pages={341-356},
  year={2019},
}

@article{AVCls-Pell,
  title={A Graph Cut Approach to Artery/Vein Classification in Ultra-Widefield Scanning Laser Ophthalmoscopy},
  author={E. Pellegrini and G. Robertson and T. MacGillivray},
  journal={IEEE Transactions on Medical Imaging},
  volume={37},
  number={2},
  pages={516-526},
  year={2018},
}

@article{TreeTopology-Estrada,
  title={Tree topology estimation},
  author={R. Estrada and C. Tomasi and S. Schmidler},
  journal={IEEE Transactions on Pattern Analysis and Machine Intelligence },
  volume={37},
  number={8},
  pages={1688-1701},
  year={2018},
}

@inproceedings{TreeTopology-Xie,
   author={J. Xie and Y. Zhao and Y. Liu },
   year={2019},
   title={Topology reconstruction of tree-like structure in images via structural similarity measure and dominant set clustering},
   booktitle={IEEE/CVF Conference on Computer Vision and Pattern Recognition},
   pages={8505-8513},
}


@article{Clinical-Wong,
  title={Retinal Arteriolar Narrowing and Risk of Coronary Heart Disease in Men and Women: The Atherosclerosis Risk in Communities Study},
  author={T. Wong and R. Klein and A. Sharrett},
  journal={JAMA},
  volume={287},
  number={9},
  year={2002},
}

@article{Clinical-Kawasaki,
  title={Retinal Microvascular Signs and Risk of Stroke: The Multi-Ethnic Study of Atherosclerosis},
  author={R. Kawasaki and J. Xie and N. Cheung and E. Lamoureux and R. Klein and B. Klein and M. Cotch and A. Sharrett and S. Shea and T. Wong},
  journal={Stroke},
  volume={43},
  number={12},
  pages={3245-3251},
  year={2012},
}

@article{Clinical-Miller,
  title={Retinal vessel diameter and the incidence of coronary artery disease in type 1 diabetes},
  author={R. Miller and C. Prince and R. Klein and T. Orchard},
  journal={Am J Ophthalmol},
  volume={147},
  number={4},
  pages={653-660},
  year={2009},
}

@article{Clinical-Ikram,
  title={Retinal vessel diameters and risk of stroke},
  author={M. Ikram and F. de Jong and M. Bos and J. Vingerling and A. Hofman and P. Koudstaal and P. de Jong and M. Breteler},
  journal={Neurology},
  volume={66},
  number={9},
  pages={1339-1343},
  year={2006},
}

@article{Clinical-McGee,
  title={Prediction of incident stroke events based on retinal vessel caliber: a systematic review and individual-participant meta-analysis},
  author={K. McGeechan and G. Liew and P. Macaskill and L. Irwig and R. Klein and B. Klein and J. Wang and P. Mitchell and J. Vingerling and P. de Jong and J. Witteman and M. Breteler and J. Shaw and P. Zimmet and T. Wong},
  journal={Am J Epidemiol},
  volume={170},
  number={11},
  pages={1323-1332},
  year={2009},
}

@article{Clinical-Wang,
  title={Retinal vessel diameter and cardiovascular mortality: pooled data analysis from two older populations.},
  author={J. Wang and G. Liew and R. Klein and E. Rochtchina and M. Knudtson and B. Klein and T. Wong and G. Burlutsky and P. Mitchell},
  journal={Eur Heart J.},
  volume={28},
  number={16},
  pages={1984-1992},
  year={2007},
}

@INPROCEEDINGS{Dataset-Vampire,
  author={Perez-Rovira, A. and Zutis, K. and Hubschman, J. P. and Trucco, E.},
  booktitle={2011 Annual International Conference of the IEEE Engineering in Medicine and Biology Society}, 
  title={Improving vessel segmentation in ultra-wide field-of-view retinal fluorescein angiograms}, 
  year={2011},
  volume={},
  number={},
  pages={2614-2617},
  keywords={Image segmentation;Retina;Optical imaging;Accuracy;Lesions;Educational institutions;Adaptive optics},
  doi={10.1109/IEMBS.2011.6090721}}

@article{Dataset_DRIVE,
author = {Joes Staal and Michael Abràmoff and Meindert Niemeijer abd Max Viergever and Bram Ginneken},
title = {Ridge-Based Vessel Segmentation in Color Images of the Retina},
journal = {IEEE Transactions on Medical Imaging},
volume = {23},
number = {4},
pages = {501-509},
year = {2004}
}

@inproceedings{MMVesseg-Zhang,
   author={J. Zhang and C. An and J. Dai and M. Amador and D. Bartsch and S. Borooah and W. Freeman and T. Nguyen},
   year={2019},
   title={Joint vessel segmentation and deformable registration on multi-modal retinal images based on style transfer},
   booktitle={2019 IEEE International Conference on Image Processing (ICIP)},
   pages={839-843},
}

@article{MMVesseg-Rodri,
author = {Erick O. Rodrigues and Aura Conci and Panos Liatsis},
title = {ELEMENT: Multi-Modal Retinal Vessel Segmentation Based on a Coupled Region Growing and Machine Learning Approach},
journal = {IEEE Journal of Biomedical and Health Informatics},
volume = {24},
number = {12},
pages = {3507-3519},
year = {2020}
}

@article{Vesseg-MF-Chaudhuri,
author = {S. Chaudhuri and S. Chatterjee and N. Katz and M. Nelson and M. Goldbaum},
title = {Detection of blood vessels in retinal images using two-dimensional matched filters},
journal = {IEEE Transactions on Medical Imaging},
volume = {8},
number = {3},
pages = {263-269},
year = {1989}
}

@article{Vesseg-MF-Kovacs,
author = {G. Kovács and A. Hajdu},
title = {A self-calibrating approach for the segmentation of retinal vessels by template matching and contour reconstruction.},
journal = {Medical Image Analysis},
volume = {29},
pages = {24-46},
year = {2016}
}

@article{Dataset-HRF,
author = {J. Odstrcilik and R. Kolar and A. Budai and J. Hornegger and J. Jan and J, Gazarek and T. Kubena and P. Cernosek and O. Svoboda and E. Angelopoulou},
title = {Retinal vessel segmentation by improved matched filtering: evaluation on a new high-resolution fundus image database.},
journal = {IET Image Processing},
volume = {7},
number = {4},
pages = {373-383},
year = {2013}
}

@article{Vesseg-MF-Tan,
author = {J. Tan and U. Acharya and K. Chua and C. Cheng and A. Laude},
title = {Automated extraction of retinal vasculature.},
journal = {Med. Phys.},
volume = {43},
number = {5},
pages = {2311-2322},
year = {2016}
}

@article{Vesseg-MF-Rezaee,
author = {K. Rezaee and J. Haddadnia and A. Tashk},
title = {Optimized clinical segmentation of retinal blood vessels by using combination of adaptive filtering, fuzzy entropy and skeletonization.},
journal = {Appl. Soft Comput.},
volume = {52},
pages = {937-951},
year = {2017}
}

@article{Vesseg-Tracking-Lin,
author = {K. Lin and C. Tsai and C. Tsai and M. Sofka and S. Chen and W. Lin},
title = {Retinal vascular tree reconstruction with anatomical realism.},
journal = {IEEE Transactions on Biomedical Engineering.},
volume = {59},
number = {12},
pages = {3337-3347},
year = {2012}
}

@article{Vesseg-Tracking-Yang,
author = {X. Yang and C. Liu and H. Le Minh and Z. Wang and A. Chien and K. Cheng},
title = {An automated method for accurate vessel segmentation.},
journal = {Physics in Medicine & Biology},
volume = {62},
number = {9},
pages = {3757},
year = {2017}
}

@article{Vesseg-Tracking-Delibasis,
author = {K. Delibasis and A. Kechriniotis and C. Tsonos and N. Assimakis},
title = {Automatic model-based tracing algorithm for vessel segmentation and diameter estimation},
journal = {Comput. Methods Programs Biomed.},
volume = {100},
number = {108-122},
year = {2010}
}

@article{Vesseg-Morph-Graz,
author = {M. Fraz and A. Basit and S. Barman},
title = {Application of morphological bit planes in retinal blood vessel extraction.},
journal = {J Digit Imaging},
volume = {26},
number = {2},
pages = {274-286},
year = {2013}
}

@article{Vesseg-Morph-Dash,
author = {J. Dash and N. Bhoi},
title = {A thresholding based technique to extract retinal blood vessels from fundus images.},
journal = {Future Computing and Informatics Journal},
volume = {2},
number = {2},
pages = {103-109},
year = {2017}
}

@article{Vesseg-Morph-Imani,
author = {E. Imani and M. Javidi and H. Pourreza},
title = {Improvement of retinal blood vessel detection using morphological component analysis.},
journal = {Comput. Methods Programs Biomed},
volume = {118},
number = {3},
pages = {263-279},
year = {2015}
}

@article{Vesseg-SVM-Tang,
author = {Z. Tang and J. Zhang and W. Gui},
title = {Selective search and intensity context based retina vessel image segmentation.},
journal = {J. Med. Syst.},
volume = {41},
number = {3},
pages = {47},
year = {2017}
}

@article{Vesseg-SVM-Orlando,
author = {J. Orlando and E. Prokofyeva and M. Blaschko},
title = {A discriminatively trained fully connected conditional random field model for blood vessel segmentation in fundus images.},
journal = {IEEE Transactions on Biomedical Engineering},
volume = {64},
number = {1},
pages = {16-27},
year = {2017}
}

@article{Vesseg-RF-Wang,
author = {S. Wang and Y. Yin and G. Cao and B. Wei and Y. Zheng and G. Yang},
title = {Hierarchical retinal blood vessel segmentation based on feature and ensemble learning.},
journal = {Neurocomputing},
volume = {149},
pages = {708-717},
year = {2015}
}

@article{Vesseg-Adaboost-Memari,
author = {N, Memari and A. Ramli and M. Saripan and S. Mashohor and M. Moghbel},
title = {A discriminatively trained fully connected conditional random field model for blood vessel segmentation in fundus images.},
journal = {IEEE Transactions on Biomedical Engineering},
volume = {64},
number = {1},
pages = {16-27},
year = {2017}
}

@article{Vesseg-Adaboost-Zhu,
author = {C. Zhu and B. Zou and Y. Xiang and J. Cui and H. Wu},
title = {An ensemble retinal vessel segmentation based on supervised learning in fundus images.},
journal = {Chinese Journal of Electronics},
volume = {25},
number = {3},
pages = {503-511},
year = {206}
}

@ARTICLE{Vesseg-GMM-Roy,
  author={Roychowdhury, Sohini and Koozekanani, Dara D. and Parhi, Keshab K.},
  journal={IEEE Journal of Biomedical and Health Informatics}, 
  title={Blood Vessel Segmentation of Fundus Images by Major Vessel Extraction and Subimage Classification}, 
  year={2015},
  volume={19},
  number={3},
  pages={1118-1128}
}

@ARTICLE{Vesseg-FCM-Neto,
  author={L. Neto and G. Ramalho and J. Neto and R. Veras and F. Medeiros},
  journal={An unsupervised coarse-to-fine algorithm for blood vessel segmentation in fundus images.}, 
  title={Blood Vessel Segmentation of Fundus Images by Major Vessel Extraction and Subimage Classification}, 
  year={2017},
  volume={78},
  pages={182–192}
}

@inproceedings{Vesseg-CNN-DRIU,
   author={L. Maninis and J. Pont-Tuset and P. Arbeláez and L. Van Gool},
   year={2016},
   title={Deep retinal image understanding},
   booktitle={2016 Medical Image Computing and Computer-Assisted Intervention (MICCAI)},
   pages={140-148},
}

@misc{Others-VGG,
 author = {Karen Simonyan, Andrew Zisserman},
 title = {Very Deep Convolutional Networks for Large-Scale Image Recognition},
 note = {arXiv preprint arXiv:1409.1556},
 year = {2014}
}

@article{Vesseg-CNN-GlobalTransformer,
author = {Yang Li and Yue Zhang and Jing-Yu Liu and Kang Wang and Kai Zhang and Gen-Sheng Zhang and Xiao-Feng Liao and Guang Yang},
title = {Global Transformer and Dual Local Attention Network via Deep-Shallow Hierarchical Feature
Fusion for Retinal Vessel Segmentation},
journal = {IEEE Transactions on Cybernetics},
volume = {53},
number = {9},
pages = {5826--5839},
year = {2023}
}

@article{Vesseg-CNN-CENet,
author = {Zaiwang Gu and Jun Cheng and Huazhu Fu and Kang Zhou and Huaying Hao and Yitian Zhao and Tianyang Zhang and Shenghua Gao and Jiang Liu},
title = {CE-Net: Context Encoder Network for 2D Medical Image Segmentation},
journal = {IEEE Transactions on Medical Imaging},
volume = {38},
number = {10},
pages = {2281-2292},
year = {2019}
}

@article{Vesseg-CNN-CS2Net,
author = {Lei Mou and Yitian Zhao and Huazhu Fu and Yonghuai Liu and Jun Cheng and Yalin Zheng and Pan Su and Jianlong Yang and Li Chen and Alejandro F. Frangi and Masahiro Akiba and Jiang Liu},
title = {CS2-Net: Deep learning segmentation of curvilinear structures in
medical imaging},
journal = {Medical Image Analysis},
volume = {67},
pages = {101874},
year = {2019}
}

@article{Vesseg-CNN-MCDAUNet,
author = {W. Zhou and W. Bai and J. Ji and Y. Yi and N. Zhang and W. Cui},
title = {Dual-path multi-scale context dense aggregation network for retinal vessel segmentation},
journal = {Computers in Biology and Medicine},
volume = {164},
pages = {107269},
year = {2019}
}


@article{Vesseg-CNN-WaveNet,
author = {Y. Liu and J. Shen and L. Yang and H. Yu and G. Bian},
title = {Wave-Net: A lightweight deep network for retinal vessel segmentation from fundus images},
journal = {Computers in Biology and Medicine},
volume = {152},
pages = {106341},
year = {2023}
}

@article{Vesseg-CNN-DUNet,
author = {Qiangguo Jin and Zhaopeng Meng and Tuan D. Pham and Qi Chen and Leyi Wei and Ran Su},
title = {DUNet: A deformable network for retinal vessel segmentation},
journal = {Knowledge-Based Systems},
volume = {178},
pages = {149-162},
year = {2019}
}

@inproceedings{Topo-TCLoss,
author = {Yaolei Qi and Yuting He and Xiaoming Qi and Yuan Zhang and Guanyu Yang},
title = {Dynamic Snake Convolution based on Topological Geometric Constraints for Tubular Structure Segmentation},
booktitle = {IEEE/CVF International Conference on Computer Vision},
pages = {6070-6079},
year = {2023}
}

@article{Vesseg-CNN-WSDMF,
author = {Y. Tan and K. Yang and S. Zhao and J, Wang and L. Liu and Y. Li=},
title = {Deep matched filtering for retinal vessel segmentation},
journal = {Knowledge-Based Systems},
volume = {283},
pages = {111185},
year = {2024}
}

@article{Vesseg-CNN-WNet,
author = {A. Galdran and A. Anjos and J. Dolz and H. Chakor and H. Lombaert and I. Ayed},
title = {State-of-the-art retinal vessel segmentation with minimalistic models.},
journal = {Scientific Reports},
volume = {12},
number = {1},
pages = {6174},
year = {2022}
}

@article{Vesseg-CNN-FANet,
author = {N. Tomar and D. Jha and M. Riegler and H. Johansen and D. Johansen and J. Rittscher and P. Halvorsen and S. Ali},
title = {Fanet: A feedback attention network for improved biomedical image segmentation.},
journal = {IEEE Transactions on Neural Networks and Learning Systems},
volume = {34},
number = {11},
pages = {9375-9388},
year = {2022}
}

@article{Vesseg-CNN-MCGNet,
author = {J. Liu and J, Zhao and J. Xiao and G. Zhao and P. Xu and Y. Yang and S. Gong},
title = {Unsupervised domain adaptation multi-level adversarial learning-based crossing-domain retinal vessel segmentation.},
journal = {Computers in Biology and Medicine},
volume = {178},
pages = {108759},
year = {2024}
}

@article{Vesseg-CNN-RCARUNet,
author = {W. Ding and Y. Sun and J. Huang and H. Ju and C. Zhang and G. Yang and C. Lin},
title = {RCAR-UNet: Retinal vessel segmentation network algorithm via novel rough attention mechanism},
journal = {Information Sciences},
volume = {657},
pages = {120007},
year = {2024}
}

@inproceedings{Trans-CycleGAN,
author = {Jun-Yan Zhu and Taesung Park and Phillip Isola and Alexei A. Efros},
title = {Unpaired image-to-image translation using cycle-consistent adversarial networks},
booktitle = {IEEE/CVF International Conference on Computer Vision},
pages = {2223--2232},
year = {2017}
}

@inproceedings{Trans-CcGAN,
author = {H. Fu and M. Gong and C. Wang and K. Batmanghelich and K. Zhang and D. Tao},
title = {Geometry- consistent generative adversarial networks for one-sided unsupervised domain mapping.},
booktitle = {IEEE/CVF Conference on Computer Vision and Pattern Recognition},
pages = {2427-2436},
year = {2019}
}

@inproceedings{Trans-Mutual,
author = {S. Benaim and L. Wolf. One-sided unsupervised domain mapping},
title = {One-sided unsupervised domain mapping.},
booktitle = {Advances in Neural Information Processing Systems (NIPS)},
year = {2019}
}

@inproceedings{Trans-CUT,
author = {T. Park and A. Efros and Richard Zhang and Jun- Yan Zhu},
title = {Contrastive learning for unpaired image-to-image translation.},
booktitle = {European Conference on Computer Vision (ECCV)},
pages = {319-345},
year = {2020}
}

@inproceedings{Trans-MUIST,
author = {X. Huang and M. Liu and S. Belongie and Jan Kautz},
title = {Multimodal unsupervised image-to-image translation.},
booktitle = {European Conference on Computer Vision (ECCV)},
pages = {172-189},
year = {2018}
}

@InProceedings{Trans-StarGAN,
author = {YChoi, Yunjey and Choi, Minje and Kim, Munyoung and Ha, Jung-Woo and Kim, Sunghun and Choo, Jaegul},
title = {StarGAN: Unified Generative Adversarial Networks for Multi-Domain Image-to-Image Translation},
booktitle = {Proceedings of the IEEE Conference on Computer Vision and Pattern Recognition (CVPR)},
month = {June},
year = {2018}
}

@inproceedings{Others-Diffusion,
 author = {J. Sohl-Dickstein and E. Weiss and N. Maheswaranathan and S. Ganguli},
 booktitle = {International Conference on Machine Learning, PMLR},
 pages = {2256--2265},
 title = {Deep unsupervised learning using nonequilibrium thermodynamics},
 year = {2015}
}

@inproceedings{Others-DDPM,
 author = {Ho, Jonathan and Jain, Ajay and Abbeel, Pieter},
 booktitle = {Advances in Neural Information Processing Systems},
 pages = {6840--6851},
 title = {Denoising Diffusion Probabilistic Models},
 year = {2020}
}

@article{Others-DDIM,
  title={Denoising Diffusion Implicit Models},
  author={Song, Jiaming and Meng, Chenlin and Ermon, Stefano},
  journal={arXiv:2010.02502},
  year={2020},
  month={October},
  abbr={Preprint},
  url={https://arxiv.org/abs/2010.02502}
}

@inproceedings{Trans-ENOT,
 author = {N. Gushchin and A. Kolesov and A. Korotin and D. Vetrov and E. Burnaev},
 booktitle = {Advances in Neural Information Processing Systems},
 title = {Entropic neural optimal transport via diffusion processes},
 year = {2023}
}

@inproceedings{
      Trans-DDIB,
      title={Dual Diffusion Implicit Bridges for Image-to-Image Translation},
      author={Su, Xuan and Song, Jiaming and Meng, Chenlin and Ermon, Stefano},
      booktitle={International Conference on Learning Representations},
      year={2023},
}

@article{Trans-SynDiff,
author = {M. Ozbey and O. Dalmaz and S. Dar and H. Bedel and S. Ozturk and A. Gungor and T. Cukur},
title = {Unsupervised medical image translation with adversarial diffusion models.},
journal = {IEEE Transactions on Medical Imaging},
volume = {42},
number={12},
pages={3524-3539},
year = {2023}
}

@InProceedings{Trans-UNSB,
  title={Unpaired Image-to-Image Translation via Neural Schrödinger Bridge},
  author={Beomsu Kim and Gihyun Kwon and Kwanyoung Kim and Jong Chul Ye},
  booktitle={International Conference on Learning Represenations (ICLR)},
  year={2024}
}

@misc{Trans-NAAS,
 author = {L. Gatys},
 title = {A neural algorithm of artistic style},
 note = {arXiv preprint arXiv:1508.06576},
 year = {2015}
}

@InProceedings{Trans-PerceptualLoss,
    author    = {J. Johnson and A. Alahi and F.},
    title     = {Perceptual Losses for Real-Time Style Transfer and Super-Resolution},
    booktitle = {European Conference on Computer Vision (ECCV)},
    year      = {2016},
    pages     = {694-711}
}

@InProceedings{Trans-StyTr2,
    author    = {Deng, Yingying and Tang, Fan and Dong, Weiming and Ma, Chongyang and Pan, Xingjia and Wang, Lei and Xu, Changsheng},
    title     = {StyTr2: Image Style Transfer With Transformers},
    booktitle = {Proceedings of the IEEE/CVF Conference on Computer Vision and Pattern Recognition (CVPR)},
    year      = {2022},
    pages     = {11326-11336}
}

@InProceedings{Trans-EFDM,
    author    = {Zhang, Yabin and Li, Minghan and Li, Ruihuang and Jia, Kui and Zhang, Lei},
    title     = {Exact Feature Distribution Matching for Arbitrary Style Transfer and Domain Generalization},
    booktitle = {Proceedings of the IEEE/CVF Conference on Computer Vision and Pattern Recognition (CVPR)},
    year      = {2022},
    pages     = {8035-8045}
}

@InProceedings{Trans-StyleDiffusion,
    author    = {Wang, Zhizhong and Zhao, Lei and Xing, Wei},
    title     = {StyleDiffusion: Controllable Disentangled Style Transfer via Diffusion Models},
    booktitle = {Proceedings of the IEEE/CVF International Conference on Computer Vision (ICCV)},
    month     = {October},
    year      = {2023},
    pages     = {7677-7689}
}

@inproceedings{Topo-PTLoss,
author = {Agata Mosinska and Pablo Marquez-Neila and Mateusz Kozin ski and Pascal Fua},
title = {Beyond the Pixel-Wise Loss for Topology-Aware Delineation},
booktitle = {IEEE/CVF International Conference on Computer Vision and Pattern Recognition},
pages = {3136-3145},
year = 2018
}

@inproceedings{Others-ImageNet,
author = {Jia Deng and Wei Dong and Richard Socher and Li-Jia Li and Li Kai and Fei-Fei Li},
title = {ImageNet: A large-scale hierarchical image database},
booktitle = {IEEE Conference on Computer Vision and Pattern Recognition},
pages = {248-255},
year = 2009
}

@inproceedings{Topo-GlandSeg,
author = {Haotian Wang and Min Xian and Aleksandar Vakanski},
title = {TA-Net: Topology-Aware Network for Gland Segmentation},
booktitle = {IEEE/CVF Winter Conference on Applications of Computer Vision},
pages = {1556-1564},
year = {2022}
}

@inproceedings{Topo-clDice,
author = {Suprosanna Shit and Johannes C. Paetzold and Anjany Sekuboyina and Ivan Ezhov and Alexander Unger and Andrey Zhylka and Josien P. W. Pluim and Ulrich Bauer and Bjoern H. Menze},
title = {clDice - a Novel Topology-Preserving Loss Function for Tubular Structure Segmentation},
booktitle = {IEEE/CVF International Conference on Computer Vision and Pattern Recognition},
pages = {16560-16569},
year = {2021}
}

@inproceedings{Topo-WTLoss,
author = {Xiaoling Hu and Li Fuxin and Dimitris Samaras and Chao Chen},
title = {Topology-Preserving Deep Image Segmentation},
booktitle = {Advances in Neural Information Processing Systems},
year = {2019}
}

@inproceedings{Topo-MLLoss,
author = {Hongliang He and Jun Wang and Pengxu Wei and Fan Xu and Xiangyang Ji and Chang Liu and Jie Chen},
title = {TopoSeg: Topology-Aware Nuclear Instance Segmentation},
booktitle = {IEEE/CVF International Conference on Computer Vision},
pages = {21307-21316},
year = {2023}
}

@inproceedings{Topo-WTLoss3D,
author = {Chi-Chong Wong and Chi-Man Vong},
title = {Persistent Homology based Graph Convolution Network for Fine-grained 3D Shape Segmentation},
booktitle = {IEEE/CVF International Conference on Computer Vision},
pages = {7098-7107},
year = {2021}
}

@article{Topo-CMR,
author = {Nick Byrne and James R. Clough and Israel Valverde and Giovanni Montana and Andrew P. King},
title = {A Persistent Homology-Based Topological Loss for CNN-Based Multiclass Segmentation of CMR},
journal = {IEEE Transactions on Medical Imaging},
volume = {42},
number = {1},
pages = {3-14},
year = {2023}
}

@article{Topo-TPAMI,
author = {James R. Clough and Nicholas Byrne and Ilkay Oksuz and Veronika A. Zimmer and Julia A. Schnabel and Andrew P. King},
title = {A Topological Loss Function for Deep-Learning Based Image Segmentation Using Persistent Homology},
journal = {IEEE Transactions on Pattern Analysis and Machine Intelligence},
volume = {44},
number = {12},
pages = {8766-8778},
year = {2022}
}

@inproceedings{Topo-BMLoss,
author = {Nico Stucki and Johannes Paetzold and Suprosanna Shit and Bjoern Menze and Ulrich Bauer},
title = {Topologically Faithful Image Segmentation via Induced Matching of Persistence Barcodes},
booktitle = {International Conference on Machine Learning, PMLR},
pages = {32698-32727},
year = {2023}
}

@misc{Topo-SATLoss,
 author = {B. Wen and H. Zhang and D. Bartsch and W. Freeman and T. Nguyen and C. An},
 title = {Topology-Preserving Image Segmentation with Spatial-Aware Persistent Feature Matching},
 note = {arXiv preprint arXiv:2412.02076},
 year = {2024}
}

@misc{Topo-Wassersteinforpersistence,
 author = {Micheal Kerber and Dmitriy Morozov and Arnur Nigmetov},
 title = {Geometry Helps to Compare Persistence Diagrams},
 note = {arXiv:1606.03357},
 year = 2016
}

@book{Topo-Hausdorff_distance,
    editor = {Felix Hausdorff},
    title = {Grundzüge der mengenlehre},
    year = {1914},
    publisher = {Leipzig Viet},
}

@inproceedings{Topo-Induced_matching,
author = {Ulrich Bauer and Michael Lesnick},
title = {Induced Matchings of Barcodes and the Algebraic Stability of Persistence},
booktitle = {13th Annual symposium on Computational geometry},
pages = {355-364},
year = 2015
}

@inproceedings{Others-U-Net,
author = {Olaf Ronneberger and Philipp Fischer and Thomas Brox},
title = {U-net: Convolutional networks for biomedical image segmentation},
booktitle = {Medical Image Computing and Computer-Assisted Intervention},
pages = {234--241},
year = 2015
}

@inproceedings{UA-Vesseg-AMCD,
author = {J. Zhuang and Z. Chen and J. Zhang and D. Zhang and Z. Cai},
title = {Domain adaptation for retinal vessel segmentation using asymmetrical maximum classifier discrepancy.},
booktitle = {ACM turing celebration conference},
pages = {1--6},
year = {2019}
}

@INPROCEEDINGS{MMVesseg-StyleTransferPeng,
  author={Peng, Linkai and Lin, Li and Cheng, Pujin and Huang, Ziqi and Tang, Xiaoying},
  booktitle={2022 IEEE 19th International Symposium on Biomedical Imaging (ISBI)}, 
  title={Unsupervised Domain Adaptation for Cross-Modality Retinal Vessel Segmentation via Disentangling Representation Style Transfer and Collaborative Consistency Learning}, 
  year={2022},
  pages={1-5}
}

@inproceedings{Others-GAN,
 author = {Goodfellow, Ian and Pouget-Abadie, Jean and Mirza, Mehdi and Xu, Bing and Warde-Farley, David and Ozair, Sherjil and Courville, Aaron and Bengio, Yoshua},
 booktitle = {Advances in Neural Information Processing Systems},
 title = {Generative Adversarial Nets},
 volume = {27},
 year = {2014}
}

@InProceedings{Others-LSGAN,
author = {Mao, Xudong and Li, Qing and Xie, Haoran and Lau, Raymond Y.K. and Wang, Zhen and Paul Smolley, Stephen},
title = {Least Squares Generative Adversarial Networks},
booktitle = {Proceedings of the IEEE International Conference on Computer Vision (ICCV)},
year = {2017}
}


@book{Topo-cubical_complex,
    editor = {Tomasz Kaczynski and Konstantin Mischaikow and Marian Mrozek},
    title = {Computational Homology},
    year = {2004},
    publisher = {Springer},
}

@book{Topo-CompTopoBook,
    editor = {Herbert Edelsbrunner and John Harer},
    title = {Computational Topology: An Introduction},
    year = {2022},
    publisher = {American Mathematical Society},
    doi = {10.1007/978-3-540-33259-6_7}
}

@misc{Topo-cc,
 author = {Hubert Wagner and Chao Chen and Erald Vucini},
 title = {Efficient Computation of Persistent Homology for Cubical Data},
 note = {In Topological methods in data analysis and visualization II: theory, algorithms, and applications},
 pages = {91-106},
 year = 2011
}

@inproceedings{Topo-Persistence_compute,
author = {Tamal Dey and Fengtao Fan and Yusu Wang},
title = {Computing Topological Persistence for Simplicial Maps},
booktitle = {Computing Topological Persistence for Simplicial Maps},
year = 2014,
pages = {345–354}
}

@article{Topo-Persistence_compute2,
author = {David Cohen-Steiner and Herbert Edelsbrunner and John Harer},
title = {Persistent cohomology and circular coordinates},
journal = {Discrete \& Computational Geometry},
volume = 45,
number = 4,
pages = {737-759},
year = 2011
}

@article{Dataset-STARE,
author = {Adam Hoover and Valentina Kouznetsova and Michael Goldbaum},
title = {Locating Blood Vessels in Retinal Images by Piecewise Threshold Probing of a Matched Filter Response},
journal = {IEEE Transactions on Medical Imaging},
volume = 19,
number = 3,
pages = {203--210},
year = 2000
}

@article{Dataset-ChaseDB1,
author = {Muhammad Moazam Fraz and Paolo Remagnino and Andreas Hoppe and Bunyarit Uyyanonvara and Alicja R. Rudnicka and Christopher G. Owen and Sarah A. Barman},
title = {An ensemble classification-based approach applied to retinal blood vessel segmentation},
journal = {IEEE Transactions on Biomedical Engineering},
year = 2012
}

@article{Dataset-IOSTAR,
author = {Jiong Zhang and Behdad Dashtbozorg and Erik Bekkers and Josien P. W. Pluim and Remco Duits and Bart M. ter Haar Romeny},
title = {Robust Retinal Vessel Segmentation via Locally
Adaptive Derivative Frames
in Orientation Scores},
journal = {IEEE Transactions on Medical Imaging},
volume = 35,
number = 12,
pages = {2631--2644},
year = 2016
}

@book{gudhi:urm
, title     = {GUDHI User and Reference Manual}
, author    = {The GUDHI Project}
, publisher = {GUDHI Editorial Board}
, edition   = {3.10.1}
, year      = {2024}
, url       = {https://gudhi.inria.fr/doc/3.10.1/}
}

@article{Dataset-CFFA,
author = {S. H. M. Alipour and H. Rabbani and M. R. Akhlaghi},
title = {Diabetic retinopathy grading by digital curvelet transform},
journal = {Comput. Math. Methods Med.},
volume = 2012,
number = 1,
pages = {1607–1614},
year = 2016
}

