@inproceedings{bao2019few,
  title={Few-shot text classification with distributional signatures},
  author={Bao, Yujia and Wu, Menghua and Chang, Shiyu and Barzilay, Regina},
  booktitle={ICLR},
  year={2020}
}

@inproceedings{bateni2020improved,
  title={Improved few-shot visual classification},
  author={Bateni, Peyman and Goyal, Raghav and Masrani, Vaden and Wood, Frank and Sigal, Leonid},
  booktitle={CVPR},
  year={2020}
}

@inproceedings{fang2024universal,
  title={Universal prompt tuning for graph neural networks},
  author={Fang, Taoran and Zhang, Yunchao and Yang, Yang and Wang, Chunping and Chen, Lei},
  booktitle={NeurIPS},
  year={2023}
}

@inproceedings{finn2017model,
  title={Model-agnostic meta-learning for fast adaptation of deep networks},
  author={Finn, Chelsea and Abbeel, Pieter and Levine, Sergey},
  booktitle={ICML},
  pages={1126--1135},
  year={2017}
}

@inproceedings{finn2018probabilistic,
  title={Probabilistic model-agnostic meta-learning},
  author={Finn, Chelsea and Xu, Kelvin and Levine, Sergey},
  booktitle={NeurIPS},
  year={2018}
}

@inproceedings{finn2019online,
  title={Online meta-learning},
  author={Finn, Chelsea and Rajeswaran, Aravind and Kakade, Sham and Levine, Sergey},
  booktitle={ICML},
  year={2019}
}

@inproceedings{flennerhag2019meta,
  title={Meta-Learning with Warped Gradient Descent},
  author={Flennerhag, Sebastian and Rusu, Andrei A and Pascanu, Razvan and Visin, Francesco and Yin, Hujun and Hadsell, Raia},
  booktitle={ICLR},
  year={2020}
}

@inproceedings{grant2018recasting,
  title={Recasting gradient-based meta-learning as hierarchical bayes},
  author={Grant, Erin and Finn, Chelsea and Levine, Sergey and Darrell, Trevor and Griffiths, Thomas},
  booktitle={ICLR},
  year={2019}
}

@inproceedings{hariharan2017low,
  title={Low-shot visual recognition by shrinking and hallucinating features},
  author={Hariharan, Bharath and Girshick, Ross},
  booktitle={ICCV},
  pages={3018--3027},
  year={2017}
}

@article{hospedales2021meta,
  title={Meta-learning in neural networks: A survey},
  author={Hospedales, Timothy and Antoniou, Antreas and Micaelli, Paul and Storkey, Amos},
  journal={IEEE TPAMI},
  volume={44},
  number={9},
  pages={5149--5169},
  year={2021}
}

@inproceedings{huang2020graph,
  title={Graph meta learning via local subgraphs},
  author={Huang, Kexin and Zitnik, Marinka},
  booktitle={NeurIPS},
  pages={5862--5874},
  year={2020}
}

@inproceedings{jamal2019task,
  title={Task agnostic meta-learning for few-shot learning},
  author={Jamal, Muhammad Abdullah and Qi, Guo-Jun},
  booktitle={CVPR},
  pages={11719--11727},
  year={2019}
}

@inproceedings{kim2023task,
  title={Task-Equivariant Graph Few-shot Learning},
  author={Kim, Sungwon and Lee, Junseok and Lee, Namkyeong and Kim, Wonjoong and Choi, Seungyoon and Park, Chanyoung},
  booktitle={SIGKDD},
  year={2023}
}

@inproceedings{lee2022set,
  title={Set-based meta-interpolation for few-task meta-learning},
  author={Lee, Seanie and Andreis, Bruno and Kawaguchi, Kenji and Lee, Juho and Hwang, Sung Ju},
  booktitle={NeurIPS},
  pages={6775--6788},
  year={2022}
}

@inproceedings{lifchitz2019dense,
  title={Dense classification and implanting for few-shot learning},
  author={Lifchitz, Yann and Avrithis, Yannis and Picard, Sylvaine and Bursuc, Andrei},
  booktitle={CVPR},
  year={2019}
}

@inproceedings{liu2022few,
  title={Few-shot node classification on attributed networks with graph meta-learning},
  author={Liu, Yonghao and Li, Mengyu and Li, Ximing and Giunchiglia, Fausto and Feng, Xiaoyue and Guan, Renchu},
  booktitle={SIGIR},
  year={2022}
}

@inproceedings{liu2023graphprompt,
  title={Graphprompt: Unifying pre-training and downstream tasks for graph neural networks},
  author={Liu, Zemin and Yu, Xingtong and Fang, Yuan and Zhang, Xinming},
  booktitle={The Web Conference},
  year={2023}
}

@article{liu2024meta,
  title={Meta-GPS++: Enhancing Graph Meta-Learning with Contrastive Learning and Self-Training},
  author={Liu, Yonghao and Li, Mengyu and Li, Ximing and Huang, Lan and Giunchiglia, Fausto and Liang, Yanchun and Feng, Xiaoyue and Guan, Renchu},
  journal={ACM TKDD},
  volume={18},
  number={9},
  pages={1--30},
  year={2024}
}

@inproceedings{liu2024simple,
  title={A Simple but Effective Approach for Unsupervised Few-Shot Graph Classification},
  author={Liu, Yonghao and Huang, Lan and Cao, Bowen and Li, Ximing and Giunchiglia, Fausto and Feng, Xiaoyue and Guan, Renchu},
  booktitle={WWW},
  year={2024}
}

@inproceedings{liu2025enhancing,
  title={Enhancing Unsupervised Graph Few-shot Learning via Set Functions and Optimal Transport},
  author={Liu, Yonghao and Giunchiglia, Fausto and Li, Ximing and Huang, Lan and Feng, Xiaoyue and Guan, Renchu},
  booktitle={SIGKDD},
  year={2025}
}

@inproceedings{mishra2017simple,
  title={A simple neural attentive meta-learner},
  author={Mishra, Nikhil and Rohaninejad, Mostafa and Chen, Xi and Abbeel, Pieter},
  booktitle={ICLR},
  year={2018}
}

@inproceedings{mukherjee2020uncertainty,
  title={Uncertainty-aware self-training for few-shot text classification},
  author={Mukherjee, Subhabrata and Awadallah, Ahmed},
  booktitle={NeurIPS},
  pages={21199--21212},
  year={2020}
}

@inproceedings{oh2020boil,
  title={BOIL: Towards Representation Change for Few-shot Learning},
  author={Oh, Jaehoon and Yoo, Hyungjun and Kim, ChangHwan and Yun, Se-Young},
  booktitle={ICLR},
  year={2021}
}

@inproceedings{rajendran2020meta,
  title={Meta-learning requires meta-augmentation},
  author={Rajendran, Janarthanan and Irpan, Alexander and Jang, Eric},
  booktitle={NeurIPS},
  pages={5705--5715},
  year={2020}
}

@inproceedings{rusu2018meta,
  title={Meta-learning with latent embedding optimization},
  author={Rusu, Andrei A and Rao, Dushyant and Sygnowski, Jakub and Vinyals, Oriol and Pascanu, Razvan and Osindero, Simon and Hadsell, Raia},
  booktitle={ICLR},
  year={2019}
}

@inproceedings{snell2017prototypical,
  title={Prototypical networks for few-shot learning},
  author={Snell, Jake and Swersky, Kevin and Zemel, Richard},
  booktitle={NeurIPS},
  year={2017}
}

@inproceedings{tan2022transductive,
  title={Transductive Linear Probing: A Novel Framework for Few-Shot Node Classification},
  author={Tan, Zhen and Wang, Song and Ding, Kaize and Li, Jundong and Liu, Huan},
  booktitle={LoG},
  pages={4--1},
  year={2022}
}

@inproceedings{tan2023virtual,
  title={Virtual node tuning for few-shot node classification},
  author={Tan, Zhen and Guo, Ruocheng and Ding, Kaize and Liu, Huan},
  booktitle={SIGKDD},
  year={2023}
}

@inproceedings{tian2020rethinking,
  title={Rethinking few-shot image classification: a good embedding is all you need?},
  author={Tian, Yonglong and Wang, Yue and Krishnan, Dilip and Tenenbaum, Joshua B and Isola, Phillip},
  booktitle={ECCV},
  pages={266--282},
  year={2020}
}

@inproceedings{vinyals2016matching,
  title={Matching networks for one shot learning},
  author={Vinyals, Oriol and Blundell, Charles and Lillicrap, Timothy and Wierstra, Daan and others},
  booktitle={NeurIPS},
  year={2016}
}

@inproceedings{wang2021grad2task,
  title={Grad2task: Improved few-shot text classification using gradients for task representation},
  author={Wang, Jixuan and Wang, Kuan-Chieh and Rudzicz, Frank and Brudno, Michael},
  booktitle={NeurIPS},
  year={2021}
}

@inproceedings{wang2022task,
  title={Task-adaptive few-shot node classification},
  author={Wang, Song and Ding, Kaize and Zhang, Chuxu and Chen, Chen and Li, Jundong},
  booktitle={SIGKDD},
  pages={1910--1919},
  year={2022}
}

@inproceedings{wang2023few,
  title={Few-shot node classification with extremely weak supervision},
  author={Wang, Song and Dong, Yushun and Ding, Kaize and Chen, Chen and Li, Jundong},
  booktitle={WSDM},
  pages={276--284},
  year={2023}
}

@inproceedings{xu2021augnlg,
  title={AugNLG: Few-shot Natural Language Generation using Self-trained Data Augmentation},
  author={Xu, Xinnuo and Wang, Guoyin and Kim, Young-Bum and Lee, Sungjin},
  booktitle={ACL},
  year={2021}
}

@inproceedings{yao2021improving,
  title={Improving generalization in meta-learning via task augmentation},
  author={Yao, Huaxiu and Huang, Long-Kai and Zhang, Linjun and Wei, Ying and Tian, Li and Zou, James and Huang, Junzhou and others},
  booktitle={ICML},
  pages={11887--11897},
  year={2021}
}

@inproceedings{yao2021meta,
  title={Meta-learning with fewer tasks through task interpolation},
  author={Yao, Huaxiu and Zhang, Linjun and Finn, Chelsea},
  booktitle={ICLR},
  year={2022}
}

@inproceedings{yin2019meta,
  title={Meta-learning without memorization},
  author={Yin, Mingzhang and Tucker, George and Zhou, Mingyuan and Levine, Sergey and Finn, Chelsea},
  booktitle={ICLR},
  year={2020}
}

@inproceedings{zhou2019meta,
  title={Meta-gnn: On few-shot node classification in graph meta-learning},
  author={Zhou, Fan and Cao, Chengtai and Zhang, Kunpeng and Trajcevski, Goce and Zhong, Ting and Geng, Ji},
  booktitle={CIKM},
  pages={2357--2360},
  year={2019}
}

