@inproceedings{liu2021deep,
  title={Deep attention diffusion graph neural networks for text classification},
  author={Liu, Yonghao and Guan, Renchu and Giunchiglia, Fausto and Liang, Yanchun and Feng, Xiaoyue},
  booktitle={EMNLP},
  year={2021}
}

@article{li2024simple,
    author = {Li, Mengyu and Liu, Yonghao and Giunchiglia, Fausto and Feng, Xiaoyue and Guan, Renchu},
    title = {Simple-Sampling and Hard-Mixup with Prototypes to Rebalance Contrastive Learning for Text Classification},
    journal = {arxiv preprint arXiv:2405.11524},
    year = {2024}
}

@inproceedings{liu2025boosting,
  title={Boosting Short Text Classification with Multi-Source Information Exploration and Dual-Level Contrastive Learning},
  author={Liu, Yonghao and Li, Mengyu and Pang, Wei and Giunchiglia, Fausto and Huang, Lan and Feng, Xiaoyue and Guan, Renchu},
  booktitle={AAAI},
  year={2025}
}

@inproceedings{liu2022few,
  title={Few-shot node classification on attributed networks with graph meta-learning},
  author={Liu, Yonghao and Li, Mengyu and Li, Ximing and Giunchiglia, Fausto and Feng, Xiaoyue and Guan, Renchu},
  booktitle={SIGIR},
  year={2022}
}

@inproceedings{liulocal,
  title={Local and Global: Temporal Question Answering via Information Fusion},
  author={Liu, Yonghao and Liang, Di and Li, Mengyu and Giunchiglia, Fausto and Li, Ximing and Wang, Sirui and Wu, Wei and Huang, Lan and Feng, Xiaoyue and Guan, Renchu},
  booktitle={IJCAI},
  year={2023}
}

@inproceedings{liu2021vplag,
  title={Paper-publication Prediction with Graph Neural Networks},
  author={Guan, Renchu and Liu, Yonghao and Feng, Xiaoyue and Li, Ximing},
  booktitle={CIKM},
  year={2021}
}

@inproceedings{liu2024simple,
  title={A Simple but Effective Approach for Unsupervised Few-Shot Graph Classification},
  author={Liu, Yonghao and Huang, Lan and Cao, Bowen and Li, Ximing and Giunchiglia, Fausto and Feng, Xiaoyue and Guan, Renchu},
  booktitle={WWW},
  year={2024}
}

@article{liu2024meta,
  title={Meta-GPS++: Enhancing Graph Meta-Learning with Contrastive Learning and Self-Training},
  author={Liu, Yonghao and Li, Mengyu and Li, Ximing and Huang, Lan and Giunchiglia, Fausto and Liang, Yanchun and Feng, Xiaoyue and Guan, Renchu},
  journal={ACM TKDD},
  volume={18},
  number={9},
  pages={1--30},
  year={2024}
}

@inproceedings{liu2024resolving,
  title={Resolving Word Vagueness with Scenario-guided Adapter for Natural Language Inference},
  author={Liu, Yonghao and Li, Mengyu and Liang, Di and Li, Ximing and Giunchiglia, Fausto and Huang, Lan and Feng, Xiaoyue and Guan, Renchu},
  booktitle={IJCAI},
  year={2024}
}


@inproceedings{liu2025enhancing,
  title={Enhancing Unsupervised Graph Few-shot Learning via Set Functions and Optimal Transport},
  author={Liu, Yonghao and Giunchiglia, Fausto and Li, Ximing and Huang, Lan and Feng, Xiaoyue and Guan, Renchu},
  booktitle={SIGKDD},
  year={2025}
}

@inproceedings{liu2024improved,
  title={Improved Graph Contrastive Learning for Short Text Classification},
  author={Liu, Yonghao and Huang, Lan and Giunchiglia, Fausto and Feng, Xiaoyue and Guan, Renchu},
  booktitle={AAAI},
  year={2024}
}

@inproceedings{liu2025improved,
  title={A Simple Graph Contrastive Learning Framework for Short Text Classification},
  author={Liu, Yonghao and Giunchiglia, Fausto and Huang, Lan and Li, Ximing and Feng, Xiaoyue and Guan, Renchu},
  booktitle={AAAI},
  year={2025}
}

@inproceedings{liu2023time,
  title={Time-aware multiway adaptive fusion network for temporal knowledge graph question answering},
  author={Liu, Yonghao and Liang, Di and Fang, Fang and Wang, Sirui and Wu, Wei and Jiang, Rui},
  booktitle={ICASSP},
  pages={1--5},
  year={2023}
}


@article{bartlett2002rademacher,
  title={Rademacher and Gaussian complexities: Risk bounds and structural results},
  author={Bartlett, Peter L and Mendelson, Shahar},
  journal={Journal of Machine Learning Research},
  volume={3},
  number={Nov},
  pages={463--482},
  year={2002}
}

@article{muller1997integral,
  title={Integral probability metrics and their generating classes of functions},
  author={M{\"u}ller, Alfred},
  journal={Advances in Applied Probability},
  volume={29},
  number={2},
  pages={429--443},
  year={1997}
}

@book{mohri2018foundations,
  title={Foundations of machine learning},
  author={Mohri, Mehryar and Rostamizadeh, Afshin and Talwalkar, Ameet},
  year={2018},
  publisher={MIT press}
}

@inproceedings{yao2021meta,
  title={Meta-learning with fewer tasks through task interpolation},
  author={Yao, Huaxiu and Zhang, Linjun and Finn, Chelsea},
  booktitle={ICLR},
  year={2022}
}

@inproceedings{lee2022set,
  title={Set-based meta-interpolation for few-task meta-learning},
  author={Lee, Seanie and Andreis, Bruno and Kawaguchi, Kenji and Lee, Juho and Hwang, Sung Ju},
  booktitle={NeurIPS},
  pages={6775--6788},
  year={2022}
}

@inproceedings{yin2019meta,
  title={Meta-learning without memorization},
  author={Yin, Mingzhang and Tucker, George and Zhou, Mingyuan and Levine, Sergey and Finn, Chelsea},
  booktitle={ICLR},
  year={2020}
}


@inproceedings{rajendran2020meta,
  title={Meta-learning requires meta-augmentation},
  author={Rajendran, Janarthanan and Irpan, Alexander and Jang, Eric},
  booktitle={NeurIPS},
  pages={5705--5715},
  year={2020}
}

@inproceedings{hu2019strategies,
  title={Strategies for pre-training graph neural networks},
  author={Hu, Weihua and Liu, Bowen and Gomes, Joseph and Zitnik, Marinka and Liang, Percy and Pande, Vijay and Leskovec, Jure},
  booktitle={ICLR},
  year={2020}
}

@article{wu2020comprehensive,
  title={A comprehensive survey on graph neural networks},
  author={Wu, Zonghan and Pan, Shirui and Chen, Fengwen and Long, Guodong and Zhang, Chengqi and Philip, S Yu},
  journal={IEEE TNNLS},
  volume={32},
  number={1},
  pages={4--24},
  year={2020}
}

@inproceedings{ding2020graph,
  title={Graph prototypical networks for few-shot learning on attributed networks},
  author={Ding, Kaize and Wang, Jianling and Li, Jundong and Shu, Kai and Liu, Chenghao and Liu, Huan},
  booktitle={CIKM},
  pages={295--304},
  year={2020}
}

@inproceedings{zhou2019meta,
  title={Meta-gnn: On few-shot node classification in graph meta-learning},
  author={Zhou, Fan and Cao, Chengtai and Zhang, Kunpeng and Trajcevski, Goce and Zhong, Ting and Geng, Ji},
  booktitle={CIKM},
  pages={2357--2360},
  year={2019}
}

@inproceedings{huang2020graph,
  title={Graph meta learning via local subgraphs},
  author={Huang, Kexin and Zitnik, Marinka},
  booktitle={NeurIPS},
  pages={5862--5874},
  year={2020}
}

@inproceedings{wang2022task,
  title={Task-adaptive few-shot node classification},
  author={Wang, Song and Ding, Kaize and Zhang, Chuxu and Chen, Chen and Li, Jundong},
  booktitle={SIGKDD},
  pages={1910--1919},
  year={2022}
}

@article{Waring2015AnAO,
  title={An analysis of the attrition of drug candidates from four major pharmaceutical companies},
  author={Michael J. Waring and John Edmund Arrowsmith and Andrew R. Leach and Paul D. Leeson and Sam Mandrell and Robert M. Owen and Garry Pairaudeau and William D. Pennie and Stephen D. Pickett and Jibo Wang and Owen Wallace and Alexander Weir},
  journal={Nature Reviews Drug Discovery},
  year={2015},
  volume={14},
  pages={475-486},
}

@inproceedings{Guo21few,
  author       = {Zhichun Guo and
                  Chuxu Zhang and
                  Wenhao Yu and
                  John Herr and
                  Olaf Wiest and
                  Meng Jiang and
                  Nitesh V. Chawla},
  title        = {Few-Shot Graph Learning for Molecular Property Prediction},
  booktitle    = {The Web Conference},
  pages        = {2559--2567},
  year         = {2021}
}
@inproceedings{tan2022transductive,
  title={Transductive Linear Probing: A Novel Framework for Few-Shot Node Classification},
  author={Tan, Zhen and Wang, Song and Ding, Kaize and Li, Jundong and Liu, Huan},
  booktitle={LoG},
  pages={4--1},
  year={2022}
}

@inproceedings{liu2019learning,
  title={Learning to propagate for graph meta-learning},
  author={Liu, Lu and Zhou, Tianyi and Long, Guodong and Jiang, Jing and Zhang, Chengqi},
  booktitle={NeurIPS},
  year={2019}
}

@inproceedings{zhang2017mixup,
  title={mixup: Beyond empirical risk minimization},
  author={Zhang, Hongyi and Cisse, Moustapha and Dauphin, Yann N and Lopez-Paz, David},
  booktitle={ICLR},
  year={2018}
}

@inproceedings{ni2021data,
  title={Data augmentation for meta-learning},
  author={Ni, Renkun and Goldblum, Micah and Sharaf, Amr and Kong, Kezhi and Goldstein, Tom},
  booktitle={ICML},
  pages={8152--8161},
  year={2021}
}

@inproceedings{yao2020graph,
  title={Graph few-shot learning via knowledge transfer},
  author={Yao, Huaxiu and Zhang, Chuxu and Wei, Ying and Jiang, Meng and Wang, Suhang and Huang, Junzhou and Chawla, Nitesh and Li, Zhenhui},
  booktitle={AAAI},
  year={2020}
}

@inproceedings{zhang2022few,
  title={Few-shot learning on graphs},
  author={Zhang, Chuxu and Ding, Kaize and Li, Jundong and Zhang, Xiangliang and Ye, Yanfang and Chawla, Nitesh V and Liu, Huan},
  booktitle={IJCAI},
  year={2022}
}

@article{livingstone2000characterization,
  title={The characterization of chemical structures using molecular properties. A survey},
  author={Livingstone, David J},
  journal={Journal of Chemical Information and Computer Sciences},
  volume={40},
  number={2},
  pages={195--209},
  year={2000}
}

@article{hospedales2021meta,
  title={Meta-learning in neural networks: A survey},
  author={Hospedales, Timothy and Antoniou, Antreas and Micaelli, Paul and Storkey, Amos},
  journal={IEEE TPAMI},
  volume={44},
  number={9},
  pages={5149--5169},
  year={2021}
}

@inproceedings{snell2017prototypical,
  title={Prototypical networks for few-shot learning},
  author={Snell, Jake and Swersky, Kevin and Zemel, Richard},
  booktitle={NeurIPS},
  year={2017}
}

@inproceedings{vinyals2016matching,
  title={Matching networks for one shot learning},
  author={Vinyals, Oriol and Blundell, Charles and Lillicrap, Timothy and Wierstra, Daan and others},
  booktitle={NeurIPS},
  year={2016}
}

@inproceedings{finn2017model,
  title={Model-agnostic meta-learning for fast adaptation of deep networks},
  author={Finn, Chelsea and Abbeel, Pieter and Levine, Sergey},
  booktitle={ICML},
  pages={1126--1135},
  year={2017}
}

@inproceedings{finn2018probabilistic,
  title={Probabilistic model-agnostic meta-learning},
  author={Finn, Chelsea and Xu, Kelvin and Levine, Sergey},
  booktitle={NeurIPS},
  year={2018}
}

@inproceedings{yao2021improving,
  title={Improving generalization in meta-learning via task augmentation},
  author={Yao, Huaxiu and Huang, Long-Kai and Zhang, Linjun and Wei, Ying and Tian, Li and Zou, James and Huang, Junzhou and others},
  booktitle={ICML},
  pages={11887--11897},
  year={2021}
}

@inproceedings{hariharan2017low,
  title={Low-shot visual recognition by shrinking and hallucinating features},
  author={Hariharan, Bharath and Girshick, Ross},
  booktitle={ICCV},
  pages={3018--3027},
  year={2017}
}

@inproceedings{jamal2019task,
  title={Task agnostic meta-learning for few-shot learning},
  author={Jamal, Muhammad Abdullah and Qi, Guo-Jun},
  booktitle={CVPR},
  pages={11719--11727},
  year={2019}
}

@inproceedings{tian2020rethinking,
  title={Rethinking few-shot image classification: a good embedding is all you need?},
  author={Tian, Yonglong and Wang, Yue and Krishnan, Dilip and Tenenbaum, Joshua B and Isola, Phillip},
  booktitle={ECCV},
  pages={266--282},
  year={2020}
}

@inproceedings{dhillon2019baseline,
  title={A Baseline for Few-Shot Image Classification},
  author={Dhillon, Guneet Singh and Chaudhari, Pratik and Ravichandran, Avinash and Soatto, Stefano},
  booktitle={ICLR},
  year={2020}
}


@inproceedings{yu2018diverse,
  title={Diverse few-shot text classification with multiple metrics},
  author={Yu, Mo and Guo, Xiaoxiao and Yi, Jinfeng and Chang, Shiyu and Potdar, Saloni and Cheng, Yu and Tesauro, Gerald and Wang, Haoyu and Zhou, Bowen},
  booktitle={NAACL},
  year={2018}
}

@inproceedings{mukherjee2020uncertainty,
  title={Uncertainty-aware self-training for few-shot text classification},
  author={Mukherjee, Subhabrata and Awadallah, Ahmed},
  booktitle={NeurIPS},
  pages={21199--21212},
  year={2020}
}

@inproceedings{liu2021relative,
  title={Relative and absolute location embedding for few-shot node classification on graph},
  author={Liu, Zemin and Fang, Yuan and Liu, Chenghao and Hoi, Steven CH},
  booktitle={AAAI},
  year={2021}
}

@inproceedings{wang2023few,
  title={Few-shot node classification with extremely weak supervision},
  author={Wang, Song and Dong, Yushun and Ding, Kaize and Chen, Chen and Li, Jundong},
  booktitle={WSDM},
  pages={276--284},
  year={2023}
}

@inproceedings{wu2019simplifying,
  title={Simplifying graph convolutional networks},
  author={Wu, Felix and Souza, Amauri and Zhang, Tianyi and Fifty, Christopher and Yu, Tao and Weinberger, Kilian},
  booktitle={ICML},
  year={2019}
}


@inproceedings{zhang2019variational,
  author       = {Jian Zhang and
                  Chenglong Zhao and
                  Bingbing Ni and
                  Minghao Xu and
                  Xiaokang Yang},
  title        = {Variational Few-Shot Learning},
  booktitle    = {ICCV},
  pages        = {1685--1694},
  year         = {2019}
}

@article{van2008visualizing,
  title={Visualizing data using t-SNE.},
  author={Van der Maaten, Laurens and Hinton, Geoffrey},
  journal={JMLR},
  volume={9},
  number={11},
  year={2008}
}

@inproceedings{rampavsek2022recipe,
  title={Recipe for a general, powerful, scalable graph transformer},
  author={Ramp{\'a}{\v{s}}ek, Ladislav and Galkin, Michael and Dwivedi, Vijay Prakash and Luu, Anh Tuan and Wolf, Guy and Beaini, Dominique},
  booktitle={NeurIPS},
  year={2022}
}

@inproceedings{Park2019estimating,
  author       = {Namyong Park and
                  Andrey Kan and
                  Xin Luna Dong and
                  Tong Zhao and
                  Christos Faloutsos},
  title        = {Estimating Node Importance in Knowledge Graphs Using Graph Neural Networks},
  booktitle    = {SIGKDD},
  pages        = {596--606},
  year         = {2019}
}

@inproceedings{bojchevski2017deep,
  title={Deep gaussian embedding of graphs: Unsupervised inductive learning via ranking},
  author={Bojchevski, Aleksandar and G{\"u}nnemann, Stephan},
  booktitle={ICLR},
  year={2018}
}

@inproceedings{tang2008arnetminer,
  title={Arnetminer: extraction and mining of academic social networks},
  author={Tang, Jie and Zhang, Jing and Yao, Limin and Li, Juanzi and Zhang, Li and Su, Zhong},
  booktitle={SIGKDD},
  pages={990--998},
  year={2008}
}

@inproceedings{mcauley2015inferring,
  title={Inferring networks of substitutable and complementary products},
  author={McAuley, Julian and Pandey, Rahul and Leskovec, Jure},
  booktitle={SIGKDD},
  pages={785--794},
  year={2015}
}

@inproceedings{wang2023contrastive,
  title={Contrastive Meta-Learning for Few-shot Node Classification},
  author={Wang, Song and Tan, Zhen and Liu, Huan and Li, Jundong},
  booktitle={SIGKDD},
  year={2023}
}

@inproceedings{tan2023virtual,
  title={Virtual node tuning for few-shot node classification},
  author={Tan, Zhen and Guo, Ruocheng and Ding, Kaize and Liu, Huan},
  booktitle={SIGKDD},
  year={2023}
}


@inproceedings{kim2023task,
  title={Task-Equivariant Graph Few-shot Learning},
  author={Kim, Sungwon and Lee, Junseok and Lee, Namkyeong and Kim, Wonjoong and Choi, Seungyoon and Park, Chanyoung},
  booktitle={SIGKDD},
  year={2023}
}

@inproceedings{liu2023graphprompt,
  title={Graphprompt: Unifying pre-training and downstream tasks for graph neural networks},
  author={Liu, Zemin and Yu, Xingtong and Fang, Yuan and Zhang, Xinming},
  booktitle={The Web Conference},
  year={2023}
}

@inproceedings{fang2024universal,
  title={Universal prompt tuning for graph neural networks},
  author={Fang, Taoran and Zhang, Yunchao and Yang, Yang and Wang, Chunping and Chen, Lei},
  booktitle={NeurIPS},
  year={2023}
}

@inproceedings{kipf2016semi,
  title={Semi-supervised classification with graph convolutional networks},
  author={Kipf, Thomas N and Welling, Max},
  booktitle={ICLR},
  year={2017}
}

@inproceedings{velivckovic2017graph,
  title={Graph attention networks},
  author={Veli{\v{c}}kovi{\'c}, Petar and Cucurull, Guillem and Casanova, Arantxa and Romero, Adriana and Lio, Pietro and Bengio, Yoshua},
  booktitle={ICLR},
  year={2018}
}

@inproceedings{hamilton2017inductive,
  title={Inductive representation learning on large graphs},
  author={Hamilton, Will and Ying, Zhitao and Leskovec, Jure},
  booktitle={NeurIPS},
  year={2017}
}

@inproceedings{xu2018powerful,
  title={How powerful are graph neural networks?},
  author={Xu, Keyulu and Hu, Weihua and Leskovec, Jure and Jegelka, Stefanie},
  booktitle={ICLR},
  year={2019}
}

@inproceedings{finn2019online,
  title={Online meta-learning},
  author={Finn, Chelsea and Rajeswaran, Aravind and Kakade, Sham and Levine, Sergey},
  booktitle={ICML},
  year={2019}
}

@inproceedings{flennerhag2019meta,
  title={Meta-Learning with Warped Gradient Descent},
  author={Flennerhag, Sebastian and Rusu, Andrei A and Pascanu, Razvan and Visin, Francesco and Yin, Hujun and Hadsell, Raia},
  booktitle={ICLR},
  year={2020}
}

@inproceedings{oh2020boil,
  title={BOIL: Towards Representation Change for Few-shot Learning},
  author={Oh, Jaehoon and Yoo, Hyungjun and Kim, ChangHwan and Yun, Se-Young},
  booktitle={ICLR},
  year={2021}
}

@inproceedings{sung2018learning,
  title={Learning to compare: Relation network for few-shot learning},
  author={Sung, Flood and Yang, Yongxin and Zhang, Li and Xiang, Tao and Torr, Philip HS and Hospedales, Timothy M},
  booktitle={CVPR},
  pages={1199--1208},
  year={2018}
}

@inproceedings{mishra2017simple,
  title={A simple neural attentive meta-learner},
  author={Mishra, Nikhil and Rohaninejad, Mostafa and Chen, Xi and Abbeel, Pieter},
  booktitle={ICLR},
  year={2018}
}

@inproceedings{liu2018learning,
  title={Learning to propagate labels: Transductive propagation network for few-shot learning},
  author={Liu, Yanbin and Lee, Juho and Park, Minseop and Kim, Saehoon and Yang, Eunho and Hwang, Sung Ju and Yang, Yi},
  booktitle={ICLR},
  year={2019}
}

@inproceedings{grant2018recasting,
  title={Recasting gradient-based meta-learning as hierarchical bayes},
  author={Grant, Erin and Finn, Chelsea and Levine, Sergey and Darrell, Trevor and Griffiths, Thomas},
  booktitle={ICLR},
  year={2019}
}

@inproceedings{rusu2018meta,
  title={Meta-learning with latent embedding optimization},
  author={Rusu, Andrei A and Rao, Dushyant and Sygnowski, Jakub and Vinyals, Oriol and Pascanu, Razvan and Osindero, Simon and Hadsell, Raia},
  booktitle={ICLR},
  year={2019}
}

@inproceedings{zhou2021flipda,
  title={Flipda: Effective and robust data augmentation for few-shot learning},
  author={Zhou, Jing and Zheng, Yanan and Tang, Jie and Li, Jian and Yang, Zhilin},
  booktitle={ACL},
  year={2022}
}

@inproceedings{santoro2016meta,
  title={Meta-learning with memory-augmented neural networks},
  author={Santoro, Adam and Bartunov, Sergey and Botvinick, Matthew and Wierstra, Daan and Lillicrap, Timothy},
  booktitle={ICML},
  year={2016}
}

@inproceedings{bateni2020improved,
  title={Improved few-shot visual classification},
  author={Bateni, Peyman and Goyal, Raghav and Masrani, Vaden and Wood, Frank and Sigal, Leonid},
  booktitle={CVPR},
  year={2020}
}

@inproceedings{khodadadeh2019unsupervised,
  title={Unsupervised meta-learning for few-shot image classification},
  author={Khodadadeh, Siavash and Boloni, Ladislau and Shah, Mubarak},
  booktitle={NeurIPS},
  year={2019}
}

@inproceedings{xu2021augnlg,
  title={AugNLG: Few-shot Natural Language Generation using Self-trained Data Augmentation},
  author={Xu, Xinnuo and Wang, Guoyin and Kim, Young-Bum and Lee, Sungjin},
  booktitle={ACL},
  year={2021}
}

@inproceedings{lifchitz2019dense,
  title={Dense classification and implanting for few-shot learning},
  author={Lifchitz, Yann and Avrithis, Yannis and Picard, Sylvaine and Bursuc, Andrei},
  booktitle={CVPR},
  year={2019}
}

@inproceedings{geng2019induction,
  title={Induction Networks for Few-Shot Text Classification},
  author={Geng, Ruiying and Li, Binhua and Li, Yongbin and Zhu, Xiaodan and Jian, Ping and Sun, Jian},
  booktitle={EMNLP-IJCNLP},
  year={2019}
}

@inproceedings{bao2019few,
  title={Few-shot text classification with distributional signatures},
  author={Bao, Yujia and Wu, Menghua and Chang, Shiyu and Barzilay, Regina},
  booktitle={ICLR},
  year={2020}
}

@inproceedings{wang2021grad2task,
  title={Grad2task: Improved few-shot text classification using gradients for task representation},
  author={Wang, Jixuan and Wang, Kuan-Chieh and Rudzicz, Frank and Brudno, Michael},
  booktitle={NeurIPS},
  year={2021}
}

@inproceedings{zhao2021data,
  title={Data augmentation for graph neural networks},
  author={Zhao, Tong and Liu, Yozen and Neves, Leonardo and Woodford, Oliver and Jiang, Meng and Shah, Neil},
  booktitle={AAAI},
  year={2021}
}

@inproceedings{ma2020adaptive,
  title={Adaptive-step graph meta-learner for few-shot graph classification},
  author={Ma, Ning and Bu, Jiajun and Yang, Jieyu and Zhang, Zhen and Yao, Chengwei and Yu, Zhi and Zhou, Sheng and Yan, Xifeng},
  booktitle={CIKM},
  year={2020}
}

@inproceedings{wang2022faith,
  title={Faith: Few-shot graph classification with hierarchical task graphs},
  author={Wang, Song and Dong, Yushun and Huang, Xiao and Chen, Chen and Li, Jundong},
  booktitle={IJCAI},
  year={2022}
}

@inproceedings{chauhan2020few,
  title={Few-shot learning on graphs via super-classes based on graph spectral measures},
  author={Chauhan, Jatin and Nathani, Deepak and Kaul, Manohar},
  booktitle={ICLR},
  year={2020}
}

@inproceedings{wang2021mixup,
  title={Mixup for node and graph classification},
  author={Wang, Yiwei and Wang, Wei and Liang, Yuxuan and Cai, Yujun and Hooi, Bryan},
  booktitle={The Web Conference},
  year={2021}
}

