%% This BibTeX bibliography file was created using BibDesk.
%% https://bibdesk.sourceforge.io/

%% Created for Constantine Kyriakopoulos at 2025-01-21 03:53:48 +0100 


%% Saved with string encoding Unicode (UTF-8) 


@inproceedings{scano2021hierarchical,
	author = {Scano, Davide and Giorgetti, Alessio and Sgambelluri, Andrea and Riccardi, Emilio and Morro, Roberto and Paolucci, Francesco and Castoldi, Piero and Cugini, Filippo},
	booktitle = {2021 European Conference on Optical Communication (ECOC)},
	organization = {IEEE},
	pages = {1--3},
	title = {Hierarchical control of SONiC-based packet-optical nodes encompassing coherent pluggable modules},
	year = {2021}}

@article{sun2020800g,
	author = {Sun, Han and Torbatian, Mehdi and Karimi, Mehdi and Maher, Robert and Thomson, Sandy and Tehrani, Mohsen and Gao, Yuliang and Kumpera, Ales and Soliman, George and Kakkar, Aditya and others},
	journal = {Journal of lightwave technology},
	number = {17},
	pages = {4744--4756},
	publisher = {IEEE},
	title = {800G DSP ASIC design using probabilistic shaping and digital sub-carrier multiplexing},
	volume = {38},
	year = {2020}}

@article{hauser2023survey,
	author = {Hauser, Frederik and H{\"a}berle, Marco and Merling, Daniel and Lindner, Steffen and Gurevich, Vladimir and Zeiger, Florian and Frank, Reinhard and Menth, Michael},
	journal = {Journal of Network and Computer Applications},
	pages = {103561},
	publisher = {Elsevier},
	title = {A survey on data plane programming with p4: Fundamentals, advances, and applied research},
	volume = {212},
	year = {2023}}

@inproceedings{berde2014onos,
	author = {Berde, Pankaj and Gerola, Matteo and Hart, Jonathan and Higuchi, Yuta and Kobayashi, Masayoshi and Koide, Toshio and Lantz, Bob and O'Connor, Brian and Radoslavov, Pavlin and Snow, William and others},
	booktitle = {Proceedings of the third workshop on Hot topics in software defined networking},
	pages = {1--6},
	title = {ONOS: towards an open, distributed SDN OS},
	year = {2014}}

@article{cugini2023telemetry,
	author = {Cugini, Filippo and Scano, Davide and Giorgetti, Alessio and Sgambelluri, Andrea and De Marinis, Lorenzo and Castoldi, Piero and Paolucci, Francesco},
	journal = {Journal of Optical Communications and Networking},
	number = {1},
	pages = {A1--A10},
	publisher = {Optica Publishing Group},
	title = {Telemetry and AI-based security P4 applications for optical networks},
	volume = {15},
	year = {2023}}

@article{goswami2023survey,
	author = {Goswami, Bhargavi and Kulkarni, Manasa and Paulose, Joy},
	journal = {IEEE Access},
	publisher = {IEEE},
	title = {A Survey on P4 Challenges in Software Defined Networks: P4 Programming},
	year = {2023}}

@article{szyrkowiec2017optical,
	author = {Szyrkowiec, Thomas and Autenrieth, Achim and Kellerer, Wolfgang and others},
	journal = {International Journal of Optics},
	publisher = {Hindawi},
	title = {Optical network models and their application to software-defined network management},
	volume = {2017},
	year = {2017}}

@article{dallaglio2017control,
	author = {Dallaglio, M and Sambo, N and Cugini, F and Castoldi, P},
	journal = {Journal of Optical Communications and Networking},
	number = {3},
	pages = {B43--B52},
	publisher = {Optica Publishing Group},
	title = {Control and management of transponders with NETCONF and YANG},
	volume = {9},
	year = {2017}}

@inproceedings{sgambelluri2021coordinating,
	author = {Sgambelluri, Andrea and Scano, Davide and Giorgetti, Alessio and Paolucci, Francesco and Riccardi, Emilio and Morro, Roberto and Castoldi, Piero and Cugini, Filippo},
	booktitle = {2021 Optical Fiber Communications Conference and Exhibition (OFC)},
	organization = {IEEE},
	pages = {1--3},
	title = {Coordinating pluggable transceiver control in SONiC-based disaggregated packet-optical networks},
	year = {2021}}

@article{lopez2020enabling,
	author = {Lopez, Victor and Ishida, Wataru and Mayoral, Arturo and Tanaka, Takafumi and de Dios, Oscar Gonzalez and Fernandez-Palacios, Juan Pedro},
	journal = {Journal of Optical Communications and Networking},
	number = {2},
	pages = {A214--A223},
	publisher = {Optica Publishing Group},
	title = {Enabling fully programmable transponder white boxes},
	volume = {12},
	year = {2020}}

@electronic{p4standard,
	key = {p4},
	title = {The P4 Language Consortium - P4 Language Specification},
	url = {https://p4.org/p4-spec/docs/P4-16-v-1.2.3.html},
	year = {2022},
	bdsk-url-1 = {https://p4.org/p4-spec/docs/P4-16-v-1.2.3.html}}


@article{giorgetti2023enabling,
  title={Enabling hierarchical control of coherent pluggable transceivers in SONiC packet--optical nodes},
  author={Giorgetti, Alessio and Scano, Davide and Sgambelluri, Andrea and Paolucci, Francesco and Riccardi, Emilio and Morro, Roberto and Castoldi, Piero and Cugini, Filippo},
  journal={Journal of Optical Communications and Networking},
  volume={15},
  number={3},
  pages={163--173},
  year={2023},
  publisher={Optica Publishing Group}
}

@inproceedings{scano2023hybrid,
  title={Hybrid SDN orchestration in multi-layer network with sonic packet-optical nodes and coherent pluggables},
  author={Scano, Davide and Ortiz, Jordi and Giorgetti, Alessio and Mart{\'\i}nez, Jos{\'e} Manuel and Sgambelluri, Andrea and Riccardi, Emilio and Cugini, Filippo and Pavon, Pablo},
  booktitle={Optical Fiber Communication Conference},
  pages={M3Z--13},
  year={2023},
  organization={Optica Publishing Group}
}

@article{sgambelluri2024failure,
  title={Failure recovery in the MANTRA architecture with an IPoWDM SONiC node and 400ZR/ZR+ pluggables},
  author={Sgambelluri, Andrea and Scano, Davide and Morro, Roberto and Cugini, Filippo and Ortiz, Jordi and Martinez, Jos{\'e} Manuel and Riccardi, Emilio and Castoldi, Piero and Pavon, Pablo and Giorgetti, Alessio},
  journal={Journal of Optical Communications and Networking},
  volume={16},
  number={5},
  pages={B26--B34},
  year={2024},
  publisher={Optica Publishing Group}
}

@article{sgambelluri2020openconfig,
  title={OpenConfig and OpenROADM automation of operational modes in disaggregated optical networks},
  author={Sgambelluri, Andrea and Giorgetti, Alessio and Scano, Davide and Cugini, Filippo and Paolucci, Francesco},
  journal={IEEE Access},
  volume={8},
  pages={190094--190107},
  year={2020},
  publisher={IEEE}
}

@article{de2022mantra,
  title={MANTRA whitepaper: IPOWDM convergent SDN architecture-motivation, technical definition and challenges},
  author={De Dios, O Gonzales and Gim{\'e}nez, JPFP and Melin, S and others},
  journal={Telecom Infra Project White Paper Version},
  volume={3},
  year={2022}
}


