@article{de2022mantra,
  title={MANTRA whitepaper: IPOWDM convergent SDN architecture-motivation, technical definition and challenges},
  author={De Dios, O Gonzales and Gim{\'e}nez, JPFP and Melin, S and others},
  journal={Telecom Infra Project White Paper Version},
  volume={3},
  year={2022}
}

@article{giorgetti2023enabling,
  title={Enabling hierarchical control of coherent pluggable transceivers in SONiC packet--optical nodes},
  author={Giorgetti, Alessio and Scano, Davide and Sgambelluri, Andrea and Paolucci, Francesco and Riccardi, Emilio and Morro, Roberto and Castoldi, Piero and Cugini, Filippo},
  journal={Journal of Optical Communications and Networking},
  volume={15},
  number={3},
  pages={163--173},
  year={2023},
  publisher={Optica Publishing Group}
}

@inproceedings{scano2023hybrid,
  title={Hybrid SDN orchestration in multi-layer network with sonic packet-optical nodes and coherent pluggables},
  author={Scano, Davide and Ortiz, Jordi and Giorgetti, Alessio and Mart{\'\i}nez, Jos{\'e} Manuel and Sgambelluri, Andrea and Riccardi, Emilio and Cugini, Filippo and Pavon, Pablo},
  booktitle={Optical Fiber Communication Conference},
  pages={M3Z--13},
  year={2023},
  organization={Optica Publishing Group}
}

@article{sgambelluri2020openconfig,
  title={OpenConfig and OpenROADM automation of operational modes in disaggregated optical networks},
  author={Sgambelluri, Andrea and Giorgetti, Alessio and Scano, Davide and Cugini, Filippo and Paolucci, Francesco},
  journal={IEEE Access},
  volume={8},
  pages={190094--190107},
  year={2020},
  publisher={IEEE}
}

@article{sgambelluri2024failure,
  title={Failure recovery in the MANTRA architecture with an IPoWDM SONiC node and 400ZR/ZR+ pluggables},
  author={Sgambelluri, Andrea and Scano, Davide and Morro, Roberto and Cugini, Filippo and Ortiz, Jordi and Martinez, Jos{\'e} Manuel and Riccardi, Emilio and Castoldi, Piero and Pavon, Pablo and Giorgetti, Alessio},
  journal={Journal of Optical Communications and Networking},
  volume={16},
  number={5},
  pages={B26--B34},
  year={2024},
  publisher={Optica Publishing Group}
}

@article{szyrkowiec2017optical,
	author = {Szyrkowiec, Thomas and Autenrieth, Achim and Kellerer, Wolfgang and others},
	journal = {International Journal of Optics},
	publisher = {Hindawi},
	title = {Optical network models and their application to software-defined network management},
	volume = {2017},
	year = {2017}}

