@article{Weininger1988smiles,
author = {Weininger, David},
title = {SMILES, a chemical language and information system. 1. Introduction to methodology and encoding rules},
journal = {Journal of Chemical Information and Computer Sciences},
volume = {28},
number = {1},
pages = {31-36},
year = {1988},
doi = {10.1021/ci00057a005},
}

@article{blaschke2020reinvent,
  title={REINVENT 2.0: an AI tool for de novo drug design},
  author={Blaschke, Thomas and Ar{\'u}s-Pous, Josep and Chen, Hongming and Margreitter, Christian and Tyrchan, Christian and Engkvist, Ola and Papadopoulos, Kostas and Patronov, Atanas},
  journal={Journal of chemical information and modeling},
  volume={60},
  number={12},
  pages={5918--5922},
  year={2020},
  publisher={ACS Publications}
}

@article{bung2022silico,
  title={An in silico explainable multiparameter optimization approach for de novo drug design against proteins from the central nervous system},
  author={Bung, Navneet and Krishnan, Sowmya Ramaswamy and Roy, Arijit},
  journal={Journal of Chemical Information and Modeling},
  volume={62},
  number={11},
  pages={2685--2695},
  year={2022},
  publisher={ACS Publications}
}

@article{chang2024,
author = {Chang, Yupeng and Wang, Xu and Wang, Jindong and Wu, Yuan and Yang, Linyi and Zhu, Kaijie and Chen, Hao and Yi, Xiaoyuan and Wang, Cunxiang and Wang, Yidong and Ye, Wei and Zhang, Yue and Chang, Yi and Yu, Philip S. and Yang, Qiang and Xie, Xing},
title = {A Survey on Evaluation of Large Language Models},
year = {2024},
issue_date = {June 2024},
publisher = {Association for Computing Machinery},
address = {New York, NY, USA},
volume = {15},
number = {3},
issn = {2157-6904},
url = {https://doi.org/10.1145/3641289},
doi = {10.1145/3641289},
month = mar,
articleno = {39},
numpages = {45},
keywords = {Large language models, evaluation, model assessment, benchmark}
}

@article{chen2021deep,
  title={A deep generative model for molecule optimization via one fragment modification},
  author={Chen, Ziqi and Min, Martin Renqiang and Parthasarathy, Srinivasan and Ning, Xia},
  journal={Nature machine intelligence},
  volume={3},
  number={12},
  pages={1040--1049},
  year={2021},
  publisher={Nature Publishing Group UK London}
}

@inproceedings{fu2021mimosa,
  title={Mimosa: Multi-constraint molecule sampling for molecule optimization},
  author={Fu, Tianfan and Xiao, Cao and Li, Xinhao and Glass, Lucas M and Sun, Jimeng},
  booktitle={Proceedings of the AAAI Conference on Artificial Intelligence},
  volume={35},
  number={1},
  pages={125--133},
  year={2021}
}

@article{irwin2022chemformer,
  title={Chemformer: a pre-trained transformer for computational chemistry},
  author={Irwin, Ross and Dimitriadis, Spyridon and He, Jiazhen and Bjerrum, Esben Jannik},
  journal={Machine Learning: Science and Technology},
  volume={3},
  number={1},
  pages={015022},
  year={2022},
  publisher={IOP Publishing}
}

@article{jensen2019graph,
  title={A graph-based genetic algorithm and generative model/Monte Carlo tree search for the exploration of chemical space},
  author={Jensen, Jan H},
  journal={Chemical science},
  volume={10},
  number={12},
  pages={3567--3572},
  year={2019},
  publisher={Royal Society of Chemistry}
}

@article{kim2024genetic,
  publtype={informal},
  author={Hyeonah Kim and Minsu Kim and Sanghyeok Choi and Jinkyoo Park},
  title={Genetic-guided GFlowNets: Advancing in Practical Molecular Optimization Benchmark},
  year={2024},
  cdate={1704067200000},
  journal={CoRR},
  volume={abs/2402.05961},
  url={https://doi.org/10.48550/arXiv.2402.05961}
}

@article{le2024utilizing,
  title={Utilizing Large Language Models in an iterative paradigm with domain feedback for molecule optimization},
  author={Le, Khiem and Chawla, Nitesh V},
  journal={arXiv preprint arXiv:2410.13147},
  year={2024}
}

@inproceedings{sun2022molsearch,
author = {Sun, Mengying and Xing, Jing and Meng, Han and Wang, Huijun and Chen, Bin and Zhou, Jiayu},
title = {MolSearch: Search-based Multi-objective Molecular Generation and Property Optimization},
year = {2022},
isbn = {9781450393850},
publisher = {Association for Computing Machinery},
address = {New York, NY, USA},
url = {https://doi.org/10.1145/3534678.3542676},
doi = {10.1145/3534678.3542676},
pages = {4724â€“4732},
numpages = {9},
keywords = {design moves, molecular generation and optimization, monte carlo tree search},
location = {Washington DC, USA},
series = {KDD '22}
}

@misc{touvron2023llama,
      title={Llama 2: Open Foundation and Fine-Tuned Chat Models}, 
      author={Hugo Touvron and Louis Martin and Kevin Stone and Peter Albert and Amjad Almahairi and Yasmine Babaei and Nikolay Bashlykov and Soumya Batra and Prajjwal Bhargava and Shruti Bhosale and Dan Bikel and Lukas Blecher and Cristian Canton Ferrer and Moya Chen and Guillem Cucurull and David Esiobu and Jude Fernandes and Jeremy Fu and Wenyin Fu and Brian Fuller and others},
      year={2023},
      eprint={2307.09288},
      archiveType={arXiv},
      primaryClass={cs.CL}
}

@article{wu2024leveraging,
  title={Leveraging language model for advanced multiproperty molecular optimization via prompt engineering},
  author={Wu, Zhenxing and Zhang, Odin and Wang, Xiaorui and Fu, Li and Zhao, Huifeng and Wang, Jike and Du, Hongyan and Jiang, Dejun and Deng, Yafeng and Cao, Dongsheng and others},
  journal={Nature Machine Intelligence},
  pages={1--11},
  year={2024},
  publisher={Nature Publishing Group UK London}
}

@article{ye2025drugassist,
  title={Drugassist: A large language model for molecule optimization},
  author={Ye, Geyan and Cai, Xibao and Lai, Houtim and Wang, Xing and Huang, Junhong and Wang, Longyue and Liu, Wei and Zeng, Xiangxiang},
  journal={Briefings in Bioinformatics},
  volume={26},
  number={1},
  pages={bbae693},
  year={2025}
}

@article{you2018graph,
  title={Graph convolutional policy network for goal-directed molecular graph generation},
  author={You, Jiaxuan and Liu, Bowen and Ying, Zhitao and Pande, Vijay and Leskovec, Jure},
  journal={Advances in neural information processing systems},
  volume={31},
  year={2018}
}

