% Use this file for citations not found in the ACL Anthology (contained in "anthology.bib").

@book{Aho:72,
    author  = {Alfred V. Aho and Jeffrey D. Ullman},
    title   = {The Theory of Parsing, Translation and Compiling},
    year    = "1972",
    volume  = "1",
    publisher = {Prentice-Hall},
    address = {Englewood Cliffs, NJ}
}

@book{APA:83,
    author  = {{American Psychological Association}},
    title   = {Publications Manual},
    year    = "1983",
    publisher = {American Psychological Association},
    address = {Washington, DC}
}

@article{Chandra:81,
	author = {Ashok K. Chandra and Dexter C. Kozen and Larry J. Stockmeyer},
	year = "1981",
	title = {Alternation},
	journal = {Journal of the Association for Computing Machinery},
	volume = "28",
	number = "1",
	pages = "114--133",
	doi = "10.1145/322234.322243",
}

@article{Weininger1988smiles,
author = {Weininger, David},
title = {SMILES, a chemical language and information system. 1. Introduction to methodology and encoding rules},
journal = {Journal of Chemical Information and Computer Sciences},
volume = {28},
number = {1},
pages = {31-36},
year = {1988},
doi = {10.1021/ci00057a005},
}


@inproceedings{andrew2007scalable,
  title={Scalable training of {L1}-regularized log-linear models},
  author={Andrew, Galen and Gao, Jianfeng},
  booktitle={Proceedings of the 24th International Conference on Machine Learning},
  pages={33--40},
  year={2007},
}

@book{Gusfield:97,
    author  = {Dan Gusfield},
    title   = {Algorithms on Strings, Trees and Sequences},
    year    = "1997",
    publisher = {Cambridge University Press},
    address = {Cambridge, UK}
}

@article{rasooli-tetrault-2015,
    author    = {Mohammad Sadegh Rasooli and Joel R. Tetreault},
    title     = {Yara Parser: {A} Fast and Accurate Dependency Parser},
    journal   = {Computing Research Repository},
    volume    = {arXiv:1503.06733},
    year      = {2015},
    url       = {http://arxiv.org/abs/1503.06733},
    note    = {version 2}
}

@article{Ando2005,
	Acmid = {1194905},
	Author = {Ando, Rie Kubota and Zhang, Tong},
	Issn = {1532-4435},
	Issue_Date = {12/1/2005},
	Journal = {Journal of Machine Learning Research},
	Month = dec,
	Numpages = {37},
	Pages = {1817--1853},
	Publisher = {JMLR.org},
	Title = {A Framework for Learning Predictive Structures from Multiple Tasks and Unlabeled Data},
	Volume = {6},
	Year = {2005}
}



@article{hansch1969quantitative,
author = {Hansch, Corwin},
title = {Quantitative approach to biochemical structure-activity relationships},
journal = {Accounts of Chemical Research},
volume = {2},
number = {8},
pages = {232-239},
year = {1969},
doi = {10.1021/ar50020a002},
}

@article{sterling2015zinc,
author = {Sterling, Teague and Irwin, John J.},
title = {ZINC 15 – Ligand Discovery for Everyone},
journal = {Journal of Chemical Information and Modeling},
volume = {55},
number = {11},
pages = {2324-2337},
year = {2015},
doi = {10.1021/acs.jcim.5b00559},
    note ={PMID: 26479676},
URL = {    
        https://doi.org/10.1021/acs.jcim.5b00559
},
}

@article{you2018graph,
  title={Graph convolutional policy network for goal-directed molecular graph generation},
  author={You, Jiaxuan and Liu, Bowen and Ying, Zhitao and Pande, Vijay and Leskovec, Jure},
  journal={Advances in neural information processing systems},
  volume={31},
  year={2018}
}

@article{sertkaya2024costs,
    author = {Sertkaya, Aylin and Beleche, Trinidad and Jessup, Amber and Sommers, Benjamin D.},
    title = {Costs of Drug Development and Research and Development Intensity in the US, 2000-2018},
    journal = {JAMA Network Open},
    volume = {7},
    number = {6},
    pages = {e2415445-e2415445},
    year = {2024},
    month = {06},
    issn = {2574-3805},
    doi = {10.1001/jamanetworkopen.2024.15445},
    url = {https://doi.org/10.1001/jamanetworkopen.2024.15445},
}




@article{Hughes2011principles,
  title = {Principles of early drug discovery},
  volume = {162},
  ISSN = {1476-5381},
  url = {http://dx.doi.org/10.1111/j.1476-5381.2010.01127.x},
  DOI = {10.1111/j.1476-5381.2010.01127.x},
  number = {6},
  journal = {British Journal of Pharmacology},
  publisher = {Wiley},
  author = {Hughes,  JP and Rees,  S and Kalindjian,  SB and Philpott,  KL},
  year = {2011},
  month = feb,
  pages = {1239–1249}
}

@article{Seeman2006,
  title = {Targeting the dopamine D2receptor in schizophrenia},
  volume = {10},
  ISSN = {1744-7631},
  url = {http://dx.doi.org/10.1517/14728222.10.4.515},
  DOI = {10.1517/14728222.10.4.515},
  number = {4},
  journal = {Expert Opinion on Therapeutic Targets},
  publisher = {Informa UK Limited},
  author = {Seeman,  Philip},
  year = {2006},
  month = jul,
  pages = {515–531}
}

@article{Ertl2009,
  title = {Estimation of synthetic accessibility score of drug-like molecules based on molecular complexity and fragment contributions},
  volume = {1},
  ISSN = {1758-2946},
  url = {http://dx.doi.org/10.1186/1758-2946-1-8},
  DOI = {10.1186/1758-2946-1-8},
  number = {1},
  journal = {Journal of Cheminformatics},
  publisher = {Springer Science and Business Media LLC},
  author = {Ertl,  Peter and Schuffenhauer,  Ansgar},
  year = {2009},
  month = jun 
}

@misc{deepseekai2025deepseekr1incentivizingreasoningcapability,
      title={DeepSeek-R1: Incentivizing Reasoning Capability in LLMs via Reinforcement Learning}, 
      author={DeepSeek-AI},
      year={2025},
      eprint={2501.12948},
      archivePrefix={arXiv},
      primaryClass={cs.CL},
      url={https://arxiv.org/abs/2501.12948}, 
}

@inproceedings{
xie2021mars,
title={{\{}MARS{\}}: Markov Molecular Sampling for Multi-objective Drug Discovery},
author={Yutong Xie and Chence Shi and Hao Zhou and Yuwei Yang and Weinan Zhang and Yong Yu and Lei Li},
booktitle={International Conference on Learning Representations},
year={2021},
url={https://openreview.net/forum?id=kHSu4ebxFXY}
}

@inproceedings{
wang2023retrievalbased,
title={Retrieval-based Controllable Molecule Generation},
author={Zichao Wang and Weili Nie and Zhuoran Qiao and Chaowei Xiao and Richard Baraniuk and Anima Anandkumar},
booktitle={The Eleventh International Conference on Learning Representations },
year={2023},
url={https://openreview.net/forum?id=vDFA1tpuLvk}
}

@inproceedings{
yang2021hit,
title={Hit and Lead Discovery with Explorative {RL} and Fragment-based Molecule Generation},
author={Soojung Yang and Doyeong Hwang and Seul Lee and Seongok Ryu and Sung Ju Hwang},
booktitle={Advances in Neural Information Processing Systems},
editor={A. Beygelzimer and Y. Dauphin and P. Liang and J. Wortman Vaughan},
year={2021},
url={https://openreview.net/forum?id=Msc9XKd-3bA}
}
@article{nicolaou2013,
title = {Multi-objective optimization methods in drug design},
journal = {Drug Discovery Today: Technologies},
volume = {10},
number = {3},
pages = {e427-e435},
year = {2013},
issn = {1740-6749},
doi = {https://doi.org/10.1016/j.ddtec.2013.02.001},
url = {https://www.sciencedirect.com/science/article/pii/S1740674913000085},
author = {Christos A. Nicolaou and Nathan Brown}
}

@article{Pardridge2002,
  title = {Drug and Gene Delivery to the Brain},
  volume = {36},
  ISSN = {0896-6273},
  url = {http://dx.doi.org/10.1016/s0896-6273(02)01054-1},
  DOI = {10.1016/s0896-6273(02)01054-1},
  number = {4},
  journal = {Neuron},
  publisher = {Elsevier BV},
  author = {Pardridge,  William M},
  year = {2002},
  month = nov,
  pages = {555–558}
}

@article{naveed2023comprehensive,
  title={A comprehensive overview of large language models},
  author={Naveed, Humza and Khan, Asad Ullah and Qiu, Shi and Saqib, Muhammad and Anwar, Saeed and Usman, Muhammad and Akhtar, Naveed and Barnes, Nick and Mian, Ajmal},
  journal={arXiv preprint arXiv:2307.06435},
  year={2023}
}

@article{chang2024,
author = {Chang, Yupeng and Wang, Xu and Wang, Jindong and Wu, Yuan and Yang, Linyi and Zhu, Kaijie and Chen, Hao and Yi, Xiaoyuan and Wang, Cunxiang and Wang, Yidong and Ye, Wei and Zhang, Yue and Chang, Yi and Yu, Philip S. and Yang, Qiang and Xie, Xing},
title = {A Survey on Evaluation of Large Language Models},
year = {2024},
issue_date = {June 2024},
publisher = {Association for Computing Machinery},
address = {New York, NY, USA},
volume = {15},
number = {3},
issn = {2157-6904},
url = {https://doi.org/10.1145/3641289},
doi = {10.1145/3641289},
month = mar,
articleno = {39},
numpages = {45},
keywords = {Large language models, evaluation, model assessment, benchmark}
}

@article{LUUKKONEN2023,
title = {Artificial intelligence in multi-objective drug design},
journal = {Current Opinion in Structural Biology},
volume = {79},
pages = {102537},
year = {2023},
issn = {0959-440X},
doi = {https://doi.org/10.1016/j.sbi.2023.102537},
url = {https://www.sciencedirect.com/science/article/pii/S0959440X23000118},
author = {Sohvi Luukkonen and Helle W. {van den Maagdenberg} and Michael T.M. Emmerich and Gerard J.P. {van Westen}},
keywords = {Multi-objective optimisation, Pareto dominance,  drug design, Compound optimisation}
}

@inproceedings{sun2022molsearch,
author = {Sun, Mengying and Xing, Jing and Meng, Han and Wang, Huijun and Chen, Bin and Zhou, Jiayu},
title = {MolSearch: Search-based Multi-objective Molecular Generation and Property Optimization},
year = {2022},
isbn = {9781450393850},
publisher = {Association for Computing Machinery},
address = {New York, NY, USA},
url = {https://doi.org/10.1145/3534678.3542676},
doi = {10.1145/3534678.3542676},
pages = {4724–4732},
numpages = {9},
keywords = {design moves, molecular generation and optimization, monte carlo tree search},
location = {Washington DC, USA},
series = {KDD '22}
}

@article{Fromer2023,
  title = {Computer-aided multi-objective optimization in small molecule discovery},
  volume = {4},
  ISSN = {2666-3899},
  url = {http://dx.doi.org/10.1016/j.patter.2023.100678},
  DOI = {10.1016/j.patter.2023.100678},
  number = {2},
  journal = {Patterns},
  publisher = {Elsevier BV},
  author = {Fromer,  Jenna C. and Coley,  Connor W.},
  year = {2023},
  month = feb,
  pages = {100678}
}

@article{Nicolotti2011,
  title = {Strategies of multi-objective optimization in drug discovery and development},
  volume = {6},
  ISSN = {1746-045X},
  url = {http://dx.doi.org/10.1517/17460441.2011.588696},
  DOI = {10.1517/17460441.2011.588696},
  number = {9},
  journal = {Expert Opinion on Drug Discovery},
  publisher = {Informa UK Limited},
  author = {Nicolotti,  Orazio and Giangreco,  Ilenia and Introcaso,  Antonellina and Leonetti,  Francesco and Stefanachi,  Angela and Carotti,  Angelo},
  year = {2011},
  month = may,
  pages = {871–884}
}

@article{Angelo2023,
  title = {Multi-and many-objective optimization: present and future in de novo drug design},
  volume = {11},
  ISSN = {2296-2646},
  url = {http://dx.doi.org/10.3389/fchem.2023.1288626},
  DOI = {10.3389/fchem.2023.1288626},
  journal = {Frontiers in Chemistry},
  publisher = {Frontiers Media SA},
  author = {Angelo,  Jaqueline S. and Guedes,  Isabella A. and Barbosa,  Helio J. C. and Dardenne,  Laurent E.},
  year = {2023},
  month = dec 
}

@article{Pollak2018,
  title = {The blood–brain barrier in psychosis},
  volume = {5},
  ISSN = {2215-0366},
  url = {http://dx.doi.org/10.1016/S2215-0366(17)30293-6},
  DOI = {10.1016/s2215-0366(17)30293-6},
  number = {1},
  journal = {The Lancet Psychiatry},
  publisher = {Elsevier BV},
  author = {Pollak,  Thomas A and Drndarski,  Svetlana and Stone,  James M and David,  Anthony S and McGuire,  Philip and Abbott,  N Joan},
  year = {2018},
  month = jan,
  pages = {79–92}
}

@article{Sun2022why,
title = {Why 90\% of clinical drug development fails and how to improve it?},
journal = {Acta Pharmaceutica Sinica B},
volume = {12},
number = {7},
pages = {3049-3062},
year = {2022},
issn = {2211-3835},
doi = {https://doi.org/10.1016/j.apsb.2022.02.002},
url = {https://www.sciencedirect.com/science/article/pii/S2211383522000521},
author = {Duxin Sun and Wei Gao and Hongxiang Hu and Simon Zhou}
}

@article{chen2021deep,
  title={A deep generative model for molecule optimization via one fragment modification},
  author={Chen, Ziqi and Min, Martin Renqiang and Parthasarathy, Srinivasan and Ning, Xia},
  journal={Nature machine intelligence},
  volume={3},
  number={12},
  pages={1040--1049},
  year={2021},
  publisher={Nature Publishing Group UK London}
}

@inproceedings{fu2021mimosa,
  title={Mimosa: Multi-constraint molecule sampling for molecule optimization},
  author={Fu, Tianfan and Xiao, Cao and Li, Xinhao and Glass, Lucas M and Sun, Jimeng},
  booktitle={Proceedings of the AAAI Conference on Artificial Intelligence},
  volume={35},
  number={1},
  pages={125--133},
  year={2021}
}

@article{irwin2022chemformer,
  title={Chemformer: a pre-trained transformer for computational chemistry},
  author={Irwin, Ross and Dimitriadis, Spyridon and He, Jiazhen and Bjerrum, Esben Jannik},
  journal={Machine Learning: Science and Technology},
  volume={3},
  number={1},
  pages={015022},
  year={2022},
  publisher={IOP Publishing}
}

@article{wu2024leveraging,
  title={Leveraging language model for advanced multiproperty molecular optimization via prompt engineering},
  author={Wu, Zhenxing and Zhang, Odin and Wang, Xiaorui and Fu, Li and Zhao, Huifeng and Wang, Jike and Du, Hongyan and Jiang, Dejun and Deng, Yafeng and Cao, Dongsheng and others},
  journal={Nature Machine Intelligence},
  pages={1--11},
  year={2024},
  publisher={Nature Publishing Group UK London}
}

@inproceedings{
wang2024efficient,
title={Efficient Evolutionary Search Over Chemical Space with Large Language Models},
author={Haorui Wang and Marta Skreta and Cher Tian Ser and Wenhao Gao and Lingkai Kong and Felix Strieth-Kalthoff and Chenru Duan and Yuchen Zhuang and Yue Yu and Yanqiao Zhu and Yuanqi Du and Alan Aspuru-Guzik and Kirill Neklyudov and Chao Zhang},
booktitle={The Thirteenth International Conference on Learning Representations},
year={2025},
url={https://openreview.net/forum?id=awWiNvQwf3}
}

@inproceedings{
fang2024molinstructions,
title={Mol-Instructions: A Large-Scale Biomolecular Instruction Dataset for Large Language Models},
author={Yin Fang and Xiaozhuan Liang and Ningyu Zhang and Kangwei Liu and Rui Huang and Zhuo Chen and Xiaohui Fan and Huajun Chen},
booktitle={The Twelfth International Conference on Learning Representations},
year={2024},
url={https://openreview.net/forum?id=Tlsdsb6l9n}
}

@misc{zhang2024chemllm,
      title={ChemLLM: A Chemical Large Language Model}, 
      author={Di Zhang and Wei Liu and Qian Tan and Jingdan Chen and Hang Yan and Yuliang Yan and Jiatong Li and Weiran Huang and Xiangyu Yue and Wanli Ouyang and Dongzhan Zhou and Shufei Zhang and Mao Su and Han-Sen Zhong and Yuqiang Li},
      year={2024},
      eprint={2402.06852},
      archivePrefix={arXiv},
      primaryClass={cs.AI},
      url={https://arxiv.org/abs/2402.06852}, 
}

@article{jensen2019graph,
  title={A graph-based genetic algorithm and generative model/Monte Carlo tree search for the exploration of chemical space},
  author={Jensen, Jan H},
  journal={Chemical science},
  volume={10},
  number={12},
  pages={3567--3572},
  year={2019},
  publisher={Royal Society of Chemistry}
}

@inproceedings{wolf2020transformers,
    title = "Transformers: State-of-the-Art Natural Language Processing",
    author = "Thomas Wolf and Lysandre Debut and Victor Sanh and Julien Chaumond and Clement Delangue and Anthony Moi and Pierric Cistac and Tim Rault and Rémi Louf and Morgan Funtowicz and Joe Davison and Sam Shleifer and Patrick von Platen and Clara Ma and Yacine Jernite and Julien Plu and Canwen Xu and Teven Le Scao and Sylvain Gugger and Mariama Drame and Quentin Lhoest and Alexander M. Rush",
    booktitle = "Proceedings of the 2020 Conference on Empirical Methods in Natural Language Processing: System Demonstrations",
    month = oct,
    year = "2020",
    address = "Online",
    publisher = "Association for Computational Linguistics",
    url = "https://www.aclweb.org/anthology/2020.emnlp-demos.6",
    pages = "38--45"
}

@inproceedings{
hu2022lora,
title={Lo{RA}: Low-Rank Adaptation of Large Language Models},
author={Edward J Hu and yelong shen and Phillip Wallis and Zeyuan Allen-Zhu and Yuanzhi Li and Shean Wang and Lu Wang and Weizhu Chen},
booktitle={International Conference on Learning Representations},
year={2022},
url={https://openreview.net/forum?id=nZeVKeeFYf9}
}

@article{gao2022sample,
  title={Sample efficiency matters: a benchmark for practical molecular optimization},
  author={Gao, Wenhao and Fu, Tianfan and Sun, Jimeng and Coley, Connor},
  journal={Advances in neural information processing systems},
  volume={35},
  pages={21342--21357},
  year={2022}
}

@misc{touvron2023llama,
      title={Llama 2: Open Foundation and Fine-Tuned Chat Models}, 
      author={Hugo Touvron and Louis Martin and Kevin Stone and Peter Albert and Amjad Almahairi and Yasmine Babaei and Nikolay Bashlykov and Soumya Batra and Prajjwal Bhargava and Shruti Bhosale and Dan Bikel and Lukas Blecher and Cristian Canton Ferrer and Moya Chen and Guillem Cucurull and David Esiobu and Jude Fernandes and Jeremy Fu and Wenyin Fu and Brian Fuller and others},
      year={2023},
      eprint={2307.09288},
      archiveType={arXiv},
      primaryClass={cs.CL}
}

@article{Bajusz2015why,
  title = {Why is Tanimoto index an appropriate choice for fingerprint-based similarity calculations?},
  volume = {7},
  ISSN = {1758-2946},
  url = {http://dx.doi.org/10.1186/s13321-015-0069-3},
  DOI = {10.1186/s13321-015-0069-3},
  number = {1},
  journal = {Journal of Cheminformatics},
  publisher = {Springer Science and Business Media LLC},
  author = {Bajusz,  Dávid and Rácz,  Anita and Héberger,  Károly},
  year = {2015},
  month = may 
}

@misc{grattafiori2024llama3herdmodels,
      title={The Llama 3 Herd of Models}, 
      author={Aaron Grattafiori and Abhimanyu Dubey and Abhinav Jauhri and Abhinav Pandey and Abhishek Kadian and Ahmad Al-Dahle and Aiesha Letman and Akhil Mathur and Alan Schelten and Alex Vaughan and Amy Yang and Angela Fan and Anirudh Goyal and Anthony Hartshorn and Aobo Yang and Archi Mitra and Archie Sravankumar and Artem Korenev and Arthur Hinsvark and Arun Rao and others},
      year={2024},
      eprint={2407.21783},
      archivePrefix={arXiv},
      primaryClass={cs.AI},
      url={https://arxiv.org/abs/2407.21783}, 
}

@article{mistral2023mistral,
    title={Mistral 7B},
    author={Mistral AI},
    journal={arXiv preprint},
    year={2023}
}

@misc{anthropic2024claude,
    author = {Anthropic},
    title = {Claude 3.5},
    year = {2024},
    publisher = {Anthropic},
    howpublished = {\url{https://www.anthropic.com/claude}}
}


@inproceedings{
liu2023chatgpt,
title={Conversational Drug Editing Using Retrieval and Domain Feedback},
author={Shengchao Liu and Jiongxiao Wang and Yijin Yang and Chengpeng Wang and Ling Liu and Hongyu Guo and Chaowei Xiao},
booktitle={The Twelfth International Conference on Learning Representations},
year={2024},
url={https://openreview.net/forum?id=yRrPfKyJQ2}
}

@inproceedings{
yu2024llasmol,
title={Lla{SM}ol: Advancing Large Language Models for Chemistry with a Large-Scale, Comprehensive, High-Quality Instruction Tuning Dataset},
author={Botao Yu and Frazier N. Baker and Ziqi Chen and Xia Ning and Huan Sun},
booktitle={First Conference on Language Modeling},
year={2024},
url={https://openreview.net/forum?id=lY6XTF9tPv}
}

@article{le2024molx,
  title={MolX: Enhancing Large Language Models for Molecular Learning with A Multi-Modal Extension},
  author={Le, Khiem and Guo, Zhichun and Dong, Kaiwen and Huang, Xiaobao and Nan, Bozhao and Iyer, Roshni and Zhang, Xiangliang and Wiest, Olaf and Wang, Wei and Chawla, Nitesh V},
  journal={arXiv preprint arXiv:2406.06777},
  year={2024}
}
@article{ye2025drugassist,
  title={Drugassist: A large language model for molecule optimization},
  author={Ye, Geyan and Cai, Xibao and Lai, Houtim and Wang, Xing and Huang, Junhong and Wang, Longyue and Liu, Wei and Zeng, Xiangxiang},
  journal={Briefings in Bioinformatics},
  volume={26},
  number={1},
  pages={bbae693},
  year={2025}
}

@article{swanson2024admet,
    author = {Swanson, Kyle and Walther, Parker and Leitz, Jeremy and Mukherjee, Souhrid and Wu, Joseph C and Shivnaraine, Rabindra V and Zou, James},
    title = {ADMET-AI: a machine learning ADMET platform for evaluation of large-scale chemical libraries},
    journal = {Bioinformatics},
    volume = {40},
    number = {7},
    pages = {btae416},
    year = {2024},
    month = {06},
    issn = {1367-4811},
    doi = {10.1093/bioinformatics/btae416},
    url = {https://doi.org/10.1093/bioinformatics/btae416},
    eprint = {https://academic.oup.com/bioinformatics/article-pdf/40/7/btae416/58460627/btae416.pdf},
}

@misc{openai2024gpt4technicalreport,
      title={GPT-4 Technical Report}, 
      author={OpenAI},
      year={2024},
      eprint={2303.08774},
      archivePrefix={arXiv},
      primaryClass={cs.CL},
      url={https://arxiv.org/abs/2303.08774}, 
}


@inproceedings{
lee2024molecule,
title={Molecule Generation with Fragment Retrieval Augmentation},
author={Seul Lee and Karsten Kreis and Srimukh Prasad Veccham and Meng Liu and Danny Reidenbach and Saee Gopal Paliwal and Arash Vahdat and Weili Nie},
booktitle={The Thirty-eighth Annual Conference on Neural Information Processing Systems},
year={2024},
url={https://openreview.net/forum?id=56Q0qggDlp}
}

@article{le2024utilizing,
  title={Utilizing Large Language Models in an iterative paradigm with domain feedback for molecule optimization},
  author={Le, Khiem and Chawla, Nitesh V},
  journal={arXiv preprint arXiv:2410.13147},
  year={2024}
}

@article{bung2022silico,
  title={An in silico explainable multiparameter optimization approach for de novo drug design against proteins from the central nervous system},
  author={Bung, Navneet and Krishnan, Sowmya Ramaswamy and Roy, Arijit},
  journal={Journal of Chemical Information and Modeling},
  volume={62},
  number={11},
  pages={2685--2695},
  year={2022},
  publisher={ACS Publications}
}

@article{kim2024genetic,
  publtype={informal},
  author={Hyeonah Kim and Minsu Kim and Sanghyeok Choi and Jinkyoo Park},
  title={Genetic-guided GFlowNets: Advancing in Practical Molecular Optimization Benchmark},
  year={2024},
  cdate={1704067200000},
  journal={CoRR},
  volume={abs/2402.05961},
  url={https://doi.org/10.48550/arXiv.2402.05961}
}

@article{blaschke2020reinvent,
  title={REINVENT 2.0: an AI tool for de novo drug design},
  author={Blaschke, Thomas and Ar{\'u}s-Pous, Josep and Chen, Hongming and Margreitter, Christian and Tyrchan, Christian and Engkvist, Ola and Papadopoulos, Kostas and Patronov, Atanas},
  journal={Journal of chemical information and modeling},
  volume={60},
  number={12},
  pages={5918--5922},
  year={2020},
  publisher={ACS Publications}
}

@article{nepali2018nitro,
  title={Nitro-group-containing drugs},
  author={Nepali, Kunal and Lee, Hsueh-Yun and Liou, Jing-Ping},
  journal={Journal of medicinal chemistry},
  volume={62},
  number={6},
  pages={2851--2893},
  year={2018},
  publisher={ACS Publications}
}

@article{plattard2021overview,
  title={An overview of the literature on emerging pollutants: chlorinated derivatives of Bisphenol A (ClxBPA)},
  author={Plattard, N and Dupuis, A and Migeot, V and Haddad, S and Venisse, N},
  journal={Environment International},
  volume={153},
  pages={106547},
  year={2021},
  publisher={Elsevier}
}

@article{rosa2024identifying,
  title={Identifying Substructures That Facilitate Compounds to Penetrate the Blood--Brain Barrier via Passive Transport Using Machine Learning Explainer Models},
  author={Rosa, Lucca Caiaffa Santos and Argolo, Caio Oliveira and Nascimento, Cayque Monteiro Castro and Pimentel, Andre Silva},
  journal={ACS Chemical Neuroscience},
  year={2024},
  publisher={ACS Publications}
}

@article{noriega2022diverse,
  title={The diverse biological activity of recently synthesized nitro compounds},
  author={Noriega, Sa{\'u}l and Cardoso-Ortiz, Jaime and L{\'o}pez-Luna, Argelia and Cuevas-Flores, Ma Del Refugio and Flores De La Torre, Juan Armando},
  journal={Pharmaceuticals},
  volume={15},
  number={6},
  pages={717},
  year={2022},
  publisher={MDPI}
}

@article{lenci2021occurrence,
  title={Occurrence of morpholine in central nervous system drug discovery},
  author={Lenci, Elena and Calugi, Lorenzo and Trabocchi, Andrea},
  journal={ACS Chemical Neuroscience},
  volume={12},
  number={3},
  pages={378--390},
  year={2021},
  publisher={ACS Publications}
}

@article{goetz2017relationship,
  title={Relationship between passive permeability and molecular polarity using block relevance analysis},
  author={Goetz, Gilles H and Shalaeva, Marina and Caron, Giulia and Ermondi, Giuseppe and Philippe, Laurence},
  journal={Molecular Pharmaceutics},
  volume={14},
  number={2},
  pages={386--393},
  year={2017},
  publisher={ACS Publications}
}

@article{mullard2018re,
  title={Re-assessing the rule of 5, two decades on},
  author={Mullard, Asher},
  journal={Nature reviews. Drug discovery},
  volume={17},
  number={11},
  pages={777},
  year={2018}
}

@article{kerru2020review,
  title={A review on recent advances in nitrogen-containing molecules and their biological applications},
  author={Kerru, Nagaraju and Gummidi, Lalitha and Maddila, Suresh and Gangu, Kranthi Kumar and Jonnalagadda, Sreekantha B},
  journal={Molecules},
  volume={25},
  number={8},
  pages={1909},
  year={2020},
  publisher={MDPI}
}

@article{ebenezer2022overview,
  title={An overview of the biological evaluation of selected nitrogen-containing heterocycle medicinal chemistry compounds},
  author={Ebenezer, Oluwakemi and Jordaan, Maryam Amra and Carena, Gea and Bono, Tommaso and Shapi, Michael and Tuszynski, Jack A},
  journal={International Journal of Molecular Sciences},
  volume={23},
  number={15},
  pages={8117},
  year={2022},
  publisher={MDPI}
}

@article{twarda2022advanced,
  title={Advanced glycation end-products (AGEs): Formation, chemistry, classification, receptors, and diseases related to AGEs},
  author={Twarda-Clapa, Aleksandra and Olczak, Aleksandra and Bia{\l}kowska, Aneta M and Kozio{\l}kiewicz, Maria},
  journal={Cells},
  volume={11},
  number={8},
  pages={1312},
  year={2022},
  publisher={MDPI}
}

@article{chen2024advanced,
  title={Advanced glycation end products and reactive oxygen species: uncovering the potential role of ferroptosis in diabetic complications},
  author={Chen, Yanchi and Meng, Zihan and Li, Yong and Liu, Shibo and Hu, Pei and Luo, En},
  journal={Molecular Medicine},
  volume={30},
  number={1},
  pages={141},
  year={2024},
  publisher={Springer}
}

@article{kiani2019lipophilic,
  title={Lipophilic metabolic efficiency (LipMetE) and drug efficiency indices to explore the metabolic properties of the substrates of selected cytochrome P450 isoforms},
  author={Kiani, Yusra Sajid and Jabeen, Ishrat},
  journal={ACS omega},
  volume={5},
  number={1},
  pages={179--188},
  year={2019},
  publisher={ACS Publications}
}

@article{cornelissen2023explaining,
  title={Explaining blood--brain barrier permeability of small molecules by integrated analysis of different transport mechanisms},
  author={Cornelissen, Fleur MG and Markert, Greta and Deutsch, Ghislaine and Antonara, Maria and Faaij, Noa and Bartelink, Imke and Noske, David and Vandertop, W Peter and Bender, Andreas and Westerman, Bart A},
  journal={Journal of Medicinal Chemistry},
  volume={66},
  number={11},
  pages={7253--7267},
  year={2023},
  publisher={ACS Publications}
}

@article{bouiahya2020hydrophobic,
  title={Hydrophobic chemical surface functionalization of hydroxyapatite nanoparticles for naphthalene removal},
  author={Bouiahya, K and Oulguidoum, A and Laghzizil, A and Shalabi, M and Nunzi, Jean-Michel and Masse, Sylvie},
  journal={Colloids and Surfaces A: Physicochemical and Engineering Aspects},
  volume={595},
  pages={124706},
  year={2020},
  publisher={Elsevier}
}

@article{jimenez2024molecular,
  title={Molecular properties, including chameleonicity, as essential tools for designing the next generation of oral beyond rule of five drugs},
  author={Jim{\'e}nez, Diego Garc{\'\i}a and Vallaro, Maura and Vitagliano, Luigi and L{\'o}pez, Luc{\'\i}a L{\'o}pez and Apprato, Giulia and Ermondi, Giuseppe and Caron, Giulia},
  journal={ADMET and DMPK},
  volume={12},
  number={5},
  pages={721--736},
  year={2024},
  publisher={Me{\dj}unarodna udruga fizikalnih kemi{\v{c}}ara}
}




@inproceedings{
xu2024wizardlm,
title={Wizard{LM}: Empowering Large Pre-Trained Language Models to Follow Complex Instructions},
author={Can Xu and Qingfeng Sun and Kai Zheng and Xiubo Geng and Pu Zhao and Jiazhan Feng and Chongyang Tao and Qingwei Lin and Daxin Jiang},
booktitle={The Twelfth International Conference on Learning Representations},
year={2024},
url={https://openreview.net/forum?id=CfXh93NDgH}
}