@article{KL,
author = {S. Kullback and R. A. Leibler},
title = {{On Information and Sufficiency}},
volume = {22},
journal = {The Annals of Mathematical Statistics},
number = {1},
publisher = {Institute of Mathematical Statistics},
pages = {79 -- 86},
year = {1951},
doi = {10.1214/aoms/1177729694},
URL = {https://doi.org/10.1214/aoms/1177729694}
}

@inproceedings{NIPS2016_5055cbf4,
 author = {Tolstikhin, Ilya O and Sriperumbudur, Bharath K. and Sch\"{o}lkopf, Bernhard},
 booktitle = {Advances in Neural Information Processing Systems},
 editor = {D. Lee and M. Sugiyama and U. Luxburg and I. Guyon and R. Garnett},
 pages = {},
 publisher = {Curran Associates, Inc.},
 title = {Minimax Estimation of Maximum Mean Discrepancy with Radial Kernels},
 url = {https://proceedings.neurips.cc/paper_files/paper/2016/file/5055cbf43fac3f7e2336b27310f0b9ef-Paper.pdf},
 volume = {29},
 year = {2016}
}

@inproceedings{arbas2023polynomial,
  title={Polynomial time and private learning of unbounded gaussian mixture models},
  author={Arbas, Jamil and Ashtiani, Hassan and Liaw, Christopher},
  booktitle={International Conference on Machine Learning},
  pages={1018--1040},
  year={2023},
  organization={PMLR}
}

@article{bhattacharyya2022approximating,
  title={On approximating total variation distance},
  author={Bhattacharyya, Arnab and Gayen, Sutanu and Meel, Kuldeep S and Myrisiotis, Dimitrios and Pavan, Aduri and Vinodchandran, NV},
  journal={arXiv preprint arXiv:2206.07209},
  year={2022}
}

@inproceedings{chan2014optimal,
  title={Optimal algorithms for testing closeness of discrete distributions},
  author={Chan, Siu-On and Diakonikolas, Ilias and Valiant, Paul and Valiant, Gregory},
  booktitle={Proceedings of the twenty-fifth annual ACM-SIAM symposium on Discrete algorithms},
  pages={1193--1203},
  year={2014},
  organization={SIAM}
}

@inproceedings{chen2023sample,
  title={Sample complexity of probability divergences under group symmetry},
  author={Chen, Ziyu and Katsoulakis, Markos and Rey-Bellet, Luc and Zhu, Wei},
  booktitle={International Conference on Machine Learning},
  pages={4713--4734},
  year={2023},
  organization={PMLR}
}

@book{collins2020intersectionality,
  title={Intersectionality},
  author={Collins, Patricia Hill and Bilge, Sirma},
  year={2020},
  publisher={John Wiley \& Sons}
}

@incollection{crenshaw2013demarginalizing,
  title={Demarginalizing the intersection of race and sex: A black feminist critique of antidiscrimination doctrine, feminist theory and antiracist politics},
  author={Crenshaw, Kimberl{\'e}},
  booktitle={Feminist legal theories},
  pages={23--51},
  year={2013},
  publisher={Routledge}
}

@article{devroye2018total,
  title={The total variation distance between high-dimensional Gaussians with the same mean},
  author={Devroye, Luc and Mehrabian, Abbas and Reddad, Tommy},
  journal={arXiv preprint arXiv:1810.08693},
  year={2018}
}

@article{dudley1969speed,
  title={The speed of mean Glivenko-Cantelli convergence},
  author={Dudley, Richard Mansfield},
  journal={The Annals of Mathematical Statistics},
  volume={40},
  number={1},
  pages={40--50},
  year={1969},
  publisher={JSTOR}
}

@article{feng2023simple,
  title={A simple polynomial-time approximation algorithm for the total variation distance between two product distributions},
  author={Feng, Weiming and Guo, Heng and Jerrum, Mark and Wang, Jiaheng},
  journal={TheoretiCS},
  volume={2},
  year={2023},
  publisher={Episciences. org}
}

@inproceedings{foulds2020intersectional,
  title={An intersectional definition of fairness},
  author={Foulds, James R and Islam, Rashidul and Keya, Kamrun Naher and Pan, Shimei},
  booktitle={2020 IEEE 36th International Conference on Data Engineering (ICDE)},
  pages={1918--1921},
  year={2020},
  organization={IEEE}
}

@article{fournier2015rate,
  title={On the rate of convergence in Wasserstein distance of the empirical measure},
  author={Fournier, Nicolas and Guillin, Arnaud},
  journal={Probability theory and related fields},
  volume={162},
  number={3},
  pages={707--738},
  year={2015},
  publisher={Springer}
}

@inproceedings{genevay2019sample,
  title={Sample complexity of Sinkhorn divergences},
  author={Genevay, Aude and Chizat, L{\'e}naic and Bach, Francis and Cuturi, Marco and Peyr{\'e}, Gabriel},
  booktitle={The 22nd international conference on artificial intelligence and statistics},
  pages={1574--1583},
  year={2019},
  organization={PMLR}
}

@article{gohar2023survey,
  title={A survey on intersectional fairness in machine learning: Notions, mitigation, and challenges},
  author={Gohar, Usman and Cheng, Lu},
  journal={arXiv preprint arXiv:2305.06969},
  year={2023}
}

@article{gretton2012kernel,
  title={A kernel two-sample test},
  author={Gretton, Arthur and Borgwardt, Karsten M and Rasch, Malte J and Sch{\"o}lkopf, Bernhard and Smola, Alexander},
  journal={The Journal of Machine Learning Research},
  volume={13},
  number={1},
  pages={723--773},
  year={2012},
  publisher={JMLR. org}
}

@article{hellinger1909neue,
  title={Neue begr{\"u}ndung der theorie quadratischer formen von unendlichvielen ver{\"a}nderlichen.},
  author={Hellinger, Ernst},
  journal={Journal f{\"u}r die reine und angewandte Mathematik},
  volume={1909},
  number={136},
  pages={210--271},
  year={1909},
  publisher={De Gruyter Berlin, New York}
}

@article{hsu2024polynomial,
  title={Polynomial time auditing of statistical subgroup fairness for Gaussian data},
  author={Hsu, Daniel and Huang, Jizhou and Juba, Brendan},
  journal={arXiv preprint arXiv:2401.16439},
  year={2024}
}

@inproceedings{kandiros2023learning,
  title={Learning and Testing Latent-Tree Ising Models Efficiently},
  author={Kandiros, Vardis and Daskalakis, Constantinos and Dagan, Yuval and Choo, Davin},
  booktitle={The Thirty Sixth Annual Conference on Learning Theory},
  pages={1666--1729},
  year={2023},
  organization={PMLR}
}

@inproceedings{kearns2018preventing,
  title={Preventing fairness gerrymandering: Auditing and learning for subgroup fairness},
  author={Kearns, Michael and Neel, Seth and Roth, Aaron and Wu, Zhiwei Steven},
  booktitle={International conference on machine learning},
  pages={2564--2572},
  year={2018},
  organization={PMLR}
}

@inproceedings{kearns2019empirical,
  title={An empirical study of rich subgroup fairness for machine learning},
  author={Kearns, Michael and Neel, Seth and Roth, Aaron and Wu, Zhiwei Steven},
  booktitle={Proceedings of the conference on fairness, accountability, and transparency},
  pages={100--109},
  year={2019}
}

@article{lee2023computability,
  author={Lee, Yunseok and Boche, Holger and Kutyniok, Gitta},
  journal={IEEE Transactions on Information Theory}, 
  title={Computability of Optimizers}, 
  year={2024},
  volume={70},
  number={4},
  pages={2967-2983},
  keywords={Optimization;Hardware;Computational modeling;Approximation algorithms;Turing machines;6G mobile communication;Information theory;Optimization;information theory;artificial intelligence;computability;Turing machine;digital computing},
  doi={10.1109/TIT.2023.3347071}}

@article{liu2018rate,
  title={On the rate of convergence of empirical measure in $\infty$-Wasserstein distance for unbounded density function},
  author={Liu, Anning and Liu, Jian-Guo and Lu, Yulong},
  journal={arXiv preprint arXiv:1807.08365},
  year={2018}
}

@article{neil2013fast,
  author = {Neill, Daniel and McFowland, Edward and Zheng, Huanian},
  year = {2013},
  month = {06},
  pages = {},
  title = {Fast subset scan for multivariate event detection},
  volume = {32},
  journal = {Statistics in medicine},
  doi = {10.1002/sim.5675}
}

@article{panaretos2019statistical,
  title={Statistical aspects of Wasserstein distances},
  author={Panaretos, Victor M and Zemel, Yoav},
  journal={Annual review of statistics and its application},
  volume={6},
  number={1},
  pages={405--431},
  year={2019},
  publisher={Annual Reviews}
}

@article{quang2021convergence,
  title={Convergence and finite sample approximations of entropic regularized Wasserstein distances in Gaussian and RKHS settings},
  author={Quang, Minh Ha},
  journal={arXiv preprint arXiv:2101.01429},
  year={2021}
}

@article{speakman2015penalized,
  author = {Speakman, Skyler and Somanchi, Sriram and McFowland, Edward and Neill, Daniel},
  year = {2015},
  month = {04},
  pages = {00-00},
  title = {Penalized Fast Subset Scanning},
  volume = {25},
  journal = {Journal of Computational and Graphical Statistics},
  doi = {10.1080/10618600.2015.1029578}
}

@misc{sublinear_methods,
  author = {Lee, Jasper},
  year   = {2016},
  title  = {Sublinear Methods},
  note   = {\url{https://cs.brown.edu/courses/csci1951-w/lectures.html}, 
            },
  urldate = {},
}

@article{tahmasebi2023sample,
  title={Sample Complexity Bounds for Estimating the Wasserstein Distance under Invariances},
  author={Tahmasebi, Behrooz and Jegelka, Stefanie},
  year={2023}
}

@article{tahmasebisample,
  title={Sample Complexity Bounds for Estimating the Wasserstein Distance under Invariances},
  author={Tahmasebi, Behrooz and Jegelka, Stefanie},
  journal={2nd Annual Workshop on Topology, Algebra, and Geometry in Machine Learning  ({TAG-ML})},
  url={https://openreview.net/forum?id=3fpo7JBC27},
  note={https://arxiv.org/abs/2311.02868},
  year={2023}
}

@inproceedings{valiant2011estimating,
  title={Estimating the unseen: an n/log (n)-sample estimator for entropy and support size, shown optimal via new CLTs},
  author={Valiant, Gregory and Valiant, Paul},
  booktitle={Proceedings of the forty-third annual ACM symposium on Theory of computing},
  pages={685--694},
  year={2011}
}

@article{vaserstein1969markov,
  title={Markov processes over denumerable products of spaces, describing large systems of automata},
  author={Vaserstein, Leonid Nisonovich},
  journal={Problemy Peredachi Informatsii},
  volume={5},
  number={3},
  pages={64--72},
  year={1969},
  publisher={Russian Academy of Sciences, Branch of Informatics, Computer Equipment and~…}
}

@article{weed2019sharp,
    author = {Jonathan Weed and Francis Bach},
    title = {{Sharp asymptotic and finite-sample rates of convergence of empirical measures in Wasserstein distance}},
    volume = {25},
    journal = {Bernoulli},
    number = {4A},
    publisher = {Bernoulli Society for Mathematical Statistics and Probability},
    pages = {2620 -- 2648},
    keywords = {Optimal transport, quantization, Wasserstein metrics},
    year = {2019},
    doi = {10.3150/18-BEJ1065},
    URL = {https://doi.org/10.3150/18-BEJ1065}
}

@article{wolfer2021statistical,
    author = {Geoffrey Wolfer and Aryeh Kontorovich},
    title = {{Statistical estimation of ergodic Markov chain kernel over discrete state space}},
    volume = {27},
    journal = {Bernoulli},
    number = {1},
    publisher = {Bernoulli Society for Mathematical Statistics and Probability},
    pages = {532 -- 553},
    keywords = {discrete state space, ergodic Markov chain, minimax theory},
    year = {2021},
    doi = {10.3150/20-BEJ1248},
    URL = {https://doi.org/10.3150/20-BEJ1248}
}

@Article{zbMATH02706589,
 Author = {Jordan, C.},
 Title = {On {Fourier} series},
 FJournal = {Comptes Rendus Hebdomadaires des S{\'e}ances de l'Acad{\'e}mie des Sciences, Paris},
 Journal = {C. R. Acad. Sci., Paris},
 ISSN = {0001-4036},
 Volume = {92},
 Pages = {228--230},
 Year = {1881},
 Language = {French},
 Keywords = {26A45},
 zbMATH = {2706589},
 JFM = {13.0184.01}
}

@article{zhang2016identifying,
  title={Identifying significant predictive bias in classifiers},
  author={Zhang, Zhe and Neill, Daniel B},
  journal={arXiv preprint arXiv:1611.08292},
  year={2016}
}

