@article{Physicsguided,
  title={Physics-guided deep learning for dynamical systems: A survey},
  author={Wang, Rui and Yu, Rose},
  journal={arXiv preprint arXiv:2107.01272},
  year={2021}
}

@article{altafini,
  title={Exponential convergence of the discrete-and continuous-time Altafini models},
  author={Liu, Ji and Chen, Xudong and Ba{\c{s}}ar, Tamer and Belabbas, Mohamed Ali},
  journal={IEEE Transactions on Automatic Control},
  volume={62},
  number={12},
  pages={6168--6182},
  year={2017},
  publisher={IEEE}
}

@inproceedings{aslm,
  title={Learning a linear influence model from transient opinion dynamics},
  author={De, Abir and Bhattacharya, Sourangshu and Bhattacharya, Parantapa and Ganguly, Niloy and Chakrabarti, Soumen},
  booktitle={Proceedings of the 23rd ACM International Conference on Conference on Information and Knowledge Management},
  pages={401--410},
  year={2014}
}

@article{asymptotic,
  title={The role of noise and initial conditions in the asymptotic solution of a bounded confidence, continuous-opinion model},
  author={Carro, Adri{\'a}n and Toral, Ra{\'u}l and San Miguel, Maxi},
  journal={Journal of Statistical Physics},
  volume={151},
  pages={131--149},
  year={2013},
  publisher={Springer}
}

@article{boundedsurvey,
  title={Bounded confidence opinion dynamics: A survey},
  author={Bernardo, Carmela and Altafini, Claudio and Proskurnikov, Anton and Vasca, Francesco},
  journal={Automatica},
  volume={159},
  pages={111302},
  year={2024},
  publisher={Elsevier}
}

@article{climate,
  title={Physics-informed machine learning: case studies for weather and climate modelling},
  author={Kashinath, Karthik and Mustafa, M and Albert, Adrian and Wu, JL and Jiang, C and Esmaeilzadeh, Soheil and Azizzadenesheli, Kamyar and Wang, R and Chattopadhyay, Ashesh and Singh, A and others},
  journal={Philosophical Transactions of the Royal Society A},
  volume={379},
  number={2194},
  pages={20200093},
  year={2021},
  publisher={The Royal Society Publishing}
}

@article{coevolving,
  title={Noise in coevolving networks},
  author={Diakonova, Marina and Egu{\'\i}luz, V{\'\i}ctor M and San Miguel, Maxi},
  journal={Physical Review E},
  volume={92},
  number={3},
  pages={032803},
  year={2015},
  publisher={APS}
}

@article{community,
  title={On the role of community structure in evolution of opinion formation: A new bounded confidence opinion dynamics},
  author={Peng, Yuan and Zhao, Yiyi and Hu, Jiangping},
  journal={Information Sciences},
  volume={621},
  pages={672--690},
  year={2023},
  publisher={Elsevier}
}

@article{deceptive,
  title={Dynamics of deceptive interactions in social networks},
  author={Barrio, Rafael A and Govezensky, Tzipe and Dunbar, Robin and Iniguez, Gerardo and Kaski, Kimmo},
  journal={Journal of the Royal society Interface},
  volume={12},
  number={112},
  pages={20150798},
  year={2015},
  publisher={The Royal Society}
}

@article{degroot,
  title={Reaching a consensus},
  author={DeGroot, Morris H},
  journal={Journal of the American Statistical association},
  volume={69},
  number={345},
  pages={118--121},
  year={1974},
  publisher={Taylor \& Francis}
}

@article{dw,
  title={Mixing beliefs among interacting agents},
  author={Deffuant, Guillaume and Neau, David and Amblard, Frederic and Weisbuch, G{\'e}rard},
  journal={Advances in Complex Systems},
  volume={3},
  number={01n04},
  pages={87--98},
  year={2000},
  publisher={World Scientific}
}

@article{fj,
  title={Social influence and opinions},
  author={Friedkin, Noah E and Johnsen, Eugene C},
  journal={Journal of mathematical sociology},
  volume={15},
  number={3-4},
  pages={193--206},
  year={1990},
  publisher={Taylor \& Francis}
}

@article{fragility,
  title={The fragility of opinion formation in a complex world},
  author={Medo, Mat{\'u}{\v{s}} and Mariani, Manuel S and L{\"u}, Linyuan},
  journal={Communications Physics},
  volume={4},
  number={1},
  pages={75},
  year={2021},
  publisher={Nature Publishing Group UK London}
}

@article{frontiers,
  title={Models of social influence: Towards the next frontiers},
  author={Flache, Andreas and M{\"a}s, Michael and Feliciani, Thomas and Chattoe-Brown, Edmund and Deffuant, Guillaume and Huet, Sylvie and Lorenz, Jan},
  journal={Jasss-The journal of artificial societies and social simulation},
  volume={20},
  number={4},
  pages={2},
  year={2017},
  publisher={Particle Accelerator Society of Japan}
}

@article{fusionsurvey,
  title={A survey on the fusion process in opinion dynamics},
  author={Dong, Yucheng and Zhan, Min and Kou, Gang and Ding, Zhaogang and Liang, Haiming},
  journal={Information Fusion},
  volume={43},
  pages={57--65},
  year={2018},
  publisher={Elsevier}
}

@article{hk,
  title={Opinion dynamics and bounded confidence models, analysis, and simulation},
  author={Hegselmann, Rainer and Krause, Ulrich and others},
  journal={Journal of artificial societies and social simulation},
  volume={5},
  number={3},
  year={2002}
}

@article{hknoisy,
  title={The noisy Hegselmann-Krause model for opinion dynamics},
  author={Pineda, Miguel and Toral, Ra{\'u}l and Hern{\'a}ndez-Garc{\'\i}a, Emilio},
  journal={The European Physical Journal B},
  volume={86},
  pages={1--10},
  year={2013},
  publisher={Springer}
}

@article{kmeans,
  title={Graph K-means based on leader identification, dynamic game, and opinion dynamics},
  author={Bu, Zhan and Li, Hui-Jia and Zhang, Chengcui and Cao, Jie and Li, Aihua and Shi, Yong},
  journal={IEEE Transactions on Knowledge and Data Engineering},
  volume={32},
  number={7},
  pages={1348--1361},
  year={2019},
  publisher={IEEE}
}

@article{mepo,
  title={Opinion dynamics in modified expressed and private model with bounded confidence},
  author={Hou, Jian and Li, Wenshan and Jiang, Mingyue},
  journal={Physica A: Statistical Mechanics and its Applications},
  volume={574},
  pages={125968},
  year={2021},
  publisher={Elsevier}
}

@inproceedings{sinn,
  title={Predicting opinion dynamics via sociologically-informed neural networks},
  author={Okawa, Maya and Iwata, Tomoharu},
  booktitle={Proceedings of the 28th ACM SIGKDD Conference on Knowledge Discovery and Data Mining},
  pages={1306--1316},
  year={2022}
}

@article{slant,
  title={Learning and forecasting opinion dynamics in social networks},
  author={De, Abir and Valera, Isabel and Ganguly, Niloy and Bhattacharya, Sourangshu and Gomez Rodriguez, Manuel},
  journal={Advances in neural information processing systems},
  volume={29},
  year={2016}
}

@inproceedings{slant+,
  title={SLANT+: A nonlinear model for opinion dynamics in social networks},
  author={Kulkarni, Bhushan and Agarwal, Sumit and De, Abir and Bhattacharya, Sourangshu and Ganguly, Niloy},
  booktitle={2017 IEEE International Conference on Data Mining (ICDM)},
  pages={931--936},
  year={2017},
  organization={IEEE}
}

@article{synchronization,
  title={Noise-based synchronization of bounded confidence opinion dynamics in heterogeneous time-varying communication networks},
  author={Su, Wei and Wang, Xueqiao and Chen, Ge and Yu, Yongguang and Hadzibeganovic, Tarik},
  journal={Information Sciences},
  volume={528},
  pages={219--230},
  year={2020},
  publisher={Elsevier}
}

@article{sznajd,
  title={Opinion evolution in closed community},
  author={Sznajd-Weron, Katarzyna and Sznajd, Jozef},
  journal={International Journal of Modern Physics C},
  volume={11},
  number={06},
  pages={1157--1165},
  year={2000},
  publisher={World Scientific}
}

@article{transient,
  title={Learning linear influence models in social networks from transient opinion dynamics},
  author={De, Abir and Bhattacharya, Sourangshu and Bhattacharya, Parantapa and Ganguly, Niloy and Chakrabarti, Soumen},
  journal={ACM Transactions on the Web (TWEB)},
  volume={13},
  number={3},
  pages={1--33},
  year={2019},
  publisher={ACM New York, NY, USA}
}

