@inproceedings{sinn,
  title={Predicting opinion dynamics via sociologically-informed neural networks},
  author={Okawa, Maya and Iwata, Tomoharu},
  booktitle={Proceedings of the 28th ACM SIGKDD Conference on Knowledge Discovery and Data Mining},
  pages={1306--1316},
  year={2022}
}

@inproceedings{gin,
  title={How Powerful are Graph Neural Networks?},
  author={Xu, Keyulu and Hu, Weihua and Leskovec, Jure and Jegelka, Stefanie},
  booktitle={International Conference on Learning Representations},
  year={2018}
}

@article{fourier,
  title={FourierGNN: Rethinking multivariate time series forecasting from a pure graph perspective},
  author={Yi, Kun and Zhang, Qi and Fan, Wei and He, Hui and Hu, Liang and Wang, Pengyang and An, Ning and Cao, Longbing and Niu, Zhendong},
  journal={Advances in Neural Information Processing Systems},
  volume={36},
  year={2024}
}


@article{ws,
  title={Collective dynamics of ‘small-world’networks},
  author={Watts, Duncan J and Strogatz, Steven H},
  journal={nature},
  volume={393},
  number={6684},
  pages={440--442},
  year={1998},
  publisher={Nature Publishing Group}
}

@article{ba,
  title={Emergence of scaling in random networks},
  author={Barab{\'a}si, Albert-L{\'a}szl{\'o} and Albert, R{\'e}ka},
  journal={science},
  volume={286},
  number={5439},
  pages={509--512},
  year={1999},
  publisher={American Association for the Advancement of Science}
}


@book{er,
  title={Random graphs},
  author={Bollob{\'a}s, B{\'e}la and Bollob{\'a}s, B{\'e}la},
  year={1998},
  publisher={Springer}
}


@inproceedings{ncdn,
  title={Neural dynamics on complex networks},
  author={Zang, Chengxi and Wang, Fei},
  booktitle={Proceedings of the 26th ACM SIGKDD international conference on knowledge discovery \& data mining},
  pages={892--902},
  year={2020}
}

@inproceedings{sgc,
  title={Simplifying graph convolutional networks},
  author={Wu, Felix and Souza, Amauri and Zhang, Tianyi and Fifty, Christopher and Yu, Tao and Weinberger, Kilian},
  booktitle={International conference on machine learning},
  pages={6861--6871},
  year={2019},
  organization={PMLR}
}

@inproceedings{disknet,
  title={Predicting Long-term Dynamics of Complex Networks via Identifying Skeleton in Hyperbolic Space},
  author={Li, Ruikun and Wang, Huandong and Piao, Jinghua and Liao, Qingmin and Li, Yong},
  booktitle={Proceedings of the 30th ACM SIGKDD Conference on Knowledge Discovery and Data Mining},
  pages={1655--1666},
  year={2024}
}

@book{mempooling,
  title={Memory-based graph networks},
  author={Ahmadi, Amir Hosein Khas},
  year={2020},
  publisher={University of Toronto (Canada)}
}

@article{graphsage,
  title={Inductive representation learning on large graphs},
  author={Hamilton, Will and Ying, Zhitao and Leskovec, Jure},
  journal={Advances in neural information processing systems},
  volume={30},
  year={2017}
}

@article{graphode,
  title={Graph neural ordinary differential equations},
  author={Poli, Michael and Massaroli, Stefano and Park, Junyoung and Yamashita, Atsushi and Asama, Hajime and Park, Jinkyoo},
  journal={arXiv preprint arXiv:1911.07532},
  year={2019}
}


@article{stance,
  title={Use of large language models for stance classification},
  author={Cruickshank, Iain J and Ng, Lynnette Hui Xian},
  journal={arXiv preprint arXiv:2309.13734},
  year={2023}
}

@article{transient,
  title={Learning linear influence models in social networks from transient opinion dynamics},
  author={De, Abir and Bhattacharya, Sourangshu and Bhattacharya, Parantapa and Ganguly, Niloy and Chakrabarti, Soumen},
  journal={ACM Transactions on the Web (TWEB)},
  volume={13},
  number={3},
  pages={1--33},
  year={2019},
  publisher={ACM New York, NY, USA}
}

@inproceedings{gat,
  title={Graph Attention Networks},
  author={Veli{\v{c}}kovi{\'c}, Petar and Cucurull, Guillem and Casanova, Arantxa and Romero, Adriana and Li{\`o}, Pietro and Bengio, Yoshua},
  booktitle={International Conference on Learning Representations},
  year={2018}
}

@article{botometer,
  title={Botometer 101: Social bot practicum for computational social scientists},
  author={Yang, Kai-Cheng and Ferrara, Emilio and Menczer, Filippo},
  journal={Journal of computational social science},
  volume={5},
  number={2},
  pages={1511--1528},
  year={2022},
  publisher={Springer}
}

@inproceedings{gcn,
  title={Semi-Supervised Classification with Graph Convolutional Networks},
  author={Kipf, Thomas N and Welling, Max},
  booktitle={International Conference on Learning Representations},
  year={2022}
}

@article{odnet,
  title={A Unified View on Neural Message Passing with Opinion Dynamics for Social Networks},
  author={Lv, Outongyi and Zhou, Bingxin and Wang, Jing and Xiao, Xiang and Zhao, Weishu and Zheng, Lirong},
  journal={arXiv preprint arXiv:2310.01272},
  year={2023}
}

@article{biased,
  title={Biased opinion dynamics: when the devil is in the details},
  author={Anagnostopoulos, Aris and Becchetti, Luca and Cruciani, Emilio and Pasquale, Francesco and Rizzo, Sara},
  journal={Information Sciences},
  volume={593},
  pages={49--63},
  year={2022},
  publisher={Elsevier}
}


@article{diffpool,
  title={Hierarchical graph representation learning with differentiable pooling},
  author={Ying, Zhitao and You, Jiaxuan and Morris, Christopher and Ren, Xiang and Hamilton, Will and Leskovec, Jure},
  journal={Advances in neural information processing systems},
  volume={31},
  year={2018}
}


@article{expressive,
  title={The expressive power of pooling in graph neural networks},
  author={Bianchi, Filippo Maria and Lachi, Veronica},
  journal={Advances in Neural Information Processing Systems},
  volume={36},
  year={2024}
}

@article{heterogeneous,
  title={Opinion clusters in a modified Hegselmann--Krause model with heterogeneous bounded confidences and stubbornness},
  author={Han, Wenchen and Huang, Changwei and Yang, Junzhong},
  journal={Physica A: Statistical Mechanics and its Applications},
  volume={531},
  pages={121791},
  year={2019},
  publisher={Elsevier}
}

@article{effects,
  title={Network effects in a bounded confidence model},
  author={Douven, Igor and Hegselmann, Rainer},
  journal={Studies in History and Philosophy of Science},
  volume={94},
  pages={56--71},
  year={2022},
  publisher={Elsevier}
}


@inproceedings{multi,
  title={Multi-dimensional extensions of the hegselmann-krause model},
  author={De Pasquale, Giulia and Valcher, Maria Elena},
  booktitle={2022 IEEE 61st Conference on Decision and Control (CDC)},
  pages={3525--3530},
  year={2022},
  organization={IEEE}
}


@inproceedings{aslm,
  title={Learning a linear influence model from transient opinion dynamics},
  author={De, Abir and Bhattacharya, Sourangshu and Bhattacharya, Parantapa and Ganguly, Niloy and Chakrabarti, Soumen},
  booktitle={Proceedings of the 23rd ACM International Conference on Conference on Information and Knowledge Management},
  pages={401--410},
  year={2014}
}

@article{slant,
  title={Learning and forecasting opinion dynamics in social networks},
  author={De, Abir and Valera, Isabel and Ganguly, Niloy and Bhattacharya, Sourangshu and Gomez Rodriguez, Manuel},
  journal={Advances in neural information processing systems},
  volume={29},
  year={2016}
}

@inproceedings{slant+,
  title={SLANT+: A nonlinear model for opinion dynamics in social networks},
  author={Kulkarni, Bhushan and Agarwal, Sumit and De, Abir and Bhattacharya, Sourangshu and Ganguly, Niloy},
  booktitle={2017 IEEE International Conference on Data Mining (ICDM)},
  pages={931--936},
  year={2017},
  organization={IEEE}
}


@article{kmeans,
  title={Graph K-means based on leader identification, dynamic game, and opinion dynamics},
  author={Bu, Zhan and Li, Hui-Jia and Zhang, Chengcui and Cao, Jie and Li, Aihua and Shi, Yong},
  journal={IEEE Transactions on Knowledge and Data Engineering},
  volume={32},
  number={7},
  pages={1348--1361},
  year={2019},
  publisher={IEEE}
}


@article{mepo,
  title={Opinion dynamics in modified expressed and private model with bounded confidence},
  author={Hou, Jian and Li, Wenshan and Jiang, Mingyue},
  journal={Physica A: Statistical Mechanics and its Applications},
  volume={574},
  pages={125968},
  year={2021},
  publisher={Elsevier}
}


@article{community,
  title={On the role of community structure in evolution of opinion formation: A new bounded confidence opinion dynamics},
  author={Peng, Yuan and Zhao, Yiyi and Hu, Jiangping},
  journal={Information Sciences},
  volume={621},
  pages={672--690},
  year={2023},
  publisher={Elsevier}
}

@article{fragility,
  title={The fragility of opinion formation in a complex world},
  author={Medo, Mat{\'u}{\v{s}} and Mariani, Manuel S and L{\"u}, Linyuan},
  journal={Communications Physics},
  volume={4},
  number={1},
  pages={75},
  year={2021},
  publisher={Nature Publishing Group UK London}
}

@article{altafini,
  title={Exponential convergence of the discrete-and continuous-time Altafini models},
  author={Liu, Ji and Chen, Xudong and Ba{\c{s}}ar, Tamer and Belabbas, Mohamed Ali},
  journal={IEEE Transactions on Automatic Control},
  volume={62},
  number={12},
  pages={6168--6182},
  year={2017},
  publisher={IEEE}
}

@article{synchronization,
  title={Noise-based synchronization of bounded confidence opinion dynamics in heterogeneous time-varying communication networks},
  author={Su, Wei and Wang, Xueqiao and Chen, Ge and Yu, Yongguang and Hadzibeganovic, Tarik},
  journal={Information Sciences},
  volume={528},
  pages={219--230},
  year={2020},
  publisher={Elsevier}
}

@article{coevolving,
  title={Noise in coevolving networks},
  author={Diakonova, Marina and Egu{\'\i}luz, V{\'\i}ctor M and San Miguel, Maxi},
  journal={Physical Review E},
  volume={92},
  number={3},
  pages={032803},
  year={2015},
  publisher={APS}
}

@article{deceptive,
  title={Dynamics of deceptive interactions in social networks},
  author={Barrio, Rafael A and Govezensky, Tzipe and Dunbar, Robin and Iniguez, Gerardo and Kaski, Kimmo},
  journal={Journal of the Royal society Interface},
  volume={12},
  number={112},
  pages={20150798},
  year={2015},
  publisher={The Royal Society}
}

@article{asymptotic,
  title={The role of noise and initial conditions in the asymptotic solution of a bounded confidence, continuous-opinion model},
  author={Carro, Adri{\'a}n and Toral, Ra{\'u}l and San Miguel, Maxi},
  journal={Journal of Statistical Physics},
  volume={151},
  pages={131--149},
  year={2013},
  publisher={Springer}
}

@article{hknoisy,
  title={The noisy Hegselmann-Krause model for opinion dynamics},
  author={Pineda, Miguel and Toral, Ra{\'u}l and Hern{\'a}ndez-Garc{\'\i}a, Emilio},
  journal={The European Physical Journal B},
  volume={86},
  pages={1--10},
  year={2013},
  publisher={Springer}
}

@article{hk,
  title={Opinion dynamics and bounded confidence models, analysis, and simulation},
  author={Hegselmann, Rainer and Krause, Ulrich and others},
  journal={Journal of artificial societies and social simulation},
  volume={5},
  number={3},
  year={2002}
}

@article{frontiers,
  title={Models of social influence: Towards the next frontiers},
  author={Flache, Andreas and M{\"a}s, Michael and Feliciani, Thomas and Chattoe-Brown, Edmund and Deffuant, Guillaume and Huet, Sylvie and Lorenz, Jan},
  journal={Jasss-The journal of artificial societies and social simulation},
  volume={20},
  number={4},
  pages={2},
  year={2017},
  publisher={Particle Accelerator Society of Japan}
}

@article{dw,
  title={Mixing beliefs among interacting agents},
  author={Deffuant, Guillaume and Neau, David and Amblard, Frederic and Weisbuch, G{\'e}rard},
  journal={Advances in Complex Systems},
  volume={3},
  number={01n04},
  pages={87--98},
  year={2000},
  publisher={World Scientific}
}

@article{fj,
  title={Social influence and opinions},
  author={Friedkin, Noah E and Johnsen, Eugene C},
  journal={Journal of mathematical sociology},
  volume={15},
  number={3-4},
  pages={193--206},
  year={1990},
  publisher={Taylor \& Francis}
}

@article{degroot,
  title={Reaching a consensus},
  author={DeGroot, Morris H},
  journal={Journal of the American Statistical association},
  volume={69},
  number={345},
  pages={118--121},
  year={1974},
  publisher={Taylor \& Francis}
}

@article{sznajd,
  title={Opinion evolution in closed community},
  author={Sznajd-Weron, Katarzyna and Sznajd, Jozef},
  journal={International Journal of Modern Physics C},
  volume={11},
  number={06},
  pages={1157--1165},
  year={2000},
  publisher={World Scientific}
}


@article{node,
  title={Neural ordinary differential equations},
  author={Chen, Ricky TQ and Rubanova, Yulia and Bettencourt, Jesse and Duvenaud, David K},
  journal={Advances in neural information processing systems},
  volume={31},
  year={2018}
}

@inproceedings{oversmoothing,
  title={Revisiting over-smoothing and over-squashing using ollivier-ricci curvature},
  author={Nguyen, Khang and Hieu, Nong Minh and Nguyen, Vinh Duc and Ho, Nhat and Osher, Stanley and Nguyen, Tan Minh},
  booktitle={International Conference on Machine Learning},
  pages={25956--25979},
  year={2023},
  organization={PMLR}
}

@incollection{pgnn,
  title={Physics-guided neural networks (pgnn): An application in lake temperature modeling},
  author={Daw, Arka and Karpatne, Anuj and Watkins, William D and Read, Jordan S and Kumar, Vipin},
  booktitle={Knowledge Guided Machine Learning},
  pages={353--372},
  year={2022},
  publisher={Chapman and Hall/CRC}
}

@article{Physicsguided,
  title={Physics-guided deep learning for dynamical systems: A survey},
  author={Wang, Rui and Yu, Rose},
  journal={arXiv preprint arXiv:2107.01272},
  year={2021}
}

@article{analyzing,
  title={Analyzing the extremization of opinions in a general framework of bounded confidence and repulsion},
  author={Gir{\'a}ldez-Cru, Jes{\'u}s and Zarco, Carmen and Cord{\'o}n, Oscar},
  journal={Information Sciences},
  volume={609},
  pages={1256--1270},
  year={2022},
  publisher={Elsevier}
}

@article{climate,
  title={Physics-informed machine learning: case studies for weather and climate modelling},
  author={Kashinath, Karthik and Mustafa, M and Albert, Adrian and Wu, JL and Jiang, C and Esmaeilzadeh, Soheil and Azizzadenesheli, Kamyar and Wang, R and Chattopadhyay, Ashesh and Singh, A and others},
  journal={Philosophical Transactions of the Royal Society A},
  volume={379},
  number={2194},
  pages={20200093},
  year={2021},
  publisher={The Royal Society Publishing}
}


@article{game,
  title={Graph K-means based on leader identification, dynamic game, and opinion dynamics},
  author={Bu, Zhan and Li, Hui-Jia and Zhang, Chengcui and Cao, Jie and Li, Aihua and Shi, Yong},
  journal={IEEE Transactions on Knowledge and Data Engineering},
  volume={32},
  number={7},
  pages={1348--1361},
  year={2019},
  publisher={IEEE}
}

@article{fusionsurvey,
  title={A survey on the fusion process in opinion dynamics},
  author={Dong, Yucheng and Zhan, Min and Kou, Gang and Ding, Zhaogang and Liang, Haiming},
  journal={Information Fusion},
  volume={43},
  pages={57--65},
  year={2018},
  publisher={Elsevier}
}

@article{boundedsurvey,
  title={Bounded confidence opinion dynamics: A survey},
  author={Bernardo, Carmela and Altafini, Claudio and Proskurnikov, Anton and Vasca, Francesco},
  journal={Automatica},
  volume={159},
  pages={111302},
  year={2024},
  publisher={Elsevier}
}

@article{platforms,
  title={Detecting review manipulation on online platforms with hierarchical supervised learning},
  author={Kumar, Naveen and Venugopal, Deepak and Qiu, Liangfei and Kumar, Subodha},
  journal={Journal of Management Information Systems},
  volume={35},
  number={1},
  pages={350--380},
  year={2018},
  publisher={Taylor \& Francis}
}

@article{bibliometric,
  title={Opinion mining, sentiment analysis and emotion understanding in advertising: a bibliometric analysis},
  author={S{\'a}nchez-N{\'u}{\~n}ez, Pablo and Cobo, Manuel J and De Las Heras-Pedrosa, Carlos and Pel{\'a}ez, Jos{\'e} Ignacio and Herrera-Viedma, Enrique},
  journal={IEEE Access},
  volume={8},
  pages={134563--134576},
  year={2020},
  publisher={IEEE}
}

@inproceedings{debate,
  title={Stance evolution and twitter interactions in an italian political debate},
  author={Lai, Mirko and Patti, Viviana and Ruffo, Giancarlo and Rosso, Paolo},
  booktitle={Natural Language Processing and Information Systems: 23rd International Conference on Applications of Natural Language to Information Systems, NLDB 2018, Paris, France, June 13-15, 2018, Proceedings 23},
  pages={15--27},
  year={2018},
  organization={Springer}
}

@article{mobilization,
  title={A 61-million-person experiment in social influence and political mobilization},
  author={Bond, Robert M and Fariss, Christopher J and Jones, Jason J and Kramer, Adam DI and Marlow, Cameron and Settle, Jaime E and Fowler, James H},
  journal={Nature},
  volume={489},
  number={7415},
  pages={295--298},
  year={2012},
  publisher={Nature Publishing Group UK London}
}

@article{trust,
  title={A trust-aware system for personalized user recommendations in social networks},
  author={Eirinaki, Magdalini and Louta, Malamati D and Varlamis, Iraklis},
  journal={IEEE transactions on systems, man, and cybernetics: systems},
  volume={44},
  number={4},
  pages={409--421},
  year={2013},
  publisher={IEEE}
}

@article{commerce,
  title={Understanding influence power of opinion leaders in e-commerce networks: An opinion dynamics theory perspective},
  author={Zhao, Yiyi and Kou, Gang and Peng, Yi and Chen, Yang},
  journal={Information Sciences},
  volume={426},
  pages={131--147},
  year={2018},
  publisher={Elsevier}
}