@article{10.1016/j.ins.2012.12.028,
author = {Wang, Peng and Smeaton, Alan F.},
title = {Using visual lifelogs to automatically characterize everyday activities},
year = {2013},
issue_date = {May, 2013},
publisher = {Elsevier Science Inc.},
address = {USA},
volume = {230},
issn = {0020-0255},
url = {https://doi.org/10.1016/j.ins.2012.12.028},
doi = {10.1016/j.ins.2012.12.028},
journal = {Inf. Sci.},
month = may,
pages = {147–161},
numpages = {15},
keywords = {Wearable camera, SenseCam, Patient monitoring, Lifelogging, Activity classification}
}

@article{10.1145/344949.344988,
author = {Abowd, Gregory D. and Mynatt, Elizabeth D.},
title = {Charting past, present, and future research in ubiquitous computing},
year = {2000},
issue_date = {March 2000},
publisher = {Association for Computing Machinery},
address = {New York, NY, USA},
volume = {7},
number = {1},
issn = {1073-0516},
url = {https://doi.org/10.1145/344949.344988},
doi = {10.1145/344949.344988},
journal = {ACM Trans. Comput.-Hum. Interact.},
month = mar,
pages = {29–58},
numpages = {30},
keywords = {user interfaces, ubiquitous computing, social implications, natural interfaces, everyday computing, evaluation, context-aware applications, capture and access, augmented reality}
}

@inproceedings{10.1145/3613904.3642450,
author = {Zulfikar, Wazeer Deen and Chan, Samantha and Maes, Pattie},
title = {Memoro: Using Large Language Models to Realize a Concise Interface for Real-Time Memory Augmentation},
year = {2024},
isbn = {9798400703300},
publisher = {Association for Computing Machinery},
address = {New York, NY, USA},
url = {https://doi.org/10.1145/3613904.3642450},
doi = {10.1145/3613904.3642450},
booktitle = {Proceedings of the 2024 CHI Conference on Human Factors in Computing Systems},
articleno = {450},
numpages = {18},
keywords = {context-aware agent, large language models, memory assistant, minimal interfaces, voice interfaces},
location = {Honolulu, HI, USA},
series = {CHI '24}
}

@article{10.1145/3699759,
author = {Arakawa, Riku and Lehman, Jill Fain and Goel, Mayank},
title = {PrISM-Q\&A: Step-Aware Voice Assistant on a Smartwatch Enabled by Multimodal Procedure Tracking and Large Language Models},
year = {2024},
issue_date = {December 2024},
publisher = {Association for Computing Machinery},
address = {New York, NY, USA},
volume = {8},
number = {4},
url = {https://doi.org/10.1145/3699759},
doi = {10.1145/3699759},
journal = {Proc. ACM Interact. Mob. Wearable Ubiquitous Technol.},
month = nov,
articleno = {180},
numpages = {26},
keywords = {context-aware, large language models, procedure tracking, question answering, task assistance}
}

@inproceedings{Alayrac2022,
  author    = {Alayrac, J. B. et al.},
  title     = {Flamingo: A Visual Language Model for Few-Shot Learning},
  booktitle = {Proceedings of the International Conference on Machine Learning (ICML)},
  year      = {2022},
  url       = {https://arxiv.org/abs/2204.14198}
}

@inproceedings{Chang_2024, series={UIST ’24},
   title={WorldScribe: Towards Context-Aware Live Visual Descriptions},
   url={http://dx.doi.org/10.1145/3654777.3676375},
   DOI={10.1145/3654777.3676375},
   booktitle={Proceedings of the 37th Annual ACM Symposium on User Interface Software and Technology},
   publisher={ACM},
   author={Chang, Ruei-Che and Liu, Yuxuan and Guo, Anhong},
   year={2024},
   month=oct, pages={1–18},
   collection={UIST ’24} }

@article{Dey2001,
  author    = {Dey, Anind K.},
  title     = {Understanding and using context},
  journal   = {Personal and Ubiquitous Computing},
  volume    = {5},
  number    = {1},
  pages     = {4--7},
  year      = {2001},
  doi       = {10.1007/s007790170019}
}

@article{Gellersen2002,
  author    = {Gellersen, Hans-Werner and Schmidt, Albrecht and Beigl, Michael},
  title     = {Multi-Sensor Context-Awareness in Mobile Devices and Smart Artifacts},
  journal   = {Mobile Networks and Applications},
  volume    = {7},
  number    = {5},
  pages     = {341--351},
  year      = {2002},
  month     = {October},
  doi       = {10.1023/A:1016587515822},
  url       = {https://doi.org/10.1023/A:1016587515822}
}

@inproceedings{Jia2021,
  author    = {Jia, C. et al.},
  title     = {Scaling Up Visual and Vision-Language Representation Learning With Noisy Text Supervision},
  booktitle = {Proceedings of the International Conference on Machine Learning (ICML)},
  year      = {2021},
  url       = {https://arxiv.org/abs/2102.05918}
}

@article{Khan2019PALAW,
  title={PAL: A Wearable Platform for Real-time, Personalized and Context-Aware Health and Cognition Support},
  author={Mina Khan and Glenn Fernandes and Utkarsh Oggy Sarawgi and Prudhvi Rampey and Pattie Maes},
  journal={ArXiv},
  year={2019},
  volume={abs/1905.01352},
  url={https://api.semanticscholar.org/CorpusID:146120658}
}

@inproceedings{Khan2021,
  author    = {Khan, M. and Fernandes, G. and Vaish, A. and Manuja, M. and Maes, P. and Stibe, A.},
  editor    = {Ali, Raian and Lugrin, Jean-Luc and Charles, Fred},
  title     = {Improving Context-Aware Habit-Support Interventions Using Egocentric Visual Contexts},
  booktitle = {Persuasive Technology. PERSUASIVE 2021},
  series    = {Lecture Notes in Computer Science},
  volume    = {12684},
  pages     = {127--139},
  publisher = {Springer, Cham},
  year      = {2021},
  doi       = {10.1007/978-3-030-79460-6_10},
  url       = {https://doi.org/10.1007/978-3-030-79460-6_10}
}

@inproceedings{Schilit1994,
  author    = {Schilit, Bill and Adams, Norman and Want, Roy},
  title     = {Context-aware computing applications},
  booktitle = {Proceedings of the 1994 First Workshop on Mobile Computing Systems and Applications (WMCSA)},
  pages     = {85--90},
  year      = {1994},
  publisher = {IEEE},
  doi       = {10.1109/WMCSA.1994.16}
}

@article{Wahl2015WISEglassMC,
  title={WISEglass: multi-purpose context-aware smart eyeglasses},
  author={Florian Wahl and Martin Freund and Oliver Amft},
  journal={Proceedings of the 2015 ACM International Symposium on Wearable Computers},
  year={2015},
  url={https://api.semanticscholar.org/CorpusID:6033133}
}

@article{bernstein2022human,
  title={Human support in app-based cognitive behavioral therapies for emotional disorders: scoping review},
  author={Bernstein, Emily E and Weingarden, Hilary and Wolfe, Emma C and Hall, Margaret D and Snorrason, Ivar and Wilhelm, Sabine},
  journal={Journal of medical Internet research},
  volume={24},
  number={4},
  pages={e33307},
  year={2022},
  publisher={JMIR Publications Toronto, Canada}
}

@misc{brown2020languagemodelsfewshotlearners,
      title={Language Models are Few-Shot Learners}, 
      author={Tom B. Brown and Benjamin Mann and Nick Ryder and Melanie Subbiah and Jared Kaplan and Prafulla Dhariwal and Arvind Neelakantan and Pranav Shyam and Girish Sastry and Amanda Askell and Sandhini Agarwal and Ariel Herbert-Voss and Gretchen Krueger and Tom Henighan and Rewon Child and Aditya Ramesh and Daniel M. Ziegler and Jeffrey Wu and Clemens Winter and Christopher Hesse and Mark Chen and Eric Sigler and Mateusz Litwin and Scott Gray and Benjamin Chess and Jack Clark and Christopher Berner and Sam McCandlish and Alec Radford and Ilya Sutskever and Dario Amodei},
      year={2020},
      eprint={2005.14165},
      archivePrefix={arXiv},
      primaryClass={cs.CL},
      url={https://arxiv.org/abs/2005.14165}, 
}

@article{chan2021kinvoices,
  title={KinVoices: Using voices of friends and family in voice interfaces},
  author={Chan, Sam WT and Gunasekaran, Tamil Selvan and Pai, Yun Suen and Zhang, Haimo and Nanayakkara, Suranga},
  journal={Proceedings of the ACM on Human-Computer Interaction},
  volume={5},
  number={CSCW2},
  pages={1--25},
  year={2021},
  publisher={ACM New York, NY, USA}
}

@inproceedings{clarke2023fakeforward,
  title={FakeForward: using deepfake technology for feedforward learning},
  author={Clarke, Christopher and Xu, Jingnan and Zhu, Ye and Dharamshi, Karan and McGill, Harry and Black, Stephen and Lutteroth, Christof},
  booktitle={Proceedings of the 2023 CHI Conference on Human Factors in Computing Systems},
  pages={1--17},
  year={2023}
}

@inproceedings{costa2018regulating,
  title={Regulating feelings during interpersonal conflicts by changing voice self-perception},
  author={Costa, Jean and Jung, Malte F and Czerwinski, Mary and Guimbreti{\`e}re, Fran{\c{c}}ois and Le, Trinh and Choudhury, Tanzeem},
  booktitle={Proceedings of the 2018 CHI Conference on Human Factors in Computing Systems},
  pages={1--13},
  year={2018}
}

@article{dominick2020goals,
  title={Goals as identities: Boosting perceptions of healthy-eater identity for easier goal pursuit},
  author={Dominick, Janna K and Cole, Shana},
  journal={Motivation and Emotion},
  volume={44},
  number={3},
  pages={410--426},
  year={2020},
  publisher={Springer}
}

@article{farb2014mindfulness,
  title={Mindfulness interventions and emotion regulation},
  author={Farb, Norman AS and Anderson, Adam K and Irving, Julie A and Segal, Zindel V},
  journal={Handbook of emotion regulation},
  volume={2},
  pages={548--567},
  year={2014}
}

@article{gross1998emerging,
  title={The emerging field of emotion regulation: An integrative review},
  author={Gross, James J},
  journal={Review of general psychology},
  volume={2},
  number={3},
  pages={271--299},
  year={1998},
  publisher={SAGE Publications Sage CA: Los Angeles, CA}
}

@article{kabat1982outpatient,
  title={An outpatient program in behavioral medicine for chronic pain patients based on the practice of mindfulness meditation: Theoretical considerations and preliminary results},
  author={Kabat-Zinn, Jon},
  journal={General hospital psychiatry},
  volume={4},
  number={1},
  pages={33--47},
  year={1982},
  publisher={Elsevier}
}

@article{kabat2015mindfulness,
  title={Mindfulness},
  author={Kabat-Zinn, Jon},
  journal={Mindfulness},
  volume={6},
  number={6},
  pages={1481--1483},
  year={2015},
  publisher={Springer}
}

@misc{khan2021palintelligenceaugmentationusing,
      title={PAL: Intelligence Augmentation using Egocentric Visual Context Detection}, 
      author={Mina Khan and Pattie Maes},
      year={2021},
      eprint={2105.10735},
      archivePrefix={arXiv},
      primaryClass={cs.CV},
      url={https://arxiv.org/abs/2105.10735}, 
}

@inproceedings{kim2024mindfuldiary,
  title={MindfulDiary: Harnessing Large Language Model to Support Psychiatric Patients' Journaling},
  author={Kim, Taewan and Bae, Seolyeong and Kim, Hyun Ah and Lee, Su-woo and Hong, Hwajung and Yang, Chanmo and Kim, Young-Ho},
  booktitle={Proceedings of the CHI Conference on Human Factors in Computing Systems},
  pages={1--20},
  year={2024}
}

@inproceedings{kim2024myvoice,
  title={My Voice as a Daily Reminder: Self-Voice Alarm for Daily Goal Achievement},
  author={Kim, Jieun and Song, Hayeon},
  booktitle={Proceedings of the CHI Conference on Human Factors in Computing Systems},
  pages={1--16},
  year={2024}
}

@article{kuhn2016cbt,
  title={CBT-I coach: a description and clinician perceptions of a mobile app for cognitive behavioral therapy for insomnia},
  author={Kuhn, Eric and Weiss, Brandon J and Taylor, Katherine L and Hoffman, Julia E and Ramsey, Kelly M and Manber, Rachel and Gehrman, Philip and Crowley, Jill J and Ruzek, Josef I and Trockel, Mickey},
  journal={Journal of clinical sleep medicine},
  volume={12},
  number={4},
  pages={597--606},
  year={2016},
  publisher={American Academy of Sleep Medicine}
}

@article{langer1989mindfulness,
  title={Mindfulness Addison-Wesley},
  author={Langer, Ellen J},
  journal={Reading, MA},
  year={1989}
}

@inproceedings{lazar2015we,
  title={Why we use and abandon smart devices},
  author={Lazar, Amanda and Koehler, Christian and Tanenbaum, Theresa Jean and Nguyen, David H},
  booktitle={Proceedings of the 2015 ACM international joint conference on pervasive and ubiquitous computing},
  pages={635--646},
  year={2015}
}

@misc{lee2024gazepointarcontextawaremultimodalvoice,
      title={GazePointAR: A Context-Aware Multimodal Voice Assistant for Pronoun Disambiguation in Wearable Augmented Reality}, 
      author={Jaewook Lee and Jun Wang and Elizabeth Brown and Liam Chu and Sebastian S. Rodriguez and Jon E. Froehlich},
      year={2024},
      eprint={2404.08213},
      archivePrefix={arXiv},
      primaryClass={cs.HC},
      url={https://arxiv.org/abs/2404.08213}, 
}

@phdthesis{leong2021investigating,
  title={Investigating the use of synthetic media and real-time virtual camera filters for supporting communication and creativity},
  author={Leong, Joanne Sun Ling},
  year={2021},
  school={Massachusetts Institute of Technology}
}

@inproceedings{li2023exploring,
  title={Exploring Design Opportunities for Reflective Conversational Agents to Reduce Compulsive Smartphone Use},
  author={Li, Zhuoyang and Liang, Minhui and Le, Hai Trung and Lc, Ray and Luo, Yuhan},
  booktitle={Proceedings of the 5th International Conference on Conversational User Interfaces},
  pages={1--6},
  year={2023}
}

@inproceedings{lolla2023evaluating,
  title={Evaluating Mobile Apps Targeting Personal Goals},
  author={Lolla, Sruzan and Sas, Corina},
  booktitle={Extended Abstracts of the 2023 CHI Conference on Human Factors in Computing Systems},
  pages={1--7},
  year={2023}
}

@article{nahum2018just,
  title={Just-in-time adaptive interventions (JITAIs) in mobile health: key components and design principles for ongoing health behavior support},
  author={Nahum-Shani, Inbal and Smith, Shawna N and Spring, Bonnie J and Collins, Linda M and Witkiewitz, Katie and Tewari, Ambuj and Murphy, Susan A},
  journal={Annals of Behavioral Medicine},
  pages={1--17},
  year={2018},
  publisher={Springer}
}

@inproceedings{nepal2024contextual,
  title={Contextual AI Journaling: Integrating LLM and Time Series Behavioral Sensing Technology to Promote Self-Reflection and Well-being using the MindScape App},
  author={Nepal, Subigya and Pillai, Arvind and Campbell, William and Massachi, Talie and Choi, Eunsol Soul and Xu, Xuhai and Kuc, Joanna and Huckins, Jeremy F and Holden, Jason and Depp, Colin and others},
  booktitle={Extended Abstracts of the CHI Conference on Human Factors in Computing Systems},
  pages={1--8},
  year={2024}
}

@misc{openai_vision_guide,
  title = {OpenAI Platform Vision Guide},
  author = {{OpenAI}},
  year = {2025},
  url = {https://platform.openai.com/docs/guides/vision},
  note = {Accessed: 2025-01-21}
}

@inproceedings{orzikulova2024time2stop,
  title={Time2Stop: Adaptive and Explainable Human-AI Loop for Smartphone Overuse Intervention},
  author={Orzikulova, Adiba and Xiao, Han and Li, Zhipeng and Yan, Yukang and Wang, Yuntao and Shi, Yuanchun and Ghassemi, Marzyeh and Lee, Sung-Ju and Dey, Anind K and Xu, Xuhai},
  booktitle={Proceedings of the CHI Conference on Human Factors in Computing Systems},
  pages={1--20},
  year={2024}
}

@misc{radford2021learningtransferablevisualmodels,
      title={Learning Transferable Visual Models From Natural Language Supervision}, 
      author={Alec Radford and Jong Wook Kim and Chris Hallacy and Aditya Ramesh and Gabriel Goh and Sandhini Agarwal and Girish Sastry and Amanda Askell and Pamela Mishkin and Jack Clark and Gretchen Krueger and Ilya Sutskever},
      year={2021},
      eprint={2103.00020},
      archivePrefix={arXiv},
      primaryClass={cs.CV},
      url={https://arxiv.org/abs/2103.00020}, 
}

@article{rathbone2017assessing,
  title={Assessing the efficacy of mobile health apps using the basic principles of cognitive behavioral therapy: systematic review},
  author={Rathbone, Amy Leigh and Clarry, Laura and Prescott, Julie},
  journal={Journal of medical Internet research},
  volume={19},
  number={11},
  pages={e399},
  year={2017},
  publisher={JMIR Publications Toronto, Canada}
}

@inproceedings{salber1999context,
  title={The context toolkit: Aiding the development of context-enabled applications},
  author={Salber, Daniel and Dey, Anind K and Abowd, Gregory D},
  booktitle={Proceedings of the SIGCHI conference on Human factors in computing systems},
  pages={434--441},
  year={1999}
}

@article{song2024exploreself,
  title={ExploreSelf: Fostering User-driven Exploration and Reflection on Personal Challenges with Adaptive Guidance by Large Language Models},
  author={Song, Inhwa and Park, SoHyun and Pendse, Sachin R and Schleider, Jessica Lee and De Choudhury, Munmun and Kim, Young-Ho},
  journal={arXiv preprint arXiv:2409.09662},
  year={2024}
}

@article{teasdale2000prevention,
  title={Prevention of relapse/recurrence in major depression by mindfulness-based cognitive therapy.},
  author={Teasdale, John D and Segal, Zindel V and Williams, J Mark G and Ridgeway, Valerie A and Soulsby, Judith M and Lau, Mark A},
  journal={Journal of consulting and clinical psychology},
  volume={68},
  number={4},
  pages={615},
  year={2000},
  publisher={American Psychological Association}
}

@inproceedings{terzimehic2019review,
  title={A review \& analysis of mindfulness research in HCI: Framing current lines of research and future opportunities},
  author={Terzimehi{\'c}, Na{\dj}a and H{\"a}uslschmid, Renate and Hussmann, Heinrich and Schraefel, MC},
  booktitle={Proceedings of the 2019 CHI conference on human factors in computing systems},
  pages={1--13},
  year={2019}
}

@article{yee2007proteus,
  title={The Proteus effect: The effect of transformed self-representation on behavior},
  author={Yee, Nick and Bailenson, Jeremy},
  journal={Human communication research},
  volume={33},
  number={3},
  pages={271--290},
  year={2007},
  publisher={Oxford University Press Oxford, UK}
}

