@article{preece2023perth,
  title={The Perth Alexithymia Questionnaire-Short form (PAQ-S): A 6-item measure of alexithymia},
  author={Preece, David A and Mehta, Ashish and Petrova, Kate and Sikka, Pilleriin and Bjureberg, Johan and Chen, Wai and Becerra, Rodrigo and Allan, Alfred and Robinson, Ken and Gross, James J},
  journal={Journal of affective disorders},
  volume={325},
  pages={493--501},
  year={2023},
  publisher={Elsevier}
}

@article{donnellan2006mini,
  title={The mini-IPIP scales: tiny-yet-effective measures of the Big Five factors of personality.},
  author={Donnellan, M Brent and Oswald, Frederick L and Baird, Brendan M and Lucas, Richard E},
  journal={Psychological assessment},
  volume={18},
  number={2},
  pages={192},
  year={2006},
  publisher={American Psychological Association}
}

@article{betella2016affective,
  title={The affective slider: A digital self-assessment scale for the measurement of human emotions},
  author={Betella, Alberto and Verschure, Paul FMJ},
  journal={PloS one},
  volume={11},
  number={2},
  pages={e0148037},
  year={2016},
  publisher={Public Library of Science San Francisco, CA USA}
}

@article{bartneck2009measurement,
  title={Measurement instruments for the anthropomorphism, animacy, likeability, perceived intelligence, and perceived safety of robots},
  author={Bartneck, Christoph and Kuli{\'c}, Dana and Croft, Elizabeth and Zoghbi, Susana},
  journal={International journal of social robotics},
  volume={1},
  pages={71--81},
  year={2009},
  publisher={Springer}
}

@inproceedings{leong2023picture,
  title={“Picture the Audience...”: Exploring Private AR Face Filters for Online Public Speaking},
  author={Leong, Joanne and Perteneder, Florian and Rajvee, Muhender Raj and Maes, Pattie},
  booktitle={Proceedings of the 2023 CHI Conference on Human Factors in Computing Systems},
  pages={1--13},
  year={2023}
}


@article{leong2023using,
  title={Using generative AI to cultivate positive emotions and mindsets for self-development and learning},
  author={Leong, Joanne},
  journal={XRDS: Crossroads, The ACM Magazine for Students},
  volume={29},
  number={3},
  pages={52--56},
  year={2023},
  publisher={ACM New York, NY, USA}
}


@inproceedings{leong2021exploring,
  title={Exploring the use of real-time camera filters on embodiment and creativity},
  author={Leong, Joanne and Pataranutaporn, Pat and Mao, Yaoli and Perteneder, Florian and Hoque, Ehsan and Baker, Janet M and Maes, Pattie},
  booktitle={extended abstracts of the 2021 CHI conference on Human Factors in Computing Systems},
  pages={1--7},
  year={2021}
}


@article{pataranutaporn2024future,
  title={Future You: A Conversation with an AI-Generated Future Self Reduces Anxiety, Negative Emotions, and Increases Future Self-Continuity},
  author={Pataranutaporn, Pat and Winson, Kavin and Yin, Peggy and Lapapirojn, Auttasak and Ouppaphan, Pichayoot and Lertsutthiwong, Monchai and Maes, Pattie and Hershfield, Hal},
  journal={arXiv preprint arXiv:2405.12514},
  year={2024}
}

@article{pataranutaporn2021ai,
  title={AI-generated characters for supporting personalized learning and well-being},
  author={Pataranutaporn, Pat and Danry, Valdemar and Leong, Joanne and Punpongsanon, Parinya and Novy, Dan and Maes, Pattie and Sra, Misha},
  journal={Nature Machine Intelligence},
  volume={3},
  number={12},
  pages={1013--1022},
  year={2021},
  publisher={Nature Publishing Group UK London}
}

@article{o1999doing,
  title={Doing it now or later},
  author={O'donoghue, Ted and Rabin, Matthew},
  journal={American economic review},
  volume={89},
  number={1},
  pages={103--124},
  year={1999},
  publisher={American Economic Association}
}

@article{halevy2008strotz,
  title={Strotz meets Allais: Diminishing impatience and the certainty effect},
  author={Halevy, Yoram},
  journal={American Economic Review},
  volume={98},
  number={3},
  pages={1145--1162},
  year={2008},
  publisher={American Economic Association}
}


@article{dominick2020goals,
  title={Goals as identities: Boosting perceptions of healthy-eater identity for easier goal pursuit},
  author={Dominick, Janna K and Cole, Shana},
  journal={Motivation and Emotion},
  volume={44},
  number={3},
  pages={410--426},
  year={2020},
  publisher={Springer}
}

@article{higgins1985self,
  title={Self-concept discrepancy theory: A psychological model for distinguishing among different aspects of depression and anxiety},
  author={Higgins, E Tory and Klein, Ruth and Strauman, Timothy},
  journal={Social cognition},
  volume={3},
  number={1},
  pages={51--76},
  year={1985},
  publisher={Guilford Press}
}

@article{higgins1997emotional,
  title={Emotional responses to goal attainment: strength of regulatory focus as moderator.},
  author={Higgins, E Tory and Shah, James and Friedman, Ronald},
  journal={Journal of personality and social psychology},
  volume={72},
  number={3},
  pages={515},
  year={1997},
  publisher={American Psychological Association}
}

@article{chan2021kinvoices,
  title={KinVoices: Using voices of friends and family in voice interfaces},
  author={Chan, Sam WT and Gunasekaran, Tamil Selvan and Pai, Yun Suen and Zhang, Haimo and Nanayakkara, Suranga},
  journal={Proceedings of the ACM on Human-Computer Interaction},
  volume={5},
  number={CSCW2},
  pages={1--25},
  year={2021},
  publisher={ACM New York, NY, USA}
}

@inproceedings{kim2024myvoice,
  title={My Voice as a Daily Reminder: Self-Voice Alarm for Daily Goal Achievement},
  author={Kim, Jieun and Song, Hayeon},
  booktitle={Proceedings of the CHI Conference on Human Factors in Computing Systems},
  pages={1--16},
  year={2024}
}

@article{xu2013acoustic,
  title={Acoustic cues for the recognition of self-voice and other-voice},
  author={Xu, Mingdi and Homae, Fumitaka and Hashimoto, Ryu-ichiro and Hagiwara, Hiroko},
  journal={Frontiers in psychology},
  volume={4},
  pages={735},
  year={2013},
  publisher={Frontiers Media SA}
}

@article{lane1986learning,
  title={Learning by self-voice echo},
  author={Lane, Colin H and Chinn, Stephen J},
  journal={Academic Therapy},
  volume={21},
  number={4},
  pages={477--481},
  year={1986},
  publisher={SAGE Publications Sage CA: Los Angeles, CA}
}

@article{kwan2015mere,
  title={Mere exposure affects perceived descriptive norms: Implications for personal preferences and trust},
  author={Kwan, Letty Y-Y and Yap, Suhui and Chiu, Chi-yue},
  journal={Organizational Behavior and Human Decision Processes},
  volume={129},
  pages={48--58},
  year={2015},
  publisher={Elsevier}
}

@inproceedings{bhatia2006listening,
  title={Listening to your inner voices: investigating means for voice notifications},
  author={Bhatia, Saurabh and McCrickard, Scott},
  booktitle={Proceedings of the SIGCHI Conference on Human Factors in Computing Systems},
  pages={1173--1176},
  year={2006}
}

@article{wirtz2020does,
  title={Does it matter who’s at risk?: Testing message framing and narrative as moderators of the effects of self-referencing in obesity prevention messages targeting Hispanic adults living in the US},
  author={Wirtz, John G},
  journal={Health marketing quarterly},
  volume={37},
  number={1},
  pages={22--40},
  year={2020},
  publisher={Taylor \& Francis}
}


@article{tomlinson2001inner,
  title={The inner voice: A critical factor in L2 learning},
  author={Tomlinson, Brian},
  journal={The Journal of the Imagination in Language Learning and Teaching},
  volume={6},
  number={2},
  pages={26--33},
  year={2001},
  publisher={ERIC}
}
@article{daryadar2015effect,
  title={The effect of listening to recordings of one's voice on attentional bias and auditory verbal learning},
  author={Daryadar, Mostafa and Raghibi, Mahvash},
  journal={International Journal of Psychological Studies},
  volume={7},
  number={2},
  pages={155},
  year={2015},
  publisher={Canadian Center of Science and Education}
}

@article{holzman1966voice,
  title={The voice as a percept.},
  author={Holzman, Philip S and Rousey, Clyde},
  journal={Journal of Personality and Social Psychology},
  volume={4},
  number={1},
  pages={79},
  year={1966},
  publisher={American Psychological Association}
}

@article{holzman1966listening,
  title={On listening to one's own voice: Effects on psychophysiological responses and free associations.},
  author={Holzman, Philip S and Rousey, Clyde and Snyder, Charles},
  journal={Journal of Personality and Social Psychology},
  volume={4},
  number={4},
  pages={432},
  year={1966},
  publisher={American Psychological Association}
}


@inproceedings{nass2001effects,
  title={The effects of emotion of voice in synthesized and recorded speech},
  author={Nass, Clifford and Foehr, Ulla and Brave, Scott and Somoza, Michael},
  booktitle={Proceedings of the AAAI symposium emotional and intelligent II: The tangled knot of social cognition},
  year={2001},
  organization={AAAI North Falmouth, MA}
}
@software{Eren_Coqui_TTS_2021,
author = {Eren, Gölge and {The Coqui TTS Team}},
doi = {10.5281/zenodo.6334862},
license = {MPL-2.0},
month = jan,
title = {{Coqui TTS}},
url = {https://github.com/idiap/coqui-ai-TTS},
version = {1.4},
year = {2021}
}

@inproceedings{cohn2020differences,
  title={Differences in gradient emotion perception: Human vs. Alexa voices},
  author={Cohn, Michelle and Raveh, Eran and Predeck, Kristin and Gessinger, Iona and M{\"o}bius, Bernd and Zellou, Georgia},
  booktitle={Proceedings of Interspeech},
  year={2020}
}

@article{triantafyllopoulos2023overview,
  title={An overview of affective speech synthesis and conversion in the deep learning era},
  author={Triantafyllopoulos, Andreas and Schuller, Bj{\"o}rn W and {\.I}ymen, G{\"o}k{\c{c}}e and Sezgin, Metin and He, Xiangheng and Yang, Zijiang and Tzirakis, Panagiotis and Liu, Shuo and Mertes, Silvan and Andr{\'e}, Elisabeth and others},
  journal={Proceedings of the IEEE},
  volume={111},
  number={10},
  pages={1355--1381},
  year={2023},
  publisher={IEEE}
}

@inproceedings{zhou2021seen,
  title={Seen and unseen emotional style transfer for voice conversion with a new emotional speech dataset},
  author={Zhou, Kun and Sisman, Berrak and Liu, Rui and Li, Haizhou},
  booktitle={ICASSP 2021-2021 IEEE International Conference on Acoustics, Speech and Signal Processing (ICASSP)},
  pages={920--924},
  year={2021},
  organization={IEEE}
}

@article{andrade2014assessing,
  title={Assessing vividness of mental imagery: The Plymouth sensory imagery questionnaire},
  author={Andrade, Jackie and May, Jon and Deeprose, Catherine and Baugh, Sarah-Jane and Ganis, Giorgio},
  journal={British Journal of Psychology},
  volume={105},
  number={4},
  pages={547--563},
  year={2014},
  publisher={Wiley Online Library}
}

@article{neff2021development,
  title={The development and validation of the state self-compassion scale (long-and short form)},
  author={Neff, Kristin D and T{\'o}th-Kir{\'a}ly, Istv{\'a}n and Knox, Marissa C and Kuchar, Ashley and Davidson, Oliver},
  journal={Mindfulness},
  volume={12},
  pages={121--140},
  year={2021},
  publisher={Springer}
}

@article{harrison2020gibbs,
  title={Gibbs sampling with people},
  author={Harrison, Peter and Marjieh, Raja and Adolfi, Federico and van Rijn, Pol and Anglada-Tort, Manuel and Tchernichovski, Ofer and Larrouy-Maestri, Pauline and Jacoby, Nori},
  journal={Advances in neural information processing systems},
  volume={33},
  pages={10659--10671},
  year={2020}
}

@article{sokol2020development,
  title={Development and validation of a future self-continuity questionnaire: A preliminary report},
  author={Sokol, Yosef and Serper, Mark},
  journal={Journal of Personality Assessment},
  year={2020},
  publisher={Taylor \& Francis}
}


@article{boyatzis2006ideal,
  title={The ideal self as the driver of intentional change},
  author={Boyatzis, Richard E and Akrivou, Kleio},
  journal={Journal of management development},
  volume={25},
  number={7},
  pages={624--642},
  year={2006},
  publisher={Emerald Group Publishing Limited}
}

@article{kim2012visualizing,
  title={Visualizing ideal self vs. actual self through avatars: Impact on preventive health outcomes},
  author={Kim, Youjeong and Sundar, S Shyam},
  journal={Computers in Human Behavior},
  volume={28},
  number={4},
  pages={1356--1364},
  year={2012},
  publisher={Elsevier}
}

@article{kang2022end,
  title={End-to-End Zero-Shot Voice Conversion with Location-Variable Convolutions},
  author={Kang, Wonjune and Hasegawa-Johnson, Mark and Roy, Deb},
  journal={arXiv preprint arXiv:2205.09784},
  year={2022}
}

@article{betker2023better,
  title={Better speech synthesis through scaling},
  author={Betker, James},
  journal={arXiv preprint arXiv:2305.07243},
  year={2023}
}

@article{wang2023neural,
  title={Neural codec language models are zero-shot text to speech synthesizers},
  author={Wang, Chengyi and Chen, Sanyuan and Wu, Yu and Zhang, Ziqiang and Zhou, Long and Liu, Shujie and Chen, Zhuo and Liu, Yanqing and Wang, Huaming and Li, Jinyu and others},
  journal={arXiv preprint arXiv:2301.02111},
  year={2023}
}

@misc{coqui,
title={Xtts v2},
author={COQUE},
url={https://huggingface.co/coqui/XTTS-v2},
year={2023}
}

@misc{elevenlabs,
title={Instant Voice Cloning},
author={Eleven Labs},
url={https://elevenlabs.io/docs/voices/voice-lab/instant-voice-cloning},
year={2024}
}

@article{payne2021perceptual,
  title={Perceptual prioritization of self-associated voices},
  author={Payne, Bryony and Lavan, Nadine and Knight, Sarah and McGettigan, Carolyn},
  journal={British Journal of Psychology},
  volume={112},
  number={3},
  pages={585--610},
  year={2021},
  publisher={Wiley Online Library}
}

@Article{lme4,
    title = {Fitting Linear Mixed-Effects Models Using {lme4}},
    author = {Douglas Bates and Martin M{\"a}chler and Ben Bolker and
      Steve Walker},
    journal = {Journal of Statistical Software},
    year = {2015},
    volume = {67},
    number = {1},
    pages = {1--48},
    doi = {10.18637/jss.v067.i01},
  }

@article{emmeans,
  title={Population marginal means in the linear model: an alternative to least squares means},
  author={Searle, Shayle R and Speed, F Michael and Milliken, George A},
  journal={The American Statistician},
  volume={34},
  number={4},
  pages={216--221},
  year={1980},
  publisher={Taylor \& Francis}
}

@inproceedings{wobbrock2011aligned,
  title={The aligned rank transform for nonparametric factorial analyses using only anova procedures},
  author={Wobbrock, Jacob O and Findlater, Leah and Gergle, Darren and Higgins, James J},
  booktitle={Proceedings of the SIGCHI conference on human factors in computing systems},
  pages={143--146},
  year={2011}
}

@inproceedings{hutto2014vader,
  title={Vader: A parsimonious rule-based model for sentiment analysis of social media text},
  author={Hutto, Clayton and Gilbert, Eric},
  booktitle={Proceedings of the international AAAI conference on web and social media},
  volume={8},
  number={1},
  pages={216--225},
  year={2014}
}

@article{ma2023emotion2vec,
  title={emotion2vec: Self-supervised pre-training for speech emotion representation},
  author={Ma, Ziyang and Zheng, Zhisheng and Ye, Jiaxin and Li, Jinchao and Gao, Zhifu and Zhang, Shiliang and Chen, Xie},
  journal={arXiv preprint arXiv:2312.15185},
  year={2023}
}

@article{wu2024laugh,
  title={Laugh Now Cry Later: Controlling Time-Varying Emotional States of Flow-Matching-Based Zero-Shot Text-to-Speech},
  author={Wu, Haibin and Wang, Xiaofei and Eskimez, Sefik Emre and Thakker, Manthan and Tompkins, Daniel and Tsai, Chung-Hsien and Li, Canrun and Xiao, Zhen and Zhao, Sheng and Li, Jinyu and others},
  journal={arXiv preprint arXiv:2407.12229},
  year={2024}
}

@article{stanley2015distance,
  title={The distance between selves: The influence of self-discrepancy on purpose in life},
  author={Stanley, Maclen and Burrow, Anthony L},
  journal={Self and Identity},
  volume={14},
  number={4},
  pages={441--452},
  year={2015},
  publisher={Taylor \& Francis}
}

@article{barrett2017theory,
  title={The theory of constructed emotion: an active inference account of interoception and categorization},
  author={Barrett, Lisa Feldman},
  journal={Social cognitive and affective neuroscience},
  volume={12},
  number={1},
  pages={1--23},
  year={2017},
  publisher={Oxford University Press}
}

@article{wille2018yourself,
  title={To Be Yourself or to Be Your Ideal Self?},
  author={Wille, Lien and Van Hoye, Greet and Weijters, Bert and Rangarajan, Deva and Carpentier, Marieke},
  journal={Journal of Personnel Psychology},
  year={2018},
  publisher={Hogrefe Publishing}
}

@incollection{higgins2013patterns,
  title={Patterns of self-beliefs: The psychological significance of relations among the actual, ideal, ought, can, and future selves},
  author={Higgins, E Tory and Tykocinski, Orit and Vookles, Jennifer},
  booktitle={Self-inference processes},
  pages={153--190},
  year={2013},
  publisher={Psychology Press}
}

@inproceedings{clarke2023fakeforward,
  title={FakeForward: using deepfake technology for feedforward learning},
  author={Clarke, Christopher and Xu, Jingnan and Zhu, Ye and Dharamshi, Karan and McGill, Harry and Black, Stephen and Lutteroth, Christof},
  booktitle={Proceedings of the 2023 CHI Conference on Human Factors in Computing Systems},
  pages={1--17},
  year={2023}
}

@phdthesis{leong2021investigating,
  title={Investigating the use of synthetic media and real-time virtual camera filters for supporting communication and creativity},
  author={Leong, Joanne Sun Ling},
  year={2021},
  school={Massachusetts Institute of Technology}
}

@inproceedings{costa2018regulating,
  title={Regulating feelings during interpersonal conflicts by changing voice self-perception},
  author={Costa, Jean and Jung, Malte F and Czerwinski, Mary and Guimbreti{\`e}re, Fran{\c{c}}ois and Le, Trinh and Choudhury, Tanzeem},
  booktitle={Proceedings of the 2018 CHI Conference on Human Factors in Computing Systems},
  pages={1--13},
  year={2018}
}

@inproceedings{danry2022ai,
  title={AI-generated characters: putting deepfakes to good use},
  author={Danry, Valdemar and Leong, Joanne and Pataranutaporn, Pat and Tandon, Pulkit and Liu, Yimeng and Shilkrot, Roy and Punpongsanon, Parinya and Weissman, Tsachy and Maes, Pattie and Sra, Misha},
  booktitle={CHI Conference on Human Factors in Computing Systems Extended Abstracts},
  pages={1--5},
  year={2022}
}

@article{yee2007proteus,
  title={The Proteus effect: The effect of transformed self-representation on behavior},
  author={Yee, Nick and Bailenson, Jeremy},
  journal={Human communication research},
  volume={33},
  number={3},
  pages={271--290},
  year={2007},
  publisher={Oxford University Press Oxford, UK}
}

@article{banakou2018virtually,
  title={Virtually being Einstein results in an improvement in cognitive task performance and a decrease in age bias},
  author={Banakou, Domna and Kishore, Sameer and Slater, Mel},
  journal={Frontiers in psychology},
  volume={9},
  pages={917},
  year={2018},
  publisher={Frontiers Media SA}
}

@article{hershfield2011increasing,
  title={Increasing saving behavior through age-progressed renderings of the future self},
  author={Hershfield, Hal E and Goldstein, Daniel G and Sharpe, William F and Fox, Jesse and Yeykelis, Leo and Carstensen, Laura L and Bailenson, Jeremy N},
  journal={Journal of marketing research},
  volume={48},
  number={SPL},
  pages={S23--S37},
  year={2011},
  publisher={SAGE Publications Sage CA: Los Angeles, CA}
}


@article{tajadura2017embodiment,
  title={Embodiment in a child-like talking virtual body influences object size perception, self-identification, and subsequent real speaking},
  author={Tajadura-Jim{\'e}nez, Ana and Banakou, Domna and Bianchi-Berthouze, Nadia and Slater, Mel},
  journal={Scientific reports},
  volume={7},
  number={1},
  pages={9637},
  year={2017},
  publisher={Nature Publishing Group UK London}
}


@article{hughes2013like,
  title={I like my voice better: Self-enhancement bias in perceptions of voice attractiveness},
  author={Hughes, Susan M and Harrison, Marissa A},
  journal={Perception},
  volume={42},
  number={9},
  pages={941--949},
  year={2013},
  publisher={SAGE Publications Sage UK: London, England}
}

@article{kimura2018auditory,
  title={Auditory traits of" own voice"},
  author={Kimura, Marino and Yotsumoto, Yuko},
  journal={PloS one},
  volume={13},
  number={6},
  pages={e0199443},
  year={2018},
  publisher={Public Library of Science San Francisco, CA USA}
}


@article{rogers1977self,
  title={Self-reference and the encoding of personal information.},
  author={Rogers, Timothy B and Kuiper, Nicholas A and Kirker, William S},
  journal={Journal of personality and social psychology},
  volume={35},
  number={9},
  pages={677},
  year={1977},
  publisher={American Psychological Association}
}

@article{holmes2018familiar,
  title={Familiar voices are more intelligible, even if they are not recognized as familiar},
  author={Holmes, Emma and Domingo, Ysabel and Johnsrude, Ingrid S},
  journal={Psychological science},
  volume={29},
  number={10},
  pages={1575--1583},
  year={2018},
  publisher={Sage Publications Sage CA: Los Angeles, CA}
}

@article{england2021effects,
  title={The Effects of Voice Familiarity on Attention and Memory During the Dichotic Listening Test},
  author={England, Marina},
  year={2021},
  publisher={Keyhole Press, The University of Tampa}
}

@article{reeves1996media,
  title={The media equation: How people treat computers, television, and new media like real people},
  author={Reeves, Byron and Nass, Clifford},
  journal={Cambridge, UK},
  volume={10},
  number={10},
  pages={19--36},
  year={1996}
}

@inproceedings{nass1995can,
  title={Can computer personalities be human personalities?},
  author={Nass, Clifford and Moon, Youngme and Fogg, Brian J and Reeves, Byron and Dryer, Chris},
  booktitle={Conference companion on Human factors in computing systems},
  pages={228--229},
  year={1995}
}


@inproceedings{chen2020generalization,
  title={Generalization of Audio Deepfake Detection.},
  author={Chen, Tianxiang and Kumar, Avrosh and Nagarsheth, Parav and Sivaraman, Ganesh and Khoury, Elie},
  booktitle={Odyssey},
  pages={132--137},
  year={2020}
}

@inproceedings{zhou2021joint,
  title={Joint audio-visual deepfake detection},
  author={Zhou, Yipin and Lim, Ser-Nam},
  booktitle={Proceedings of the IEEE/CVF International Conference on Computer Vision},
  pages={14800--14809},
  year={2021}
}

@article{rana2022deepfake,
  title={Deepfake detection: A systematic literature review},
  author={Rana, Md Shohel and Nobi, Mohammad Nur and Murali, Beddhu and Sung, Andrew H},
  journal={IEEE access},
  volume={10},
  pages={25494--25513},
  year={2022},
  publisher={IEEE}
}

@article{higgins2024placing,
  title={Placing motivation again at the heart of psychology: Commentary on Dweck’s contributions.},
  author={Higgins, E Tory},
  year={2024},
  publisher={Educational Publishing Foundation}
}

@article{yeager2020can,
  title={What can be learned from growth mindset controversies?},
  author={Yeager, David S and Dweck, Carol S},
  journal={American psychologist},
  volume={75},
  number={9},
  pages={1269},
  year={2020},
  publisher={American Psychological Association}
}

@article{higgins1994ideal,
  title={Ideal versus ought predilections for approach and avoidance distinct self-regulatory systems.},
  author={Higgins, E Tory and Roney, Christopher JR and Crowe, Ellen and Hymes, Charles},
  journal={Journal of personality and social psychology},
  volume={66},
  number={2},
  pages={276},
  year={1994},
  publisher={American Psychological Association}
}

@inproceedings{isaacs2013echoes,
  title={Echoes from the past: how technology mediated reflection improves well-being},
  author={Isaacs, Ellen and Konrad, Artie and Walendowski, Alan and Lennig, Thomas and Hollis, Victoria and Whittaker, Steve},
  booktitle={Proceedings of the SIGCHI conference on human factors in computing systems},
  pages={1071--1080},
  year={2013}
}


@article{aucouturier2016covert,
  title={Covert digital manipulation of vocal emotion alter speakers’ emotional states in a congruent direction},
  author={Aucouturier, Jean-Julien and Johansson, Petter and Hall, Lars and Segnini, Rodrigo and Mercadi{\'e}, Lolita and Watanabe, Katsumi},
  journal={Proceedings of the National Academy of Sciences},
  volume={113},
  number={4},
  pages={948--953},
  year={2016},
  publisher={National Acad Sciences}
}

@article{cutler1997prosody,
  title={Prosody in the comprehension of spoken language: A literature review},
  author={Cutler, Anne and Dahan, Delphine and Van Donselaar, Wilma},
  journal={Language and speech},
  volume={40},
  number={2},
  pages={141--201},
  year={1997},
  publisher={SAGE Publications Sage UK: London, England}
}

@article{stel2012lowering,
  title={Lowering the pitch of your voice makes you feel more powerful and think more abstractly},
  author={Stel, Mari{\"e}lle and Dijk, Eric van and Smith, Pamela K and Dijk, Wilco W van and Djalal, Farah M},
  journal={Social Psychological and Personality Science},
  volume={3},
  number={4},
  pages={497--502},
  year={2012},
  publisher={Sage Publications Sage CA: Los Angeles, CA}
}

@article{hatfield1995impact,
  title={The impact of vocal feedback on emotional experience and expression},
  author={Hatfield, Elaine and Hsee, Christopher K},
  journal={Journal of Social Behavior and Personality},
  volume={10},
  pages={293--313},
  year={1995}
}

@article{bem1972self,
  title={Self-perception theory},
  author={Bem, Daryl J},
  journal={Advances in experimental social psychology},
  volume={6},
  year={1972}
}

@article{kelley1973processes,
  title={The processes of causal attribution.},
  author={Kelley, Harold H},
  journal={American psychologist},
  volume={28},
  number={2},
  pages={107},
  year={1973},
  publisher={American Psychological Association}
}

@inproceedings{costa2016emotioncheck,
  title={EmotionCheck: leveraging bodily signals and false feedback to regulate our emotions},
  author={Costa, Jean and Adams, Alexander T and Jung, Malte F and Guimbreti{\`e}re, Fran{\c{c}}ois and Choudhury, Tanzeem},
  booktitle={Proceedings of the 2016 ACM international joint conference on pervasive and ubiquitous computing},
  pages={758--769},
  year={2016}
}

@inproceedings{lee2021sticky,
  title={Sticky goals: understanding goal commitments for behavioral changes in the wild},
  author={Lee, Hyunsoo and Kim, Auk and Hong, Hwajung and Lee, Uichin},
  booktitle={Proceedings of the 2021 CHI Conference on Human Factors in Computing Systems},
  pages={1--16},
  year={2021}
}

@article{yeager2012mindsets,
  title={Mindsets that promote resilience: When students believe that personal characteristics can be developed},
  author={Yeager, David Scott and Dweck, Carol S},
  journal={Educational psychologist},
  volume={47},
  number={4},
  pages={302--314},
  year={2012},
  publisher={Taylor \& Francis}
}

@article{shah2001regulatory,
  title={Regulatory concerns and appraisal efficiency: the general impact of promotion and prevention.},
  author={Shah, James and Higgins, E Tory},
  journal={Journal of personality and social psychology},
  volume={80},
  number={5},
  pages={693},
  year={2001},
  publisher={American Psychological Association}
}

@inproceedings{lolla2023evaluating,
  title={Evaluating Mobile Apps Targeting Personal Goals},
  author={Lolla, Sruzan and Sas, Corina},
  booktitle={Extended Abstracts of the 2023 CHI Conference on Human Factors in Computing Systems},
  pages={1--7},
  year={2023}
}

@inproceedings{lazar2015we,
  title={Why we use and abandon smart devices},
  author={Lazar, Amanda and Koehler, Christian and Tanenbaum, Theresa Jean and Nguyen, David H},
  booktitle={Proceedings of the 2015 ACM international joint conference on pervasive and ubiquitous computing},
  pages={635--646},
  year={2015}
}

@inproceedings{cho2022reflection,
  title={Reflection in theory and reflection in practice: an exploration of the gaps in reflection support among personal informatics apps},
  author={Cho, Janghee and Xu, Tian and Zimmermann-Niefield, Abigail and Voida, Stephen},
  booktitle={Proceedings of the 2022 CHI Conference on Human Factors in Computing Systems},
  pages={1--23},
  year={2022}
}

@article{rosch2022promoting,
  title={Promoting farsighted decisions via episodic future thinking: A meta-analysis.},
  author={R{\"o}sch, Sarah A and Stramaccia, Davide F and Benoit, Roland G},
  journal={Journal of Experimental Psychology: General},
  volume={151},
  number={7},
  pages={1606},
  year={2022},
  publisher={American Psychological Association}
}

@article{osimo2015conversations,
  title={Conversations between self and self as Sigmund Freud—A virtual body ownership paradigm for self counselling},
  author={Osimo, Sofia Adelaide and Pizarro, Rodrigo and Spanlang, Bernhard and Slater, Mel},
  journal={Scientific reports},
  volume={5},
  number={1},
  pages={13899},
  year={2015},
  publisher={Nature Publishing Group UK London}
}

@article{madden2003delay,
  title={Delay discounting of real and hypothetical rewards.},
  author={Madden, Gregory J and Begotka, Andrea M and Raiff, Bethany R and Kastern, Lana L},
  journal={Experimental and clinical psychopharmacology},
  volume={11},
  number={2},
  pages={139},
  year={2003},
  publisher={American Psychological Association}
}


@article{groh2024human,
  title={Human detection of political speech deepfakes across transcripts, audio, and video},
  author={Groh, Matthew and Sankaranarayanan, Aruna and Singh, Nikhil and Kim, Dong Young and Lippman, Andrew and Picard, Rosalind},
  journal={Nature Communications},
  volume={15},
  number={1},
  pages={7629},
  year={2024},
  publisher={Nature Publishing Group UK London}
}

@article{o2017does,
  title={Does goal relevant episodic future thinking amplify the effect on delay discounting?},
  author={O'Donnell, Sara and Daniel, Tinuke Oluyomi and Epstein, Leonard H},
  journal={Consciousness and cognition},
  volume={51},
  pages={10--16},
  year={2017},
  publisher={Elsevier}
}

@inproceedings{sutton2019voice,
  title={Voice as a design material: Sociophonetic inspired design strategies in human-computer interaction},
  author={Sutton, Selina Jeanne and Foulkes, Paul and Kirk, David and Lawson, Shaun},
  booktitle={Proceedings of the 2019 CHI conference on human factors in computing systems},
  pages={1--14},
  year={2019}
}

@article{jia2018transfer,
  title={Transfer learning from speaker verification to multispeaker text-to-speech synthesis},
  author={Jia, Ye and Zhang, Yu and Weiss, Ron and Wang, Quan and Shen, Jonathan and Ren, Fei and Nguyen, Patrick and Pang, Ruoming and Lopez Moreno, Ignacio and Wu, Yonghui and others},
  journal={Advances in neural information processing systems},
  volume={31},
  year={2018}
}

@article{smith2008brief,
  title={The brief resilience scale: assessing the ability to bounce back},
  author={Smith, Bruce W and Dalen, Jeanne and Wiggins, Kathryn and Tooley, Erin and Christopher, Paulette and Bernard, Jennifer},
  journal={International journal of behavioral medicine},
  volume={15},
  pages={194--200},
  year={2008},
  publisher={Springer}
}

@article{hollenbeck1989investigation,
  title={Investigation of the construct validity of a self-report measure of goal commitment.},
  author={Hollenbeck, John R and Klein, Howard J and O'Leary, Anne M and Wright, Patrick M},
  journal={Journal of applied psychology},
  volume={74},
  number={6},
  pages={951},
  year={1989},
  publisher={American Psychological Association}
}

@article{wenzel2017basic,
  title={Basic strategies of cognitive behavioral therapy},
  author={Wenzel, Amy},
  journal={Psychiatric Clinics},
  volume={40},
  number={4},
  pages={597--609},
  year={2017},
  publisher={Elsevier}
}

@article{abd2021perceptions,
  title={Perceptions and opinions of patients about mental health chatbots: scoping review},
  author={Abd-Alrazaq, Alaa A and Alajlani, Mohannad and Ali, Nashva and Denecke, Kerstin and Bewick, Bridgette M and Househ, Mowafa},
  journal={Journal of medical Internet research},
  volume={23},
  number={1},
  pages={e17828},
  year={2021},
  publisher={JMIR Publications Toronto, Canada}
}

@article{benda2024patient,
  title={Patient Perspectives on AI for Mental Health Care: Cross-Sectional Survey Study},
  author={Benda, Natalie and Desai, Pooja and Reza, Zayan and Zheng, Anna and Kumar, Shiveen and Harkins, Sarah and Hermann, Alison and Zhang, Yiye and Joly, Rochelle and Kim, Jessica and others},
  journal={JMIR Mental Health},
  volume={11},
  pages={e58462},
  year={2024},
  publisher={JMIR Publications Toronto, Canada}
}


@article{jain2024revealing,
  title={Revealing the source: How awareness alters perceptions of AI and human-generated mental health responses},
  author={Jain, Gagan and Pareek, Samridhi and Carlbring, Per},
  journal={Internet Interventions},
  volume={36},
  pages={100745},
  year={2024},
  publisher={Elsevier}
}

@article{yonatan2024comparing,
  title={Comparing perceived empathy and intervention strategies of an AI chatbot and human psychotherapists in online mental health support},
  author={Yonatan-Leus, Refael and Brukner, Hadas},
  journal={Counselling and Psychotherapy Research},
  year={2024},
  publisher={Wiley Online Library}
}

@article{li2024skill,
  title={Skill but not effort drive gpt overperformance over humans in cognitive reframing of negative scenarios},
  author={Li, Joanna Zun and Herderich, Alina and Goldenberg, Amit},
  year={2024},
  publisher={OSF}
}

@article{dweck2019mindsets,
  title={Mindsets: A view from two eras},
  author={Dweck, Carol S and Yeager, David S},
  journal={Perspectives on Psychological science},
  volume={14},
  number={3},
  pages={481--496},
  year={2019},
  publisher={Sage Publications Sage CA: Los Angeles, CA}
}

@article{duckworth2007grit,
  title={Grit: perseverance and passion for long-term goals.},
  author={Duckworth, Angela L and Peterson, Christopher and Matthews, Michael D and Kelly, Dennis R},
  journal={Journal of personality and social psychology},
  volume={92},
  number={6},
  pages={1087},
  year={2007},
  publisher={American Psychological Association}
}

@inproceedings{li2023exploring,
  title={Exploring Design Opportunities for Reflective Conversational Agents to Reduce Compulsive Smartphone Use},
  author={Li, Zhuoyang and Liang, Minhui and Le, Hai Trung and Lc, Ray and Luo, Yuhan},
  booktitle={Proceedings of the 5th International Conference on Conversational User Interfaces},
  pages={1--6},
  year={2023}
}

@inproceedings{nepal2024contextual,
  title={Contextual AI Journaling: Integrating LLM and Time Series Behavioral Sensing Technology to Promote Self-Reflection and Well-being using the MindScape App},
  author={Nepal, Subigya and Pillai, Arvind and Campbell, William and Massachi, Talie and Choi, Eunsol Soul and Xu, Xuhai and Kuc, Joanna and Huckins, Jeremy F and Holden, Jason and Depp, Colin and others},
  booktitle={Extended Abstracts of the CHI Conference on Human Factors in Computing Systems},
  pages={1--8},
  year={2024}
}

@article{song2024exploreself,
  title={ExploreSelf: Fostering User-driven Exploration and Reflection on Personal Challenges with Adaptive Guidance by Large Language Models},
  author={Song, Inhwa and Park, SoHyun and Pendse, Sachin R and Schleider, Jessica Lee and De Choudhury, Munmun and Kim, Young-Ho},
  journal={arXiv preprint arXiv:2409.09662},
  year={2024}
}

@inproceedings{kim2024mindfuldiary,
  title={MindfulDiary: Harnessing Large Language Model to Support Psychiatric Patients' Journaling},
  author={Kim, Taewan and Bae, Seolyeong and Kim, Hyun Ah and Lee, Su-woo and Hong, Hwajung and Yang, Chanmo and Kim, Young-Ho},
  booktitle={Proceedings of the CHI Conference on Human Factors in Computing Systems},
  pages={1--20},
  year={2024}
}

@article{guo2024collaborating,
  title={Collaborating with my Doppelg{\"a}nger: The Effects of Self-similar Appearance and Voice of a Virtual Character during a Jigsaw Puzzle Co-solving Task},
  author={Guo, Siqi and Choi, Minsoo and Kao, Dominic and Mousas, Christos},
  journal={Proceedings of the ACM on Computer Graphics and Interactive Techniques},
  volume={7},
  number={1},
  pages={1--23},
  year={2024},
  publisher={ACM New York, NY, USA}
}

@article{rosi2024effects,
  title={Effects of Self-similarity and Self-Generation on the Perceptual Prioritisation of Voices},
  author={Rosi, Victor and Payne, Bryony and McGettigan, Carolyn},
  year={2024},
  publisher={OSF}
}

@article{kao2021effects,
  title={The effects of a self-similar avatar voice in educational games},
  author={Kao, Dominic and Ratan, Rabindra and Mousas, Christos and Magana, Alejandra J},
  journal={Proceedings of the ACM on Human-Computer Interaction},
  volume={5},
  number={CHI PLAY},
  pages={1--28},
  year={2021},
  publisher={ACM New York, NY, USA}
}

@article{fang2024leveraging,
  title={Leveraging AI-Generated Emotional Self-Voice to Nudge People towards their Ideal Selves},
  author={Fang, Cathy Mengying and Chua, Phoebe and Chan, Samantha and Leong, Joanne and Bao, Andria and Maes, Pattie},
  journal={arXiv preprint arXiv:2409.11531},
  year={2024}
}

@misc{nilsson2020understandingssim,
      title={Understanding SSIM}, 
      author={Jim Nilsson and Tomas Akenine-Möller},
      year={2020},
      eprint={2006.13846},
      archivePrefix={arXiv},
      primaryClass={eess.IV},
      url={https://arxiv.org/abs/2006.13846}, 
}

@article{Banos2014,
  author    = {Banos, O. and Galvez, J. M. and Damas, M. and Pomares, H. and Rojas, I.},
  title     = {Window size impact in human activity recognition},
  journal   = {Sensors (Basel)},
  volume    = {14},
  number    = {4},
  pages     = {6474--6499},
  year      = {2014},
  month     = {Apr},
  doi       = {10.3390/s140406474},
  pmid      = {24721766},
  pmcid     = {PMC4029702}
}


@article{Feldhutter1990,
  author    = {Feldhütter, I. and Schleidt, M. and Eibl-Eibesfeldt, I.},
  title     = {Moving in the beat of seconds: Analysis of the time structure of human action},
  journal   = {Ethology \& Sociobiology},
  volume    = {11},
  number    = {6},
  pages     = {511--520},
  year      = {1990},
  doi       = {10.1016/0162-3095(90)90024-Z},
  url       = {https://doi.org/10.1016/0162-3095(90)90024-Z}
}

@inproceedings{Koppula2013,
  author    = {Koppula, Hema S. and Saxena, Ashutosh},
  title     = {Learning Spatio-Temporal Structure from RGB-D Videos for Human Activity Detection and Anticipation},
  booktitle = {Proceedings of the 30th International Conference on Machine Learning},
  series    = {ICML'13},
  year      = {2013},
  location  = {Atlanta, GA, USA},
  pages     = {III-792--III-800},
  publisher = {JMLR.org}
}

@INPROCEEDINGS{6909721,
  author={Poleg, Yair and Arora, Chetan and Peleg, Shmuel},
  booktitle={2014 IEEE Conference on Computer Vision and Pattern Recognition}, 
  title={Temporal Segmentation of Egocentric Videos}, 
  year={2014},
  volume={},
  number={},
  pages={2537-2544},
  keywords={Videos;Vectors;Cameras;Motion segmentation;Legged locomotion;Market research;Head},
  doi={10.1109/CVPR.2014.325}}


@article{10.1016/j.cviu.2021.103252,
author = {Rodin, Ivan and Furnari, Antonino and Mavroeidis, Dimitrios and Farinella, Giovanni Maria},
title = {Predicting the future from first person (egocentric) vision: A survey},
year = {2021},
issue_date = {Oct 2021},
publisher = {Elsevier Science Inc.},
address = {USA},
volume = {211},
number = {C},
issn = {1077-3142},
url = {https://doi.org/10.1016/j.cviu.2021.103252},
doi = {10.1016/j.cviu.2021.103252},
journal = {Comput. Vis. Image Underst.},
month = oct,
numpages = {17},
keywords = {Anticipation, Future prediction, Egocentric vision, First person vision, 65D17, 65D05, 41A10, 41A05}
}

@inproceedings{10.1145/3613904.3642450,
author = {Zulfikar, Wazeer Deen and Chan, Samantha and Maes, Pattie},
title = {Memoro: Using Large Language Models to Realize a Concise Interface for Real-Time Memory Augmentation},
year = {2024},
isbn = {9798400703300},
publisher = {Association for Computing Machinery},
address = {New York, NY, USA},
url = {https://doi.org/10.1145/3613904.3642450},
doi = {10.1145/3613904.3642450},
booktitle = {Proceedings of the 2024 CHI Conference on Human Factors in Computing Systems},
articleno = {450},
numpages = {18},
keywords = {context-aware agent, large language models, memory assistant, minimal interfaces, voice interfaces},
location = {Honolulu, HI, USA},
series = {CHI '24}
}

@inproceedings{Khan2021,
  author    = {Khan, M. and Fernandes, G. and Vaish, A. and Manuja, M. and Maes, P. and Stibe, A.},
  editor    = {Ali, Raian and Lugrin, Jean-Luc and Charles, Fred},
  title     = {Improving Context-Aware Habit-Support Interventions Using Egocentric Visual Contexts},
  booktitle = {Persuasive Technology. PERSUASIVE 2021},
  series    = {Lecture Notes in Computer Science},
  volume    = {12684},
  pages     = {127--139},
  publisher = {Springer, Cham},
  year      = {2021},
  doi       = {10.1007/978-3-030-79460-6_10},
  url       = {https://doi.org/10.1007/978-3-030-79460-6_10}
}

@misc{radford2021learningtransferablevisualmodels,
      title={Learning Transferable Visual Models From Natural Language Supervision}, 
      author={Alec Radford and Jong Wook Kim and Chris Hallacy and Aditya Ramesh and Gabriel Goh and Sandhini Agarwal and Girish Sastry and Amanda Askell and Pamela Mishkin and Jack Clark and Gretchen Krueger and Ilya Sutskever},
      year={2021},
      eprint={2103.00020},
      archivePrefix={arXiv},
      primaryClass={cs.CV},
      url={https://arxiv.org/abs/2103.00020}, 
}

@inproceedings{orzikulova2024time2stop,
  title={Time2Stop: Adaptive and Explainable Human-AI Loop for Smartphone Overuse Intervention},
  author={Orzikulova, Adiba and Xiao, Han and Li, Zhipeng and Yan, Yukang and Wang, Yuntao and Shi, Yuanchun and Ghassemi, Marzyeh and Lee, Sung-Ju and Dey, Anind K and Xu, Xuhai},
  booktitle={Proceedings of the CHI Conference on Human Factors in Computing Systems},
  pages={1--20},
  year={2024}
}

@article{nahum2018just,
  title={Just-in-time adaptive interventions (JITAIs) in mobile health: key components and design principles for ongoing health behavior support},
  author={Nahum-Shani, Inbal and Smith, Shawna N and Spring, Bonnie J and Collins, Linda M and Witkiewitz, Katie and Tewari, Ambuj and Murphy, Susan A},
  journal={Annals of Behavioral Medicine},
  pages={1--17},
  year={2018},
  publisher={Springer}
}

@inproceedings{salber1999context,
  title={The context toolkit: Aiding the development of context-enabled applications},
  author={Salber, Daniel and Dey, Anind K and Abowd, Gregory D},
  booktitle={Proceedings of the SIGCHI conference on Human factors in computing systems},
  pages={434--441},
  year={1999}
}

@article{10.1145/3699759,
author = {Arakawa, Riku and Lehman, Jill Fain and Goel, Mayank},
title = {PrISM-Q\&A: Step-Aware Voice Assistant on a Smartwatch Enabled by Multimodal Procedure Tracking and Large Language Models},
year = {2024},
issue_date = {December 2024},
publisher = {Association for Computing Machinery},
address = {New York, NY, USA},
volume = {8},
number = {4},
url = {https://doi.org/10.1145/3699759},
doi = {10.1145/3699759},
journal = {Proc. ACM Interact. Mob. Wearable Ubiquitous Technol.},
month = nov,
articleno = {180},
numpages = {26},
keywords = {context-aware, large language models, procedure tracking, question answering, task assistance}
}

@article{Gellersen2002,
  author    = {Gellersen, Hans-Werner and Schmidt, Albrecht and Beigl, Michael},
  title     = {Multi-Sensor Context-Awareness in Mobile Devices and Smart Artifacts},
  journal   = {Mobile Networks and Applications},
  volume    = {7},
  number    = {5},
  pages     = {341--351},
  year      = {2002},
  month     = {October},
  doi       = {10.1023/A:1016587515822},
  url       = {https://doi.org/10.1023/A:1016587515822}
}


@article{10.1016/j.ins.2012.12.028,
author = {Wang, Peng and Smeaton, Alan F.},
title = {Using visual lifelogs to automatically characterize everyday activities},
year = {2013},
issue_date = {May, 2013},
publisher = {Elsevier Science Inc.},
address = {USA},
volume = {230},
issn = {0020-0255},
url = {https://doi.org/10.1016/j.ins.2012.12.028},
doi = {10.1016/j.ins.2012.12.028},
journal = {Inf. Sci.},
month = may,
pages = {147–161},
numpages = {15},
keywords = {Wearable camera, SenseCam, Patient monitoring, Lifelogging, Activity classification}
}

@article{Wahl2015WISEglassMC,
  title={WISEglass: multi-purpose context-aware smart eyeglasses},
  author={Florian Wahl and Martin Freund and Oliver Amft},
  journal={Proceedings of the 2015 ACM International Symposium on Wearable Computers},
  year={2015},
  url={https://api.semanticscholar.org/CorpusID:6033133}
}


@misc{lee2024gazepointarcontextawaremultimodalvoice,
      title={GazePointAR: A Context-Aware Multimodal Voice Assistant for Pronoun Disambiguation in Wearable Augmented Reality}, 
      author={Jaewook Lee and Jun Wang and Elizabeth Brown and Liam Chu and Sebastian S. Rodriguez and Jon E. Froehlich},
      year={2024},
      eprint={2404.08213},
      archivePrefix={arXiv},
      primaryClass={cs.HC},
      url={https://arxiv.org/abs/2404.08213}, 
}

@article{10.1145/344949.344988,
author = {Abowd, Gregory D. and Mynatt, Elizabeth D.},
title = {Charting past, present, and future research in ubiquitous computing},
year = {2000},
issue_date = {March 2000},
publisher = {Association for Computing Machinery},
address = {New York, NY, USA},
volume = {7},
number = {1},
issn = {1073-0516},
url = {https://doi.org/10.1145/344949.344988},
doi = {10.1145/344949.344988},
journal = {ACM Trans. Comput.-Hum. Interact.},
month = mar,
pages = {29–58},
numpages = {30},
keywords = {user interfaces, ubiquitous computing, social implications, natural interfaces, everyday computing, evaluation, context-aware applications, capture and access, augmented reality}
}

@article{Khan2019PALAW,
  title={PAL: A Wearable Platform for Real-time, Personalized and Context-Aware Health and Cognition Support},
  author={Mina Khan and Glenn Fernandes and Utkarsh Oggy Sarawgi and Prudhvi Rampey and Pattie Maes},
  journal={ArXiv},
  year={2019},
  volume={abs/1905.01352},
  url={https://api.semanticscholar.org/CorpusID:146120658}
}

@misc{khan2021palintelligenceaugmentationusing,
      title={PAL: Intelligence Augmentation using Egocentric Visual Context Detection}, 
      author={Mina Khan and Pattie Maes},
      year={2021},
      eprint={2105.10735},
      archivePrefix={arXiv},
      primaryClass={cs.CV},
      url={https://arxiv.org/abs/2105.10735}, 
}

@inproceedings{Jia2021,
  author    = {Jia, C. et al.},
  title     = {Scaling Up Visual and Vision-Language Representation Learning With Noisy Text Supervision},
  booktitle = {Proceedings of the International Conference on Machine Learning (ICML)},
  year      = {2021},
  url       = {https://arxiv.org/abs/2102.05918}
}

@inproceedings{Alayrac2022,
  author    = {Alayrac, J. B. et al.},
  title     = {Flamingo: A Visual Language Model for Few-Shot Learning},
  booktitle = {Proceedings of the International Conference on Machine Learning (ICML)},
  year      = {2022},
  url       = {https://arxiv.org/abs/2204.14198}
}
@misc{brown2020languagemodelsfewshotlearners,
      title={Language Models are Few-Shot Learners}, 
      author={Tom B. Brown and Benjamin Mann and Nick Ryder and Melanie Subbiah and Jared Kaplan and Prafulla Dhariwal and Arvind Neelakantan and Pranav Shyam and Girish Sastry and Amanda Askell and Sandhini Agarwal and Ariel Herbert-Voss and Gretchen Krueger and Tom Henighan and Rewon Child and Aditya Ramesh and Daniel M. Ziegler and Jeffrey Wu and Clemens Winter and Christopher Hesse and Mark Chen and Eric Sigler and Mateusz Litwin and Scott Gray and Benjamin Chess and Jack Clark and Christopher Berner and Sam McCandlish and Alec Radford and Ilya Sutskever and Dario Amodei},
      year={2020},
      eprint={2005.14165},
      archivePrefix={arXiv},
      primaryClass={cs.CL},
      url={https://arxiv.org/abs/2005.14165}, 
}

@inproceedings{Chang_2024, series={UIST ’24},
   title={WorldScribe: Towards Context-Aware Live Visual Descriptions},
   url={http://dx.doi.org/10.1145/3654777.3676375},
   DOI={10.1145/3654777.3676375},
   booktitle={Proceedings of the 37th Annual ACM Symposium on User Interface Software and Technology},
   publisher={ACM},
   author={Chang, Ruei-Che and Liu, Yuxuan and Guo, Anhong},
   year={2024},
   month=oct, pages={1–18},
   collection={UIST ’24} }

@misc{openai_vision_guide,
  title = {OpenAI Platform Vision Guide},
  author = {{OpenAI}},
  year = {2025},
  url = {https://platform.openai.com/docs/guides/vision},
  note = {Accessed: 2025-01-21}
}
@misc{openai_gpt4o_2024,
  title = {Hello GPT-4o},
  author = {{OpenAI}},
  year = {2024},
  url = {https://openai.com/index/hello-gpt-4o/},
  note = {Accessed: 2025-01-21}
}

@article{boldu2020aisee,
  title={AiSee: an assistive wearable device to support visually impaired grocery shoppers},
  author={Boldu, Roger and Matthies, Denys JC and Zhang, Haimo and Nanayakkara, Suranga},
  journal={Proceedings of the ACM on Interactive, Mobile, Wearable and Ubiquitous Technologies},
  volume={4},
  number={4},
  pages={1--25},
  year={2020},
  publisher={ACM New York, NY, USA}
}

@book{10.5555/2821575,
author = {Nielsen, Jakob},
title = {Usability Engineering},
year = {1994},
isbn = {9780080520292},
publisher = {Morgan Kaufmann Publishers Inc.},
address = {San Francisco, CA, USA}
}

@misc{GitHub, 
title = {Mira-SDK}, 
url = {https://github.com/<anonymized>}, 
year = {2024}, 
author = {Anonymized}
}

@misc{ElevenLabsVoiceCloning,
  title = {ElevenLabs Voice Cloning},
  url = {https://elevenlabs.io/voice-cloning},
  year = {2025},
  author = {{ElevenLabs}},
  note = {Accessed: 2025-01-23}
}

@article{farb2014mindfulness,
  title={Mindfulness interventions and emotion regulation},
  author={Farb, Norman AS and Anderson, Adam K and Irving, Julie A and Segal, Zindel V},
  journal={Handbook of emotion regulation},
  volume={2},
  pages={548--567},
  year={2014}
}

@article{kabat2015mindfulness,
  title={Mindfulness},
  author={Kabat-Zinn, Jon},
  journal={Mindfulness},
  volume={6},
  number={6},
  pages={1481--1483},
  year={2015},
  publisher={Springer}
}


@article{kabat1982outpatient,
  title={An outpatient program in behavioral medicine for chronic pain patients based on the practice of mindfulness meditation: Theoretical considerations and preliminary results},
  author={Kabat-Zinn, Jon},
  journal={General hospital psychiatry},
  volume={4},
  number={1},
  pages={33--47},
  year={1982},
  publisher={Elsevier}
}

@article{langer1989mindfulness,
  title={Mindfulness Addison-Wesley},
  author={Langer, Ellen J},
  journal={Reading, MA},
  year={1989}
}

@article{gross1998emerging,
  title={The emerging field of emotion regulation: An integrative review},
  author={Gross, James J},
  journal={Review of general psychology},
  volume={2},
  number={3},
  pages={271--299},
  year={1998},
  publisher={SAGE Publications Sage CA: Los Angeles, CA}
}



@article{sheeran2016intention,
  title={The intention--behavior gap},
  author={Sheeran, Paschal and Webb, Thomas L},
  journal={Social and personality psychology compass},
  volume={10},
  number={9},
  pages={503--518},
  year={2016},
  publisher={Wiley Online Library}
}

@article{beck1970cognitive,
  title={Cognitive therapy: Nature and relation to behavior therapy},
  author={Beck, Aaron T},
  journal={Behavior therapy},
  volume={1},
  number={2},
  pages={184--200},
  year={1970},
  publisher={Elsevier}
}

@article{mckay2019using,
  title={Using health and well-being apps for behavior change: a systematic search and rating of apps},
  author={McKay, Fiona H and Wright, Annemarie and Shill, Jane and Stephens, Hugh and Uccellini, Mary},
  journal={JMIR mHealth and uHealth},
  volume={7},
  number={7},
  pages={e11926},
  year={2019},
  publisher={JMIR Publications Toronto, Canada}
}

@article{thomas2021systematic,
  title={Systematic review of context-aware digital behavior change interventions to improve health},
  author={Thomas Craig, Kelly J and Morgan, Laura C and Chen, Ching-Hua and Michie, Susan and Fusco, Nicole and Snowdon, Jane L and Scheufele, Elisabeth and Gagliardi, Thomas and Sill, Stewart},
  journal={Translational behavioral medicine},
  volume={11},
  number={5},
  pages={1037--1048},
  year={2021},
  publisher={Oxford University Press US}
}

@article{milne2020mobile,
  title={Mobile apps for health behavior change in physical activity, diet, drug and alcohol use, and mental health: systematic review},
  author={Milne-Ives, Madison and Lam, Ching and De Cock, Caroline and Van Velthoven, Michelle Helena and Meinert, Edward and others},
  journal={JMIR mHealth and uHealth},
  volume={8},
  number={3},
  pages={e17046},
  year={2020},
  publisher={JMIR Publications Inc., Toronto, Canada}
}

@article{rieder2021users,
  title={Why users comply with Wearables: The role of contextual self-efficacy in behavioral change},
  author={Rieder, Annamina and Eseryel, U Yeliz and Lehrer, Christiane and Jung, Reinhard},
  journal={International Journal of Human--Computer Interaction},
  volume={37},
  number={3},
  pages={281--294},
  year={2021},
  publisher={Taylor \& Francis}
}

@article{teasdale2000prevention,
  title={Prevention of relapse/recurrence in major depression by mindfulness-based cognitive therapy.},
  author={Teasdale, John D and Segal, Zindel V and Williams, J Mark G and Ridgeway, Valerie A and Soulsby, Judith M and Lau, Mark A},
  journal={Journal of consulting and clinical psychology},
  volume={68},
  number={4},
  pages={615},
  year={2000},
  publisher={American Psychological Association}
}


@article{bernstein2022human,
  title={Human support in app-based cognitive behavioral therapies for emotional disorders: scoping review},
  author={Bernstein, Emily E and Weingarden, Hilary and Wolfe, Emma C and Hall, Margaret D and Snorrason, Ivar and Wilhelm, Sabine},
  journal={Journal of medical Internet research},
  volume={24},
  number={4},
  pages={e33307},
  year={2022},
  publisher={JMIR Publications Toronto, Canada}
}

@article{rathbone2017assessing,
  title={Assessing the efficacy of mobile health apps using the basic principles of cognitive behavioral therapy: systematic review},
  author={Rathbone, Amy Leigh and Clarry, Laura and Prescott, Julie},
  journal={Journal of medical Internet research},
  volume={19},
  number={11},
  pages={e399},
  year={2017},
  publisher={JMIR Publications Toronto, Canada}
}

@article{kuhn2016cbt,
  title={CBT-I coach: a description and clinician perceptions of a mobile app for cognitive behavioral therapy for insomnia},
  author={Kuhn, Eric and Weiss, Brandon J and Taylor, Katherine L and Hoffman, Julia E and Ramsey, Kelly M and Manber, Rachel and Gehrman, Philip and Crowley, Jill J and Ruzek, Josef I and Trockel, Mickey},
  journal={Journal of clinical sleep medicine},
  volume={12},
  number={4},
  pages={597--606},
  year={2016},
  publisher={American Academy of Sleep Medicine}
}

@inproceedings{terzimehic2019review,
  title={A review \& analysis of mindfulness research in HCI: Framing current lines of research and future opportunities},
  author={Terzimehi{\'c}, Na{\dj}a and H{\"a}uslschmid, Renate and Hussmann, Heinrich and Schraefel, MC},
  booktitle={Proceedings of the 2019 CHI conference on human factors in computing systems},
  pages={1--13},
  year={2019}
}
@inproceedings{Schilit1994,
  author    = {Schilit, Bill and Adams, Norman and Want, Roy},
  title     = {Context-aware computing applications},
  booktitle = {Proceedings of the 1994 First Workshop on Mobile Computing Systems and Applications (WMCSA)},
  pages     = {85--90},
  year      = {1994},
  publisher = {IEEE},
  doi       = {10.1109/WMCSA.1994.16}
}

@article{Dey2001,
  author    = {Dey, Anind K.},
  title     = {Understanding and using context},
  journal   = {Personal and Ubiquitous Computing},
  volume    = {5},
  number    = {1},
  pages     = {4--7},
  year      = {2001},
  doi       = {10.1007/s007790170019}
}


@inproceedings{chwalek2023airspec,
  title={AirSpec: A smart glasses platform, tailored for research in the built environment},
  author={Chwalek, Patrick and Zhong, Sailin and Ramsay, David and Perry, Nathan and Paradiso, Joe},
  booktitle={Adjunct Proceedings of the 2023 ACM International Joint Conference on Pervasive and Ubiquitous Computing \& the 2023 ACM International Symposium on Wearable Computing},
  pages={204--204},
  year={2023}
}

@inproceedings{zulfikar2024memic,
  title={MeMic: Towards Social Acceptability of User-Only Speech Recording Wearables},
  author={Zulfikar, Wazeer Deen and Pierce, Cayden and Maes, Pattie},
  booktitle={Extended Abstracts of the CHI Conference on Human Factors in Computing Systems},
  pages={1--9},
  year={2024}
}


@inproceedings{zulfikar2024memoro,
  title={Memoro: Using Large Language Models to Realize a Concise Interface for Real-Time Memory Augmentation},
  author={Zulfikar, Wazeer Deen and Chan, Samantha and Maes, Pattie},
  booktitle={Proceedings of the CHI Conference on Human Factors in Computing Systems},
  pages={1--18},
  year={2024}
}