@inproceedings{andreas2014grounding,
  title={Grounding language with points and paths in continuous spaces},
  author={Andreas, Jacob and Klein, Dan},
  booktitle={Proceedings of the Eighteenth Conference on Computational Natural Language Learning},
  pages={58--67},
  year={2014}
}

@article{asada1989automatic,
  title={Automatic program generation from teaching data for the hybrid control of robots},
  author={Asada, Haruhiko and Izumi, Haruo},
  journal={IEEE Transactions on robotics and automation},
  volume={5},
  number={2},
  pages={166--173},
  year={1989},
  publisher={IEEE}
}

@article{haddadin2017robot,
  title={Robot collisions: A survey on detection, isolation, and identification},
  author={Haddadin, Sami and De Luca, Alessandro and Albu-Sch{\"a}ffer, Alin},
  journal={IEEE Transactions on Robotics},
  volume={33},
  number={6},
  pages={1292--1312},
  year={2017},
  publisher={IEEE}
}

@inproceedings{holladay2019force,
  title={Force-and-motion constrained planning},
  author={Holladay, Rachel and Lozano-P{\'e}rez, Tom{\'a}s and Rodriguez, Alberto},
  booktitle={2019 IEEE/RSJ international conference on intelligent robots and systems (IROS)},
  pages={7409--7416},
  year={2019},
  organization={IEEE}
}

@article{holladay2024robust,
  title={Robust planning for multi-stage forceful manipulation},
  author={Holladay, Rachel and Lozano-P{\'e}rez, Tom{\'a}s and Rodriguez, Alberto},
  journal={The International Journal of Robotics Research},
  volume={43},
  number={3},
  pages={330--353},
  year={2024},
  publisher={SAGE Publications Sage UK: London, England}
}


  title={Robust planning for multi-stage forceful manipulation},
  author={Holladay, Rachel and Lozano-P{\'e}rez, Tom{\'a}s and Rodriguez, Alberto},
  journal={The International Journal of Robotics Research},
  volume={43},
  number={3},
  pages={330--353},
  year={2024},
  publisher={SAGE Publications Sage UK: London, England}
}

@article{kazerooni1993human,
  title={Human-robot interaction via the transfer of power and information signals},
  author={Kazerooni, Homayoon},
  journal={IEEE Transactions on Systems, Man, and Cybernetics},
  volume={23},
  number={3},
  pages={681--697},
  year={1993},
  publisher={IEEE}
}

@article{lee2015learning,
  title={A robot learning from demonstration framework to perform force-based manipulation tasks},
  author={Rozo, Leonel and Jim{\'e}nez, Pablo and Torras, Carme},
  journal={Intelligent service robotics},
  volume={6},
  number={1},
  pages={33--51},
  year={2013},
  publisher={Springer}
}

@inproceedings{lee2019making,
  title={Making sense of vision and touch: Self-supervised learning of multimodal representations for contact-rich tasks},
  author={Lee, Michelle A and Zhu, Yuke and Srinivasan, Krishnan and Shah, Parth and Savarese, Silvio and Fei-Fei, Li and Garg, Animesh and Bohg, Jeannette},
  booktitle={2019 International Conference on Robotics and Automation (ICRA)},
  pages={8943--8950},
  year={2019},
  organization={IEEE}
}

@article{lynch2020language,
  title={Language-conditioned goal generation: a new approach to language grounding for RL},
  author={Colas, C{\'e}dric and Akakzia, Ahmed and Oudeyer, Pierre-Yves and Chetouani, Mohamed and Sigaud, Olivier},
  journal={arXiv preprint arXiv:2006.07043},
  year={2020}
}

@article{matuszek2018grounded,
  title={Grounded language learning: Where robotics and NLP meet},
  author={Matuszek, Cynthia},
  journal={International Joint Conference on Artificial Intelligence},
  pages={5687--5691},
  year={2018}
}

@inproceedings{peternel2018robot,
  title={Robot adaptation to human physical fatigue in human--robot co-manipulation},
  author={Peternel, Luka et al.},
  booktitle={2018 IEEE International Conference on Intelligent Robots and Systems (IROS)},
  year={2018},
  organization={IEEE}
}

@article{tellex2011understanding,
  title={Understanding natural language commands for robotic navigation and mobile manipulation},
  author={Tellex, Stefanie and Kollar, Thomas and Dickerson, Steven and Walter, Matthew R and Banerjee, Ashis Gopal and Teller, Seth and Roy, Nicholas},
  journal={AAAI Conference on Artificial Intelligence},
  year={2011}
}

@inproceedings{zhang2019neural,
  title={Neural-symbolic learning and reasoning},
  author={Zhang, Ce and Bengio, Yoshua and Hardt, Moritz and Recht, Benjamin and Vinyals, Oriol},
  booktitle={2019 Conference on Neural Information Processing Systems},
  year={2019}
}

