@article{kazerooni1993human,
  title={Human-robot interaction via the transfer of power and information signals},
  author={Kazerooni, Homayoon},
  journal={IEEE Transactions on Systems, Man, and Cybernetics},
  volume={23},
  number={3},
  pages={681--697},
  year={1993},
  publisher={IEEE}
}


@article{lee2015learning,
  title={A robot learning from demonstration framework to perform force-based manipulation tasks},
  author={Rozo, Leonel and Jim{\'e}nez, Pablo and Torras, Carme},
  journal={Intelligent service robotics},
  volume={6},
  number={1},
  pages={33--51},
  year={2013},
  publisher={Springer}
}


@article{haddadin2017robot,
  title={Robot collisions: A survey on detection, isolation, and identification},
  author={Haddadin, Sami and De Luca, Alessandro and Albu-Sch{\"a}ffer, Alin},
  journal={IEEE Transactions on Robotics},
  volume={33},
  number={6},
  pages={1292--1312},
  year={2017},
  publisher={IEEE}
}

@inproceedings{peternel2018robot,
  title={Robot adaptation to human physical fatigue in human--robot co-manipulation},
  author={Peternel, Luka et al.},
  booktitle={2018 IEEE International Conference on Intelligent Robots and Systems (IROS)},
  year={2018},
  organization={IEEE}
}

@article{tellex2011understanding,
  title={Understanding natural language commands for robotic navigation and mobile manipulation},
  author={Tellex, Stefanie and Kollar, Thomas and Dickerson, Steven and Walter, Matthew R and Banerjee, Ashis Gopal and Teller, Seth and Roy, Nicholas},
  journal={AAAI Conference on Artificial Intelligence},
  year={2011}
}

@article{matuszek2018grounded,
  title={Grounded language learning: Where robotics and NLP meet},
  author={Matuszek, Cynthia},
  journal={International Joint Conference on Artificial Intelligence},
  pages={5687--5691},
  year={2018}
}

@article{lynch2020language,
  title={Language-conditioned goal generation: a new approach to language grounding for RL},
  author={Colas, C{\'e}dric and Akakzia, Ahmed and Oudeyer, Pierre-Yves and Chetouani, Mohamed and Sigaud, Olivier},
  journal={arXiv preprint arXiv:2006.07043},
  year={2020}
}


@inproceedings{lee2019making,
  title={Making sense of vision and touch: Self-supervised learning of multimodal representations for contact-rich tasks},
  author={Lee, Michelle A and Zhu, Yuke and Srinivasan, Krishnan and Shah, Parth and Savarese, Silvio and Fei-Fei, Li and Garg, Animesh and Bohg, Jeannette},
  booktitle={2019 International Conference on Robotics and Automation (ICRA)},
  pages={8943--8950},
  year={2019},
  organization={IEEE}
}

@inproceedings{zhang2019neural,
  title={Neural-symbolic learning and reasoning},
  author={Zhang, Ce and Bengio, Yoshua and Hardt, Moritz and Recht, Benjamin and Vinyals, Oriol},
  booktitle={2019 Conference on Neural Information Processing Systems},
  year={2019}
}

@article{smith2020bridging,
  title={Inductive biases for deep learning of higher-level cognition},
  author={Goyal, Anirudh and Bengio, Yoshua},
  journal={Proceedings of the Royal Society A},
  volume={478},
  number={2266},
  pages={20210068},
  year={2022},
  publisher={The Royal Society}
}


@inproceedings{andreas2014grounding,
  title={Grounding language with points and paths in continuous spaces},
  author={Andreas, Jacob and Klein, Dan},
  booktitle={Proceedings of the Eighteenth Conference on Computational Natural Language Learning},
  pages={58--67},
  year={2014}
}

@article{chen2020simple,
  title={A simple framework for contrastive learning of visual representations},
  author={Chen, Ting and Kornblith, Simon and Norouzi, Mohammad and Hinton, Geoffrey},
  journal={International Conference on Machine Learning},
  pages={1597--1607},
  year={2020}
}

@inproceedings{park2018multimodal,
  title={Multimodal execution monitoring for anomaly detection during robot manipulation},
  author={Park, Daehyung and Hoshi, Yuuna and Kemp, Charles C},
  booktitle={2018 IEEE International Conference on Robotics and Automation (ICRA)},
  pages={5164--5171},
  year={2018},
  organization={IEEE}
}

@inproceedings{thomason2019improving,
  title={Improving grounded natural language understanding through human-robot dialog},
  author={Thomason, Jesse and Zhang, Shiqi and Mooney, Raymond J and Stone, Peter},
  booktitle={2019 International Conference on Robotics and Automation (ICRA)},
  pages={6934--6941},
  year={2019},
  organization={IEEE}
}

@inproceedings{holladay2019force,
  title={Force-and-motion constrained planning},
  author={Holladay, Rachel and Lozano-P{\'e}rez, Tom{\'a}s and Rodriguez, Alberto},
  booktitle={2019 IEEE/RSJ international conference on intelligent robots and systems (IROS)},
  pages={7409--7416},
  year={2019},
  organization={IEEE}
}

@article{holladay2024robust,
  title={Robust planning for multi-stage forceful manipulation},
  author={Holladay, Rachel and Lozano-P{\'e}rez, Tom{\'a}s and Rodriguez, Alberto},
  journal={The International Journal of Robotics Research},
  volume={43},
  number={3},
  pages={330--353},
  year={2024},
  publisher={SAGE Publications Sage UK: London, England}
}


  title={Robust planning for multi-stage forceful manipulation},
  author={Holladay, Rachel and Lozano-P{\'e}rez, Tom{\'a}s and Rodriguez, Alberto},
  journal={The International Journal of Robotics Research},
  volume={43},
  number={3},
  pages={330--353},
  year={2024},
  publisher={SAGE Publications Sage UK: London, England}
}

@article{asada1989automatic,
  title={Automatic program generation from teaching data for the hybrid control of robots},
  author={Asada, Haruhiko and Izumi, Haruo},
  journal={IEEE Transactions on robotics and automation},
  volume={5},
  number={2},
  pages={166--173},
  year={1989},
  publisher={IEEE}
}

@inproceedings{pennington2014glove,
  author = {Jeffrey Pennington and Richard Socher and Christopher D. Manning},
  booktitle = {Empirical Methods in Natural Language Processing (EMNLP)},
  title = {GloVe: Global Vectors for Word Representation},
  year = {2014},
  pages = {1532--1543},
  url = {http://www.aclweb.org/anthology/D14-1162},
}

@article{mikolov2013efficient,
  title={Efficient estimation of word representations in vector space},
  author={Mikolov, Tomas and Chen, Kai and Corrado, Greg and Dean, Jeffrey},
  journal={arXiv preprint arXiv:1301.3781},
  year={2013}
}

@inproceedings{rt12022arxiv,
    title={RT-1: Robotics Transformer for Real-World Control at Scale},
    author={Anthony	Brohan and  Noah Brown and  Justice Carbajal and  Yevgen Chebotar and  Joseph Dabis and  Chelsea Finn and  Keerthana Gopalakrishnan and  Karol Hausman and  Alex Herzog and  Jasmine Hsu and  Julian Ibarz and  Brian Ichter and  Alex Irpan and  Tomas Jackson and  Sally Jesmonth and  Nikhil Joshi and  Ryan Julian and  Dmitry Kalashnikov and  Yuheng Kuang and  Isabel Leal and  Kuang-Huei Lee and  Sergey Levine and  Yao Lu and  Utsav Malla and  Deeksha Manjunath and  Igor Mordatch and  Ofir Nachum and  Carolina Parada and  Jodilyn Peralta and  Emily Perez and  Karl Pertsch and  Jornell Quiambao and  Kanishka Rao and  Michael Ryoo and  Grecia Salazar and  Pannag Sanketi and  Kevin Sayed and  Jaspiar Singh and  Sumedh Sontakke and  Austin Stone and  Clayton Tan and  Huong Tran and  Vincent Vanhoucke and Steve Vega and  Quan Vuong and  Fei Xia and  Ted Xiao and  Peng Xu and  Sichun Xu and  Tianhe Yu and  Brianna Zitkovich},
    booktitle={arXiv preprint arXiv:2212.06817},
    year={2022}
}


@book{craig2009introduction,
  title={Introduction to robotics: mechanics and control},
  author={Craig, John J},
  year={2009},
  publisher={Pearson/Prentice Hall Upper Saddle River}
}

@book{featherstone2014rigid,
  title={Rigid body dynamics algorithms},
  author={Featherstone, Roy},
  year={2014},
  publisher={Springer}
}

\subsection{Architectural Choices}
While more complex architectures like transformers \cite{vaswani2017attention, devlin2018bert} or graph neural networks \cite{kipf2016semi, velivckovic2017graph} could be applied, we deliberately chose a basic encoder-decoder design. The architecture's simplicity allows us to establish clear baselines and focus on the core challenge of force-language mapping without conflating architectural complexity with framework effectiveness. This choice prioritizes interpretability and requires less training data while maintaining efficiency. Our contribution addresses the fundamental challenge of creating meaningful force-language associations rather than architectural innovation.

Citations to add to references:
```latex
@inproceedings{vaswani2017attention,
  title={Attention is all you need},
  author={Vaswani, Ashish and Shazeer, Noam and Parmar, Niki and Uszkoreit, Jakob and Jones, Llion and Gomez, Aidan N and Kaiser, {\L}ukasz and Polosukhin, Illia},
  booktitle={Advances in neural information processing systems},
  year={2017}
}

@article{devlin2018bert,
  title={Bert: Pre-training of deep bidirectional transformers for language understanding},
  author={Devlin, Jacob and Chang, Ming-Wei and Lee, Kenton and Toutanova, Kristina},
  journal={arXiv preprint arXiv:1810.04805},
  year={2018}
}

@article{kipf2016semi,
  title={Semi-supervised classification with graph convolutional networks},
  author={Kipf, Thomas N and Welling, Max},
  journal={arXiv preprint arXiv:1609.02907},
  year={2016}
}

@article{velivckovic2017graph,
  title={Graph attention networks},
  author={Veli{\v{c}}kovi{\'c}, Petar and Cucurull, Guillem and Casanova, Arantxa and Romero, Adriana and Lio, Pietro and Bengio, Yoshua},
  journal={arXiv preprint arXiv:1710.10903},
  year={2017}
}
```

@article{kramer1991nonlinear,
  title={Nonlinear principal component analysis using autoassociative neural networks},
  author={Kramer, Mark A},
  journal={AIChE journal},
  volume={37},
  number={2},
  pages={233--243},
  year={1991},
  publisher={Wiley Online Library}
}

@article{caruana1997multitask,
  title={Multitask learning},
  author={Caruana, Rich},
  journal={Machine learning},
  volume={28},
  pages={41--75},
  year={1997},
  publisher={Springer}
}

@inproceedings{hadsell2006dimensionality,
  title={Dimensionality reduction by learning an invariant mapping},
  author={Hadsell, Raia and Chopra, Sumit and LeCun, Yann},
  booktitle={2006 IEEE computer society conference on computer vision and pattern recognition (CVPR'06)},
  volume={2},
  pages={1735--1742},
  year={2006},
  organization={IEEE}
}

@inproceedings{radford2021learning,
  title={Learning transferable visual models from natural language supervision},
  author={Radford, Alec et al.},
  booktitle={International conference on machine learning},
  year={2021},
  organization={PMLR}
}







@inproceedings{xu2015show,
  title={Show, attend and tell: Neural image caption generation with visual attention},
  author={Xu, Kelvin and Ba, Jimmy and Kiros, Ryan and Cho, Kyunghyun and Courville, Aaron and Salakhudinov, Ruslan and Zemel, Rich and Bengio, Yoshua},
  booktitle={International conference on machine learning},
  year={2015}
}

@inproceedings{anderson2018bottom,
  title={Bottom-up and top-down attention for image captioning and visual question answering},
  author={Anderson, Peter and He, Xiaodong and Buehler, Chris and Teney, Damien and Johnson, Mark and Gould, Stephen and Zhang, Lei},
  booktitle={Proceedings of the IEEE conference on computer vision and pattern recognition},
  year={2018}
}

@inproceedings{krishna2017dense,
  title={Dense-captioning events in videos},
  author={Krishna, Ranjay and Hata, Kenji and Ren, Frederic and Fei-Fei, Li and Carlos Niebles, Juan},
  booktitle={Proceedings of the IEEE international conference on computer vision},
  year={2017}
}

@inproceedings{wang2019learning,
  title={Learning to compose topic-aware mixture of experts for zero-shot video captioning},
  author={Wang, Xin and Wu, Jiawei and Chen, Junkun and Li, Lei and Wang, Yuan-Fang and Wang, William Yang},
  booktitle={Proceedings of the AAAI Conference on Artificial Intelligence},
  year={2019}
}

@article{pan2020spatio,
  title={Spatio-temporal graph for video captioning with knowledge distillation},
  author={Pan, Boxiao and Cai, Haoye and Huang, De-An and Lee, Kuan-Hui and Gaidon, Adrien and Adeli, Ehsan and Niebles, Juan Carlos},
  journal={Proceedings of the IEEE/CVF Conference on Computer Vision and Pattern Recognition},
  year={2020}
}

@article{oord2018representation,
  title={Representation learning with contrastive predictive coding},
  author={Oord, Aaron van den and Li, Yazhe and Vinyals, Oriol},
  journal={arXiv preprint arXiv:1807.03748},
  year={2018}
}

@article{kawato1999internal,
  title={Internal models for motor control and trajectory planning},
  author={Kawato, Mitsuo},
  journal={Current opinion in neurobiology},
  volume={9},
  number={6},
  pages={718--727},
  year={1999},
  publisher={Elsevier}
}

@article{irie2021examining,
  title={Examining the effect of adverbs and onomatopoeia on physical movement},
  author={Irie, Keisuke and Zhao, Shuo and Okamoto, Kazuhiro and Liang, Nan},
  journal={Frontiers in Psychology},
  volume={12},
  pages={723602},
  year={2021},
  publisher={Frontiers Media SA}
}

@article{reimers2019sentence,
  title={Sentence-BERT: Sentence Embeddings using Siamese BERT-Networks},
  author={Reimers, N},
  journal={arXiv:1908.10084},
  year={2019}
}

@article{mcgraw1982val,
  title={The VAL language: Description and analysis},
  author={McGraw, James R},
  journal={ACM Transactions on Programming Languages and Systems (TOPLAS)},
  volume={4},
  number={1},
  pages={44--82},
  year={1982},
  publisher={ACM New York, NY, USA}
}

@misc{ur5,
title = {UR5 Robot},
author = {Universal Robots},
howpublished = {\url{https://www.universal-robots.com/products/ur5-robot/}},
release = {2008}
}

@article{beltran2020learning,
  title={Learning force control for contact-rich manipulation tasks with rigid position-controlled robots},
  author={Beltran-Hernandez, Cristian Camilo and Petit, Damien and Ramirez-Alpizar, Ixchel Georgina and Nishi, Takayuki and Kikuchi, Shinichi and Matsubara, Takamitsu and Harada, Kensuke},
  journal={IEEE Robotics and Automation Letters},
  volume={5},
  number={4},
  pages={5709--5716},
  year={2020},
  publisher={IEEE}
}

@article{pang2023global,
  title={Global planning for contact-rich manipulation via local smoothing of quasi-dynamic contact models},
  author={Pang, Tao and Suh, HJ Terry and Yang, Lujie and Tedrake, Russ},
  journal={IEEE Transactions on robotics},
  year={2023},
  publisher={IEEE}
}


@article{liu1992transferring,
  title={Transferring Manipulative Skills to Robots: Representation and Acquisition Manipulative Skills},
  author={Liu, Sheng and Asada, Haruhiko},
  year={1992},
  publisher={The American Society of Mechanical Engineers (ASME)}
}

@inproceedings{atkeson1997robot,
  title={Robot learning from demonstration},
  author={Atkeson, Christopher G and Schaal, Stefan},
  booktitle={ICML},
  year={1997}
}

@inproceedings{ross2010efficient,
  title={Efficient reductions for imitation learning},
  author={Ross, St{\'e}phane and Bagnell, Drew},
  booktitle={Proceedings of the thirteenth international conference on artificial intelligence and statistics},
  pages={661--668},
  year={2010},
  organization={JMLR Workshop and Conference Proceedings}
}


@book{cypher1993watch,
  title={Watch what I do: programming by demonstration},
  author={Cypher, Allen and Halbert, Daniel Conrad},
  year={1993},
  publisher={MIT press}
}