@article{1945The,
  title={The measurement of adult intelligence.},
  author={Cattell, Raymond B},
  journal={Psychological bulletin},
  volume={40},
  number={3},
  pages={153},
  year={1943},
  publisher={American Psychological Association}
}

@article{Cao2023In,
	author={Yuzhou Cao and Hussein Mozannar and Lei Feng and Hongxin Wei and Bo An},
	title={In Defense of Softmax Parametrization for Calibrated and Consistent
  Learning to Defer},
	volume={abs/2311.01106},
	year=2023,
}

@article{Chang2023A,
  title={A Survey on Evaluation of Large Language Models},
  author={Chang, Yupeng and Wang, Xu and Wang, Jindong and Wu, Yuan and Yang, Linyi and Zhu, Kaijie and Chen, Hao and Yi, Xiaoyuan and Wang, Cunxiang and Wang, Yidong and others},
  journal={ACM Transactions on Intelligent Systems and Technology},
  volume={15},
  number={3},
  pages={1--45},
  year={2024},
  publisher={ACM New York, NY}
}

@inproceedings{Cortes2016Learning,
  title={Learning with rejection},
  author={Cortes, Corinna and DeSalvo, Giulia and Mohri, Mehryar},
  booktitle={Algorithmic Learning Theory: 27th International Conference, ALT 2016, Bari, Italy, October 19-21, 2016, Proceedings 27},
  pages={67--82},
  year={2016},
  organization={Springer}
}

@incollection{Goldberg1990An,
  title={An alternative “description of personality”: The Big-Five factor structure},
  author={Goldberg, Lewis R},
  booktitle={Personality and Personality Disorders},
  pages={34--47},
  year={2013},
  publisher={Routledge}
}

@article{Gupta2023Take,
	author={Sumeet Gupta and Shweta Jain and Dr. Shashi Shekhar Jha and Pao-Ann Hsiung and Ming-Hung Wang},
	pages={956-963},
	title={Take Expert Advice Judiciously: Combining Groupwise Calibrated Model Probabilities with Expert Predictions},
	year=2023,
}

@inproceedings{Hemmer2022Forming,
	author={Patrick Hemmer and Sebastian Schellhammer and Michael Vössing and Johannes Jakubik and Gerhard Satzger},
	pages={2478-2484},
	title={Forming Effective Human-AI Teams: Building Machine Learning Models that Complement the Capabilities of Multiple Experts},
        booktitle={International Joint Conference on Artificial Intelligence (IJCAI)},
	year=2022,
}

@inproceedings{Holzinger2019KANDINSKY,
  title={Kandinsky patterns as iq-test for machine learning},
  author={Holzinger, Andreas and Kickmeier-Rust, Michael and M{\"u}ller, Heimo},
  booktitle={Machine Learning and Knowledge Extraction: Third IFIP TC 5, TC 12, WG 8.4, WG 8.9, WG 12.9 International Cross-Domain Conference, CD-MAKE 2019, Canterbury, UK, August 26--29, 2019, Proceedings 3},
  pages={1--14},
  year={2019},
  organization={Springer}
}

@inproceedings{Hussein2020Consistent,
  title={Consistent estimators for learning to defer to an expert},
  author={Mozannar, Hussein and Sontag, David},
  booktitle={International conference on machine learning},
  pages={7076--7087},
  year={2020},
  organization={PMLR}
}

@inproceedings{Is2021Bansal,
  title={Is the most accurate ai the best teammate? optimizing ai for teamwork},
  author={Bansal, Gagan and Nushi, Besmira and Kamar, Ece and Horvitz, Eric and Weld, Daniel S},
  booktitle={Proceedings of the AAAI Conference on Artificial Intelligence},
  volume={35},
  number={13},
  pages={11405--11414},
  year={2021}
}

@article{Kim2021Exploring,
  title={Exploring the spatial reasoning ability of neural models in human IQ tests},
  author={Kim, Hyunjae and Koh, Yookyung and Baek, Jinheon and Kang, Jaewoo},
  journal={Neural Networks},
  volume={140},
  pages={27--38},
  year={2021},
  publisher={Elsevier}
}

@inproceedings{Liu2019How,
  title={How Well Do Machines Perform on IQ tests: a Comparison Study on a Large-Scale Dataset.},
  author={Liu, Yusen and He, Fangyuan and Zhang, Haodi and Rao, Guozheng and Feng, Zhiyong and Zhou, Yi},
  booktitle={IJCAI},
  pages={6110--6116},
  year={2019}
}

@inproceedings{Mao2023Principled,
  title={Principled approaches for learning to defer with multiple experts},
  author={Mao, Anqi and Mohri, Mehryar and Zhong, Yutao},
  booktitle={International Workshop on Combinatorial Image Analysis},
  pages={107--135},
  year={2024},
  organization={Springer}
}

@article{Mao2023Two,
	author={Anqi Mao and Christopher Mohri and Mehryar Mohri and Yutao Zhong },
	title={Two-Stage Learning to Defer with Multiple Experts.},
	year=2023,
}

@article{Mayer2001Emotional,
  title={Emotional intelligence as a standard intelligence},
  author={Salovey, Peter and Caruso, David R and Sitarenios, Gill and others},
  journal={Emotion},
  volume={1},
  number={3},
  pages={232--242},
  year={2001},
  publisher={American Psychological Association}
}

@article{Myers1999MBTI,
	author={I. B. Mccaulley Myers and M. H. Quenk and A. L. Hammer},
	title={MBTI Manual: a guide to the development and use of the Myers-Briggs type indicator},
	year=1999,
}

@article{Predict2018Madras,
  title={Predict responsibly: improving fairness and accuracy by learning to defer},
  author={Madras, David and Pitassi, Toni and Zemel, Richard},
  journal={Advances in neural information processing systems},
  volume={31},
  year={2018}
}

@inproceedings{Singh2023On,
  title={On subset selection of multiple humans to improve human-AI team accuracy},
  author={Singh, Sagalpreet and Jain, Shweta and Jha, Shashi Shekhar},
  booktitle={Proceedings of the 2023 international conference on autonomous agents and multiagent systems},
  pages={317--325},
  year={2023}
}

@article{Zhang2023A,
  title={A survey on learning to reject},
  author={Zhang, Xu-Yao and Xie, Guo-Sen and Li, Xiuli and Mei, Tao and Liu, Cheng-Lin},
  journal={Proceedings of the IEEE},
  volume={111},
  number={2},
  pages={185--215},
  year={2023},
  publisher={IEEE}
}

@article{da2020harnessing,
  title={Harnessing the wisdom of crowds},
  author={Da, Zhi and Huang, Xing},
  journal={Management Science},
  volume={66},
  number={5},
  pages={1847--1867},
  year={2020},
  publisher={INFORMS}
}

@article{he2022wisdom,
  title={The wisdom of model crowds},
  author={He, Lisheng and Analytis, Pantelis P and Bhatia, Sudeep},
  journal={Management Science},
  volume={68},
  number={5},
  pages={3635--3659},
  year={2022},
  publisher={INFORMS}
}

@article{kerrigan2021combining,
  title={Combining human predictions with model probabilities via confusion matrices and calibration},
  author={Kerrigan, Gavin and Smyth, Padhraic and Steyvers, Mark},
  journal={Advances in Neural Information Processing Systems (NeurIPS)},
  volume={34},
  pages={4421--4434},
  year={2021}
}

@article{lamberson2012optimal,
  title={Optimal forecasting groups},
  author={Lamberson, PJ and Page, Scott E},
  journal={Management Science},
  volume={58},
  number={4},
  pages={805--810},
  year={2012},
  publisher={INFORMS}
}

@article{mao2024two,
  title={Two-stage learning to defer with multiple experts},
  author={Mao, Anqi and Mohri, Christopher and Mohri, Mehryar and Zhong, Yutao},
  journal={Advances in neural information processing systems},
  volume={36},
  year={2024}
}

@article{pittenger1993measuring,
  title={Measuring the MBTI… and coming up short},
  author={Pittenger, David J},
  journal={Journal of Career Planning and Employment},
  volume={54},
  number={1},
  pages={48--52},
  year={1993}
}

@article{steyvers2022bayesian,
  title={Bayesian modeling of human--AI complementarity},
  author={Steyvers, Mark and Tejeda, Heliodoro and Kerrigan, Gavin and Smyth, Padhraic},
  journal={Proceedings of the National Academy of Sciences},
  volume={119},
  number={11},
  pages={e2111547119},
  year={2022},
  publisher={National Acad Sciences}
}

@inproceedings{verma2022calibrated,
  title={Calibrated learning to defer with one-vs-all classifiers},
  author={Verma, Rajeev and Nalisnick, Eric},
  booktitle={International Conference on Machine Learning},
  pages={22184--22202},
  year={2022},
  organization={PMLR}
}

@article{vodrahalli2022uncalibrated,
  title={Uncalibrated models can improve human-ai collaboration},
  author={Vodrahalli, Kailas and Gerstenberg, Tobias and Zou, James Y},
  journal={Advances in Neural Information Processing Systems},
  volume={35},
  pages={4004--4016},
  year={2022}
}

@inproceedings{zou2024,
  title={Balancing Humans and Machines: A Study on Integration Scale and Its Impact on Collaborative Performance},
  author={Zou, Rui and Liu, Sannyuya and Luo, Yawei and Liu, Yaqi and Feng, Jintian and Wei, Mengqi and Sun, Jianwen},
  booktitle={Proceedings of the AAAI Conference on Artificial Intelligence},
  volume={38},
  number={16},
  pages={17628--17636},
  year={2024}
}

