
@inproceedings{zou2024,
  title={Balancing Humans and Machines: A Study on Integration Scale and Its Impact on Collaborative Performance},
  author={Zou, Rui and Liu, Sannyuya and Luo, Yawei and Liu, Yaqi and Feng, Jintian and Wei, Mengqi and Sun, Jianwen},
  booktitle={Proceedings of the AAAI Conference on Artificial Intelligence},
  volume={38},
  number={16},
  pages={17628--17636},
  year={2024}
}

@article{620b19c25aee126c0f7e642f,
	author={Kailas Vodrahalli and Tobias Gerstenberg and James Zou},
	title={Uncalibrated Models Can Improve Human-AI Collaboration},
	year=2022,
}

@inproceedings{60cb0fa491e011b3293743a8,
	author={Matthias Minderer and Josip Djolonga and Rob Romijnders and Frances Hubis and Xiaohua Zhai and Neil Houlsby and Dustin Tran and Mario Lucic},
	pages={15682-15694},
	title={Revisiting the Calibration of Modern Neural Networks.},
	volume=34,
	year=2021,
}

@article{kerrigan2021combining,
  title={Combining human predictions with model probabilities via confusion matrices and calibration},
  author={Kerrigan, Gavin and Smyth, Padhraic and Steyvers, Mark},
  journal={Advances in Neural Information Processing Systems (NeurIPS)},
  volume={34},
  pages={4421--4434},
  year={2021}
}

@article{Predict2018Madras,
  title={Predict responsibly: improving fairness and accuracy by learning to defer},
  author={Madras, David and Pitassi, Toni and Zemel, Richard},
  journal={Advances in neural information processing systems},
  volume={31},
  year={2018}
}

@article{Krishnamurthy2023Enhancing,
  title={Enhancing the reliability and accuracy of AI-enabled diagnosis via complementarity-driven deferral to clinicians},
  author={Dvijotham, Krishnamurthy and Winkens, Jim and Barsbey, Melih and Ghaisas, Sumedh and Stanforth, Robert and Pawlowski, Nick and Strachan, Patricia and Ahmed, Zahra and Azizi, Shekoofeh and Bachrach, Yoram and others},
  journal={Nature Medicine},
  volume={29},
  number={7},
  pages={1814--1820},
  year={2023},
  publisher={Nature Publishing Group US New York}
}


@inproceedings{verma2022calibrated,
  title={Calibrated learning to defer with one-vs-all classifiers},
  author={Verma, Rajeev and Nalisnick, Eric},
  booktitle={International Conference on Machine Learning},
  pages={22184--22202},
  year={2022},
  organization={PMLR}
}

@inproceedings{Hemmer2022Forming,
	author={Patrick Hemmer and Sebastian Schellhammer and Michael Vössing and Johannes Jakubik and Gerhard Satzger},
	pages={2478-2484},
	title={Forming Effective Human-AI Teams: Building Machine Learning Models that Complement the Capabilities of Multiple Experts},
        booktitle={International Joint Conference on Artificial Intelligence (IJCAI)},
	year=2022,
}

@inproceedings{Chuan2017On,
	author={Chuan Guo and Geoff Pleiss and Yu Sun and Kilian Q. Weinberger},
	pages={1321-1330},
	title={On Calibration of Modern Neural Networks},
        booktitle={International Conference on Machine Learning (ICML)},
	year=2017,
}

@inproceedings{Hussein2020Consistent,
  title={Consistent estimators for learning to defer to an expert},
  author={Mozannar, Hussein and Sontag, David},
  booktitle={International conference on machine learning},
  pages={7076--7087},
  year={2020},
  organization={PMLR}
}

@article{Gupta2023Take,
	author={Sumeet Gupta and Shweta Jain and Dr. Shashi Shekhar Jha and Pao-Ann Hsiung and Ming-Hung Wang},
	pages={956-963},
	title={Take Expert Advice Judiciously: Combining Groupwise Calibrated Model Probabilities with Expert Predictions},
	year=2023,
}

@article{Rastogi2022Deciding,
	author={Charvi Rastogi and Yunfeng Zhang and Dennis Wei and Kush R. Varshney and Amit Dhurandhar and Richard Tomsett},
	pages={1-22},
	title={Deciding Fast and Slow: The Role of Cognitive Biases in AI-assisted Decision-making},
	volume=6,
	year=2022,
}

@article{60015c2391e01163e836a2da,
	author={Han Liu and Vivian Lai and Chenhao Tan},
	pages={1-45},
	title={Understanding the Effect of Out-of-distribution Examples and Interactive Explanations on Human-AI Decision Making.},
	volume=5,
	year=2021,
}

@article{5dc5488edf1a9c0c41511c09,
	author={Ben Green and Yiling Chen},
	pages={1-24},
	title={The Principles and Limits of Algorithm-in-the-Loop Decision Making},
	volume=3,
	year=2019,
}

@article{5d722f6e3a55acd6b877d0aa,
	author={Dakuo Wang and Justin D. Weisz and Michael Muller and Parikshit Ram and Werner Geyer and Casey Dugan and Yla Tausczik and Horst Samulowitz and Alexander Gray},
	pages={211-24},
	title={Human-AI Collaboration in Data Science: Exploring Data Scientists' Perceptions of Automated AI},
	volume=3,
	year=2019,
}

@article{63c8b56b90e50fcafd905adf,
	author={Shuai Ma and Ying Lei and Xinru Wang and Chengbo Zheng and Chuhan Shi and Ming Yin and Xiaojuan Ma},
	pages={759:1-759:19},
	title={Who Should I Trust: AI or Myself? Leveraging Human and AI Correctness
  Likelihood to Promote Appropriate Trust in AI-Assisted Decision-Making},
	year=2023,
}

@article{644a34be582c1376bbccc459,
	author={Qian Yang and Yuexing Hao and Kexin Quan and Stephen Yang and Yiran Zhao and Volodymyr Kuleshov and Fei Wang},
	pages={14:1-14:14},
	title={Harnessing Biomedical Literature to Calibrate Clinicians' Trust in AI Decision Support Systems},
	year=2023,
}

@incollection{Goldberg1990An,
  title={An alternative “description of personality”: The Big-Five factor structure},
  author={Goldberg, Lewis R},
  booktitle={Personality and Personality Disorders},
  pages={34--47},
  year={2013},
  publisher={Routledge}
}

@article{63f2e4aa90e50fcafd2821d4,
	author={Chengbo Zheng and Yuheng Wu and Chuhan Shi and Shuai Ma and Jiehui Luo and Xiaojuan Ma},
	pages={351:1-351:19},
	title={Competent but Rigid: Identifying the Gap in Empowering AI to Participate
  Equally in Group Decision-Making},
	year=2023,
}

@article{644a34be582c1376bbccc49a,
	author={Chengyuan Xu and Kuo-Chin Lien and Tobias Höllerer},
	pages={350:1-350:15},
	title={Comparing Zealous and Restrained AI Recommendations in a Real-World Human-AI Collaboration Task},
	year=2023,
}

@article{644a34be582c1376bbccc554,
	author={Federico Cabitza and Andrea Campagner and Riccardo Angius and Chiara Natali and Carlo Reverberi},
	pages={354:1-354:20},
	title={AI Shall Have No Dominion: on How to Measure Technology Dominance in AI-supported Human Decision Making},
	year=2023,
}

@article{5f8d55c891e0116f3d44da0a,
	author={Charvi Rastogi and Yunfeng Zhang and Dennis Wei and Kush R. Varshney and Amit Dhurandhar and Richard Tomsett},
	pages={1-22},
	title={Deciding Fast and Slow: The Role of Cognitive Biases in AI-assisted Decision-making},
	volume=6,
	year=2022,
}

@article{65790bd9939a5f4082c6affd,
	author={Joanna Zhao and Xiang-Sheng Wang},
	title={Unleashing efficiency and insights: Exploring the potential applications and challenges of ChatGPT in accounting},
	year=2023,
}

@article{Schemmer2023Appropriate,
	author={Max Schemmer and Niklas Kühl and Carina Benz and Andrea Bartos and Gerhard Satzger},
	pages={410-422},
	title={Appropriate Reliance on AI Advice: Conceptualization and the Effect of
  Explanations},
	year=2023,
}

@inproceedings{6082a05691e011ce47403057,
	author={Xinru Wang and Ming Yin},
	pages={318-328},
	title={Are Explanations Helpful? A Comparative Study of the Effects of Explanations in AI-Assisted Decision-Making},
	year=2021,
}

@article{6467125bd68f896efaf1418c,
	author={Zhuoran Lu and Zhuoyan Li and Chun-Wei Chiang and Ming Yin},
	pages={3020-3028},
	title={Strategic adversarial attacks in AI-assisted decision making to reduce human trust and reliance},
	year=2023,
}

@article{63c8b56b90e50fcafd905adf,
	author={Shuai Ma and Ying Lei and Xinru Wang and Chengbo Zheng and Chuhan Shi and Ming Yin and Xiaojuan Ma},
	pages={759:1-759:19},
	title={Who Should I Trust: AI or Myself? Leveraging Human and AI Correctness
  Likelihood to Promote Appropriate Trust in AI-Assisted Decision-Making},
	year=2023,
}

@inproceedings{60477b2d91e0116b67c792af,
	author={Ariel Levy and Monica Agrawal and Arvind Satyanarayan and David Sontag},
	pages={1-13},
	title={Assessing the Impact of Automated Suggestions on Decision Making: Domain Experts Mediate Model Errors but Take Less Initiative},
	volume={abs/2103.04725},
	year=2021,
}

@article{5ea411e39fced0a24bae0e2e,
	author={Taenyun Kim and Hayeon Song},
	pages={1-8},
	title={The Effect of Message Framing and Timing on the Acceptance of Artificial Intelligence's Suggestion},
	year=2020,
}

@article{5ccaceaae1cd8ee42d4953f3,
	author={Rafal Kocielnik and Saleema Amershi and Paul N. Bennett},
	pages={411-14},
	title={Will You Accept an Imperfect AI? - Exploring Designs for Adjusting End-user Expectations of AI Systems.},
	year=2019,
}

@article{5dc5488edf1a9c0c41511bcc,
	author={Carrie J. Cai and Samantha Winter and David Steiner and Lauren Wilcox and Michael Terry},
	pages={104-104:24},
	title={Hello AI: Uncovering the Onboarding Needs of Medical Practitioners for Human-AI Collaborative Decision-Making},
	volume=3,
	year=2019,
}

@article{5ccaceaae1cd8ee42d495537,
	author={Danding Wang and Qian Yang and Ashraf M. Abdul and Brian Y. Lim},
	pages={601-15},
	title={Designing Theory-Driven User-Centric Explainable AI.},
	year=2019,
}

@article{628770715aee126c0fdeda20,
	author={Omid Askarisichani and Francesco Bullo and Noah E Friedkin and Ambuj K Singh},
	pages={70-81},
	title={Predictive models for human-AI nexus in group decision making},
	volume=1514,
	year=2022,
}

@article{64c78b9c3fda6d7f06db75c0,
	author={Zhuoyan Li and Zhuoran Lu and Ming Yin},
	pages={6056-6064},
	title={Modeling Human Trust and Reliance in AI-Assisted Decision Making: A Markovian Approach.},
	volume=37,
	year=2023,
}

@article{Hemmer2023Learning,
	author={Patrick Hemmer and Lukas Thede and Michael Vössing and Johannes Jakubik and Niklas Kühl},
	pages={6002-6011},
	title={Learning to Defer with Limited Expert Predictions},
	volume={abs/2304.07306},
	year=2023,
}

@inproceedings{619c5bbf5244ab9dcbf228e4,
	author={Hussein Mozannar and Arvind Satyanarayan and David Sontag},
	pages={5323-5331},
	title={Teaching Humans When to Defer to a Classifier via Exemplars.},
	volume={abs/2111.11297},
	year=2022,
}

@inproceedings{61b80b745244ab9dcbf497dd,
	author={Elizabeth Bondi and Raphael Koster and Hannah Sheahan and Martin Chadwick and Yoram Bachrach and Taylan Cemgil and Ulrich Paquet and Krishnamurthy Dvijotham},
	pages={5286-5294},
	title={Role of Human-AI Interaction in Selective Prediction.},
	volume={abs/2112.06751},
	year=2022,
}

@article{5ef0816891e0112aee042b5b,
	author={Yasmeen Alufaisan and Laura R. Marusich and Jonathan Z. Bakdash and Yan Zhou and Murat Kantarcioglu},
	pages={6618-6626},
	title={Does Explainable Artificial Intelligence Improve Human Decision-Making?},
	volume=35,
	year=2021,
}

@article{65b85db8939a5f4082c2f0d6,
	author={Jessica Hullman and Alex Kale and Jason Hartline},
	title={Decision Theoretic Foundations for Experiments Evaluating Human
  Decisions},
	volume={abs/2401.15106},
	year=2024,
}

@article{65690de3939a5f4082696929,
	author={Varun Mehta and Kesav Kaza and Fardad Dadboud and Miodrag Bolic and Iraj Mantegh},
	pages={1-7},
	title={Enhancing Counter Drone Operations Through Human-AI Collaboration: A Hierarchical Decision-Making Framework},
	year=2023,
}

@article{63c8b56b90e50fcafd905d85,
	author={Hussein Mozannar and Hunter Lang and Dennis Wei and Prasanna Sattigeri and Subhro Das and David Sontag},
	pages={10520-10545},
	title={Who Should Predict? Exact Algorithms For Learning to Defer to Humans},
	year=2023,
}

@article{63c8b59590e50fcafd90ba6f,
	author={Valerie Chen and Q. Vera Liao and Jennifer Wortman Vaughan and Gagan Bansal},
	pages={1-32},
	title={Understanding the Role of Human Intuition on Reliance in Human-AI
  Decision-Making with Explanations},
	volume=7,
	year=2023,
}

@article{648ddbe4d68f896efa070a80,
	author={Mark Steyvers and Aakriti Kumar},
	pages={17456916231181102-},
	title={Three Challenges for AI-Assisted Decision-Making},
	year=2023,
}

@article{65245104939a5f40827c9e90,
	author={Christopher Flathmann and Beau G. Schelble and Nathan J. McNeese and Bart Knijnenburg and Anand K. Gramopadhye and Kapil Chalil Madathil},
	title={The Purposeful Presentation of AI Teammates: Impacts on Human Acceptance and Perception},
	year=2023,
}

@article{64c09a9c3fda6d7f06e3e957,
	author={Katelyn Morrison and Philipp Spitzer and Violet Turri and Michelle Feng and Niklas Kühl and Adam Perer},
	title={The Impact of Imperfect XAI on Human-AI Decision-Making},
	volume={abs/2307.13566},
	year=2023,
}

@article{Kahr2023It,
	author={Patricia K. Kahr and Gerrit Rooks and Martijn C. Willemsen and Chris C.P. Snijders},
	pages={528-539},
	title={It Seems Smart, but It Acts Stupid: Development of Trust in AI Advice in a Repeated Legal Decision-Making Task},
	year=2023,
}

@article{6523b74a939a5f40821b9807,
	author={Charvi Rastogi},
	pages={987-989},
	title={Investigating the Relative Strengths of Humans and Machine Learning in Decision-Making},
	year=2023,
}


@article{63c8b59590e50fcafd90b7a9,
	author={Ángel Alexander Cabrera and Adam Perer and Jason I. Hong},
	pages={1-21},
	title={Improving Human-AI Collaboration With Descriptions of AI Behavior},
	volume=7,
	year=2023,
}

@article{6413dabe90e50fcafd3cd950,
	author={Patrick Hemmer and Monika Westphal and Max Schemmer and Sebastian Vetter and Michael Vössing and Gerhard Satzger},
	pages={453-463},
	title={Human-AI Collaboration: The Effect of AI Delegation on Human Task
  Performance and Task Satisfaction},
	volume={abs/2303.09224},
	year=2023,
}

@article{6344dedd90e50fcafd24cd35,
	author={Sunnie S. Y. Kim and Elizabeth Anne Watkins and Olga Russakovsky and Ruth Fong and Andrés Monroy-Hernández},
	pages={250:1-250:17},
	title={"Help Me Help the AI": Understanding How Explainability Can Support
  Human-AI Interaction},
	year=2023,
}

@article{63eafbdb90e50fcafd815edd,
	author={Luke Guerdan and Amanda Coston and Zhiwei Steven Wu and Kenneth Holstein},
	pages={688-704},
	title={Ground(less) Truth: A Causal Framework for Proxy Labels in
  Human-Algorithm Decision-Making},
	year=2023,
}

@article{63e1c14690e50fcafd2dd10c,
	author={Max Schemmer and Niklas Kühl and Carina Benz and Andrea Bartos and Gerhard Satzger},
	pages={410-422},
	title={Appropriate Reliance on AI Advice: Conceptualization and the Effect of
  Explanations},
	year=2023,
}

@article{651450cd3fda6d7f062b9d96,
	author={Ying Bao and Wankun Gong and Kaiwen Yang},
	pages={442-442},
	title={A Literature Review of Human–AI Synergy in Decision Making: From the Perspective of Affordance Actualization Theory},
	volume=11,
	year=2023,
}

@article{63b3f20490e50fcafdeae1b6,
	author={Vincent Robbemond and Oana Inel and Ujwal Gadiraju},
	pages={223-233},
	title={Understanding the Role of Explanation Modality in AI-assisted Decision-making.},
	year=2022,
}

@article{62c2a9595aee126c0fcf0ce5,
	author={Philipp Spitzer and Niklas Kühl and Marc Goutier},
	title={Training Novices: The Role of Human-AI Collaboration and Knowledge
  Transfer},
	year=2022,
}

@inproceedings{62c28ae55aee126c0f8a1df4,
	author={Mohammad-Amin Charusaie and Hussein Mozannar and David Sontag and Samira Samadi},
	pages={2972-3005},
	title={Sample Efficient Learning of Predictors that Complement Humans.},
	year=2022,
}

@article{633269e890e50fcafd48dce1,
	author={Jakob Schoeffer and Maria De-Arteaga and Niklas Kuehl},
	title={Explanations, Fairness, and Appropriate Reliance in Human-AI
  Decision-Making},
	year=2022,
}

@article{6333bb7e90e50fcafdb4c563,
	author={Gali Noti and Yiling Chen},
	pages={3038-3048},
	title={Learning when to advise human decision makers},
	year=2023,
}

@article{63608e5190e50fcafdee13aa,
	author={Rajeev Verma and Daniel Barrejón and Eric Nalisnick},
	pages={11415-11434},
	title={Learning to Defer to Multiple Experts: Consistent Surrogate Losses,
  Confidence Calibration, and Conformal Ensembles},
	year=2023,
}

@inproceedings{verma2023learning,
  title={Learning to defer to multiple experts: Consistent surrogate losses, confidence calibration, and conformal ensembles},
  author={Verma, Rajeev and Barrej{\'o}n, Daniel and Nalisnick, Eric},
  booktitle={International Conference on Artificial Intelligence and Statistics},
  pages={11415--11434},
  year={2023},
  organization={PMLR}
}

@article{620f0e7b5aee126c0fec4fb2,
	author={Kate Donahue and Alexandra Chouldechova and Krishnaram Kenthapadi},
	pages={1639-1656},
	title={Human-Algorithm Collaboration: Achieving Complementarity and Avoiding Unfairness.},
	year=2022,
}

@inproceedings{62abf1355aee126c0f4758e0,
	author={Patrick Hemmer and Sebastian Schellhammer and Michael Vössing and Johannes Jakubik and Gerhard Satzger},
	pages={2478-2484},
	title={Forming Effective Human-AI Teams: Building Machine Learning Models that Complement the Capabilities of Multiple Experts},
	year=2022,
}

@article{63993ee090e50fcafdf5ab50,
	author={Helena Vasconcelos and Matthew Jörke and Madeleine Grunde-McLaughlin and Tobias Gerstenberg and Michael Bernstein and Ranjay Krishna},
	pages={1-38},
	title={Explanations Can Reduce Overreliance on AI Systems During
  Decision-Making},
	volume=7,
	year=2023,
}

@article{6314818990e50fcafde50a12,
	author={Carlo Reverberi and Tommaso Rigon and Aldo Solari and Cesare Hassan and Paolo Cherubini and Giulio Antonelli and Andrea Cherubini},
	pages={14952-14952},
	title={Experimental evidence of effective human–AI collaboration in medical decision-making},
	volume=12,
	year=2022,
}

@article{627c6cf55aee126c0f83174c,
	author={Max Schemmer and Patrick Hemmer and Maximilian Nitsche and Niklas Kühl and Michael Vössing},
	pages={617-626},
	title={A Meta-Analysis of the Utility of Explainable Artificial Intelligence in Human-AI Decision-Making.},
	year=2022,
}

@article{61c3e8e75244ab9dcba21083,
	author={Vivian Lai and Chacha Chen and Q. Vera Liao and Alison Smith-Renner and Chenhao Tan},
	title={Towards a Science of Human-AI Decision Making: A Survey of Empirical
  Studies},
	volume={abs/2112.11471},
	year=2021,
}

@article{60337bf691e011e54d039aee,
	author={Zana Buçinca and Maja Barbara Malaya and Krzysztof Z. Gajos},
	pages={1-21},
	title={To Trust or to Think: Cognitive Forcing Functions Can Reduce Overreliance on AI in AI-assisted Decision-making.},
	volume=5,
	year=2021,
}

@article{605aa275e4510cd7c86b830a,
	author={Tessa Haesevoets and David De Cremer and Kim Dierckx and Alain Van Hiel},
	pages={106730-},
	title={Human-Machine Collaboration In Managerial Decision Making},
	volume=119,
	year=2021,
}

@article{64b7c5eb3fda6d7f06513fb7,
	author={黄敏学 and 刘远},
	title={Psychological mechanisms underlying adopting human-machine collaboration in augmented managerial decision-making:A perspective of Self-Determination Theory},
	volume=31,
	year=2023,
}

@inproceedings{60192fce91e0110e3bb2bea4,
	author={Gabriel Lima and Nina Grgić-Hlača and Meeyoung Cha},
	pages={1-17},
	title={Human Perceptions on Moral Responsibility of AI: A Case Study in AI-Assisted Bail Decision-Making},
	volume={abs/2102.00625},
	year=2021,
}

@article{5ce3a9b3ced107d4c6560db0,
	author={Yanqing Duan and John S. Edwards and Yogesh K Dwivedi},
	pages={63-71},
	title={Artificial intelligence for decision making in the era of Big Data – evolution, challenges and research agenda},
	volume=48,
	year=2019,
}

@article{5c75748bf56def97989599a0,
	author={Mohammad Hossein Jarrahi},
	pages={577-586},
	title={Artificial intelligence and the future of work: Human-AI symbiosis in organizational decision making},
	volume=61,
	year=2018,
}

@article{599c7948601a182cd262b8c2,
	author={Nina Grgić-Hlača and Muhammad Bilal Zafar and Krishna P. Gummadi and Adrian Weller},
	title={On Fairness, Diversity and Randomness in Algorithmic Decision Making},
	volume={abs/1706.10208},
	year=2017,
}

@article{Tschandl2020Human,
  title={Human--computer collaboration for skin cancer recognition},
  author={Tschandl, Philipp and Rinner, Christoph and Apalla, Zoe and Argenziano, Giuseppe and Codella, Noel and Halpern, Allan and Janda, Monika and Lallas, Aimilios and Longo, Caterina and Malvehy, Josep and others},
  journal={Nature medicine},
  volume={26},
  number={8},
  pages={1229--1234},
  year={2020},
  publisher={Nature Publishing Group US New York}
}

@article{5d9ed5b947c8f76646fda1c0,
	author={Masha Medvedeva and Michel Vols and Martijn Wieling},
	pages={237-266},
	title={Using machine learning to predict decisions of the European Court of Human Rights},
	volume=28,
	year=2019,
}

@article{61c3e8e75244ab9dcba21083,
	author={Vivian Lai and Chacha Chen and Q. Vera Liao and Alison Smith-Renner and Chenhao Tan},
	title={Towards a Science of Human-AI Decision Making: A Survey of Empirical
  Studies},
	volume={abs/2112.11471},
	year=2021,
}

@article{61978cea5244ab9dcb0f8173,
	author={Oleksandra Vereschak and Gilles Bailly and Baptiste Caramiaux},
	pages={1-39},
	title={How to Evaluate Trust in AI-Assisted Decision Making? A Survey of Empirical Methodologies.},
	volume=5,
	year=2021,
}

@article{Zhang2023A,
  title={A survey on learning to reject},
  author={Zhang, Xu-Yao and Xie, Guo-Sen and Li, Xiuli and Mei, Tao and Liu, Cheng-Lin},
  journal={Proceedings of the IEEE},
  volume={111},
  number={2},
  pages={185--215},
  year={2023},
  publisher={IEEE}
}

@inproceedings{Cortes2016Learning,
  title={Learning with rejection},
  author={Cortes, Corinna and DeSalvo, Giulia and Mohri, Mehryar},
  booktitle={Algorithmic Learning Theory: 27th International Conference, ALT 2016, Bari, Italy, October 19-21, 2016, Proceedings 27},
  pages={67--82},
  year={2016},
  organization={Springer}
}


@inproceedings{Singh2023On,
  title={On subset selection of multiple humans to improve human-AI team accuracy},
  author={Singh, Sagalpreet and Jain, Shweta and Jha, Shashi Shekhar},
  booktitle={Proceedings of the 2023 international conference on autonomous agents and multiagent systems},
  pages={317--325},
  year={2023}
}


@inproceedings{Mao2023Principled,
  title={Principled approaches for learning to defer with multiple experts},
  author={Mao, Anqi and Mohri, Mehryar and Zhong, Yutao},
  booktitle={International Workshop on Combinatorial Image Analysis},
  pages={107--135},
  year={2024},
  organization={Springer}
}

@article{Mao2023Two,
	author={Anqi Mao and Christopher Mohri and Mehryar Mohri and Yutao Zhong },
	title={Two-Stage Learning to Defer with Multiple Experts.},
	year=2023,
}

@article{Cao2023In,
	author={Yuzhou Cao and Hussein Mozannar and Lei Feng and Hongxin Wei and Bo An},
	title={In Defense of Softmax Parametrization for Calibrated and Consistent
  Learning to Defer},
	volume={abs/2311.01106},
	year=2023,
}

@article{Liu2023HNERec,
	author={Xiaoyu Liu and Kun Wu and Biao Liu and Rong Qian},
	pages={103253-103253},
	title={HNERec: Scientific collaborator recommendation model based on heterogeneous network embedding},
	volume=60,
	year=2023,
}

@article{Pradhan2020A,
	author={Tribikram Pradhan and Sukomal Pal},
	pages={105784-},
	title={A multi-level fusion based decision support system for academic collaborator recommendation},
	volume=197,
	year=2020,
}

@inproceedings{Zheng2018Context,
	author={Zheng Liu and Xing Xie and Lei Chen},
	pages={1870-1879},
	title={Context-aware Academic Collaborator Recommendation.},
	year=2018,
}

@article{Li2021Ontology,
	author={Siying Li and Marie-Hélène Abel and Elsa Negre},
	pages={751-756},
	title={Ontology-based Semantic Similarity in Generating Context-aware Collaborator Recommendations},
	year=2021,
}

@article{Roozbahani2021Presenting,
	author={Zahra Roozbahani and Jalal Rezaeenour and Roshan Shahrooei and Hanif Emamgholizadeh},
	pages={29-40},
	title={Presenting a dataset for collaborator recommending systems in academic social network},
	volume=3,
	year=2021,
}

@article{Wang2019Sustainable,
	author={Wei Wang and Jiaying Liu and Zhuo Yang and Xiangjie Kong and Feng Xia},
	pages={311-322},
	title={Sustainable Collaborator Recommendation Based on Conference Closure},
	volume=6,
	year=2019,
}

@article{Zeidner2004Emotional,
	author={Moshe Zeidner and Gerald Matthews and Richard D. Roberts},
	pages={371.0-399.0},
	title={Emotional Intelligence in the Workplace: A Critical Review},
	volume={53.0},
	year=2004,
}

@article{Mayer2001Emotional,
  title={Emotional intelligence as a standard intelligence},
  author={Salovey, Peter and Caruso, David R and Sitarenios, Gill and others},
  journal={Emotion},
  volume={1},
  number={3},
  pages={232--242},
  year={2001},
  publisher={American Psychological Association}
}

@article{1945The,
  title={The measurement of adult intelligence.},
  author={Cattell, Raymond B},
  journal={Psychological bulletin},
  volume={40},
  number={3},
  pages={153},
  year={1943},
  publisher={American Psychological Association}
}

@article{Myers1999MBTI,
	author={I. B. Mccaulley Myers and M. H. Quenk and A. L. Hammer},
	title={MBTI Manual: a guide to the development and use of the Myers-Briggs type indicator},
	year=1999,
}

@inproceedings{Liu2019How,
  title={How Well Do Machines Perform on IQ tests: a Comparison Study on a Large-Scale Dataset.},
  author={Liu, Yusen and He, Fangyuan and Zhang, Haodi and Rao, Guozheng and Feng, Zhiyong and Zhou, Yi},
  booktitle={IJCAI},
  pages={6110--6116},
  year={2019}
}

@article{Kim2021Exploring,
  title={Exploring the spatial reasoning ability of neural models in human IQ tests},
  author={Kim, Hyunjae and Koh, Yookyung and Baek, Jinheon and Kang, Jaewoo},
  journal={Neural Networks},
  volume={140},
  pages={27--38},
  year={2021},
  publisher={Elsevier}
}

@inproceedings{Holzinger2019KANDINSKY,
  title={Kandinsky patterns as iq-test for machine learning},
  author={Holzinger, Andreas and Kickmeier-Rust, Michael and M{\"u}ller, Heimo},
  booktitle={Machine Learning and Knowledge Extraction: Third IFIP TC 5, TC 12, WG 8.4, WG 8.9, WG 12.9 International Cross-Domain Conference, CD-MAKE 2019, Canterbury, UK, August 26--29, 2019, Proceedings 3},
  pages={1--14},
  year={2019},
  organization={Springer}
}

@article{Chang2023A,
  title={A Survey on Evaluation of Large Language Models},
  author={Chang, Yupeng and Wang, Xu and Wang, Jindong and Wu, Yuan and Yang, Linyi and Zhu, Kaijie and Chen, Hao and Yi, Xiaoyuan and Wang, Cunxiang and Wang, Yidong and others},
  journal={ACM Transactions on Intelligent Systems and Technology},
  volume={15},
  number={3},
  pages={1--45},
  year={2024},
  publisher={ACM New York, NY}
}

@article{Krizhevsky2009A,
  title={Learning multiple layers of features from tiny images},
  author={Krizhevsky, Alex and Hinton, Geoffrey and others},
  year={2009},
  publisher={Toronto, ON, Canada}
}

@article{Gao2021SimCSE,
	author={Tianyu Gao and Xingcheng Yao and Danqi Chen},
	pages={6894-6910},
	title={SimCSE - Simple Contrastive Learning of Sentence Embeddings.},
	volume={2021.emnlp-main},
	year=2021,
}

@article{Noy2023Experimental,
  title={Experimental evidence on the productivity effects of generative artificial intelligence},
  author={Noy, Shakked and Zhang, Whitney},
  journal={Science},
  volume={381},
  number={6654},
  pages={187--192},
  year={2023}
}

@article{pittenger1993measuring,
  title={Measuring the MBTI… and coming up short},
  author={Pittenger, David J},
  journal={Journal of Career Planning and Employment},
  volume={54},
  number={1},
  pages={48--52},
  year={1993}
}

@article{OpenAI2023GPT4,
	author={OpenAI},
	title={GPT-4 Technical Report},
	volume={abs/2303.08774},
	year=2023,
}

@inproceedings{he2016deep,
  title={Deep residual learning for image recognition},
  author={He, Kaiming and Zhang, Xiangyu and Ren, Shaoqing and Sun, Jian},
  booktitle={Proceedings of the IEEE conference on computer vision and pattern recognition},
  pages={770--778},
  year={2016}
}

@article{steyvers2022bayesian,
  title={Bayesian modeling of human--AI complementarity},
  author={Steyvers, Mark and Tejeda, Heliodoro and Kerrigan, Gavin and Smyth, Padhraic},
  journal={Proceedings of the National Academy of Sciences},
  volume={119},
  number={11},
  pages={e2111547119},
  year={2022},
  publisher={National Acad Sciences}
}

@article{lamberson2012optimal,
  title={Optimal forecasting groups},
  author={Lamberson, PJ and Page, Scott E},
  journal={Management Science},
  volume={58},
  number={4},
  pages={805--810},
  year={2012},
  publisher={INFORMS}
}

@article{vodrahalli2022uncalibrated,
  title={Uncalibrated models can improve human-ai collaboration},
  author={Vodrahalli, Kailas and Gerstenberg, Tobias and Zou, James Y},
  journal={Advances in Neural Information Processing Systems},
  volume={35},
  pages={4004--4016},
  year={2022}
}

@article{mao2024two,
  title={Two-stage learning to defer with multiple experts},
  author={Mao, Anqi and Mohri, Christopher and Mohri, Mehryar and Zhong, Yutao},
  journal={Advances in neural information processing systems},
  volume={36},
  year={2024}
}

@inproceedings{charusaie2022sample,
  title={Sample efficient learning of predictors that complement humans},
  author={Charusaie, Mohammad-Amin and Mozannar, Hussein and Sontag, David and Samadi, Samira},
  booktitle={International Conference on Machine Learning},
  pages={2972--3005},
  year={2022},
  organization={PMLR}
}

@inproceedings{davidson2017automated,
  title={Automated hate speech detection and the problem of offensive language},
  author={Davidson, Thomas and Warmsley, Dana and Macy, Michael and Weber, Ingmar},
  booktitle={Proceedings of the international AAAI conference on web and social media},
  volume={11},
  number={1},
  pages={512--515},
  year={2017}
}

@inproceedings{kenton2019bert,
  title={Bert: Pre-training of deep bidirectional transformers for language understanding},
  author={Kenton, Jacob Devlin Ming-Wei Chang and Toutanova, Lee Kristina},
  booktitle={Proceedings of NAACL-HLT},
  volume={1},
  pages={2},
  year={2019},
  organization={Minneapolis, Minnesota}
}

@article{raghu2019algorithmic,
  title={The algorithmic automation problem: Prediction, triage, and human effort},
  author={Raghu, Maithra and Blumer, Katy and Corrado, Greg and Kleinberg, Jon and Obermeyer, Ziad and Mullainathan, Sendhil},
  journal={arXiv:1903.12220},
  year={2019}
}

@article{vaswani2017attention,
  title={Attention is all you need},
  author={Vaswani, A},
  journal={Advances in Neural Information Processing Systems},
  year={2017}
}

@article{zhang2019deep,
  title={Deep learning based recommender system: A survey and new perspectives},
  author={Zhang, Shuai and Yao, Lina and Sun, Aixin and Tay, Yi},
  journal={ACM computing surveys (CSUR)},
  volume={52},
  number={1},
  pages={1--38},
  year={2019},
  publisher={ACM New York, NY, USA}
}

@article{ghasemi2021user,
  title={User embedding for expert finding in community question answering},
  author={Ghasemi, Negin and Fatourechi, Ramin and Momtazi, Saeedeh},
  journal={ACM Transactions on Knowledge Discovery from Data (TKDD)},
  volume={15},
  number={4},
  pages={1--16},
  year={2021},
  publisher={ACM New York, NY, USA}
}

@inproceedings{yu2016user,
  title={User embedding for scholarly microblog recommendation},
  author={Yu, Yang and Wan, Xiaojun and Zhou, Xinjie},
  booktitle={Proceedings of the 54th Annual Meeting of the Association for Computational Linguistics (Volume 2: Short Papers)},
  pages={449--453},
  year={2016}
}

@inproceedings{barkan2016item2vec,
  title={Item2vec: neural item embedding for collaborative filtering},
  author={Barkan, Oren and Koenigstein, Noam},
  booktitle={2016 IEEE 26th International Workshop on Machine Learning for Signal Processing (MLSP)},
  pages={1--6},
  year={2016},
  organization={IEEE}
}




@inproceedings{Is2021Bansal,
  title={Is the most accurate ai the best teammate? optimizing ai for teamwork},
  author={Bansal, Gagan and Nushi, Besmira and Kamar, Ece and Horvitz, Eric and Weld, Daniel S},
  booktitle={Proceedings of the AAAI Conference on Artificial Intelligence},
  volume={35},
  number={13},
  pages={11405--11414},
  year={2021}
}

@article{he2022wisdom,
  title={The wisdom of model crowds},
  author={He, Lisheng and Analytis, Pantelis P and Bhatia, Sudeep},
  journal={Management Science},
  volume={68},
  number={5},
  pages={3635--3659},
  year={2022},
  publisher={INFORMS}
}

@article{da2020harnessing,
  title={Harnessing the wisdom of crowds},
  author={Da, Zhi and Huang, Xing},
  journal={Management Science},
  volume={66},
  number={5},
  pages={1847--1867},
  year={2020},
  publisher={INFORMS}
}