@article{Webb2019TheIO,
  title={The Impact of Artificial Intelligence on the Labor Market},
  author={Michael Webb},
  journal={Economics of Innovation eJournal},
  year={2019},
}

@article{acemoglu2018race,
  title={The race between man and machine: Implications of technology for growth, factor shares, and employment},
  author={Acemoglu, Daron and Restrepo, Pascual},
  journal={American economic review},
  volume={108},
  number={6},
  pages={1488--1542},
  year={2018},
  publisher={American Economic Association 2014 Broadway, Suite 305, Nashville, TN 37203}
}

@article{autor2003skill,
  title={The skill content of recent technological change: An empirical exploration},
  author={Autor, David H and Levy, Frank and Murnane, Richard J},
  journal={The Quarterly journal of economics},
  volume={118},
  number={4},
  pages={1279--1333},
  year={2003},
  publisher={MIT Press}
}

@article{autor2013task,
  title={The “task approach” to labor markets: an overview},
  author={Autor, David H},
  journal={Journal for Labour Market Research},
  volume={46},
  number={3},
  pages={185--199},
  year={2013},
  publisher={SpringerOpen}
}

@article{autor2015there,
  title={Why are there still so many jobs? The history and future of workplace automation},
  author={Autor, David H},
  journal={Journal of economic perspectives},
  volume={29},
  number={3},
  pages={3--30},
  year={2015},
  publisher={American Economic Association 2014 Broadway, Suite 305, Nashville, TN 37203-2418}
}

@techreport{bick2024rapid,
  title={The rapid adoption of generative ai},
  author={Bick, Alexander and Blandin, Adam and Deming, David J},
  year={2024},
  institution={National Bureau of Economic Research}
}

@inproceedings{brynjolfsson2018can,
  title={What can machines learn and what does it mean for occupations and the economy?},
  author={Brynjolfsson, Erik and Mitchell, Tom and Rock, Daniel},
  booktitle={AEA papers and proceedings},
  volume={108},
  pages={43--47},
  year={2018},
  organization={American Economic Association 2014 Broadway, Suite 305, Nashville, TN 37203}
}

@techreport{brynjolfsson2023generative,
  title={Generative AI at work},
  author={Brynjolfsson, Erik and Li, Danielle and Raymond, Lindsey R},
  year={2023},
  institution={National Bureau of Economic Research}
}

@article{choi2023ai,
  title={Ai assistance in legal analysis: An empirical study},
  author={Choi, Jonathan H and Schwarcz, Daniel},
  journal={Available at SSRN 4539836},
  year={2023}
}

@misc{clio,
      title={Clio: Privacy-Preserving Insights into Real-World AI Use}, 
      author={Alex Tamkin and Miles McCain and Kunal Handa and Esin Durmus and Liane Lovitt and Ankur Rathi and Saffron Huang and Alfred Mountfield and Jerry Hong and Stuart Ritchie and Michael Stern and Brian Clarke and Landon Goldberg and Theodore R. Sumers and Jared Mueller and William McEachen and Wes Mitchell and Shan Carter and Jack Clark and Jared Kaplan and Deep Ganguli},
      year={2024},
      eprint={2412.13678},
      archivePrefix={arXiv},
      primaryClass={cs.CY},
      url={https://arxiv.org/abs/2412.13678}, 
}

@article{cui2024effects,
  title={The effects of generative ai on high skilled work: Evidence from three field experiments with software developers},
  author={Cui, Zheyuan Kevin and Demirer, Mert and Jaffe, Sonia and Musolff, Leon and Peng, Sida and Salz, Tobias},
  journal={Available at SSRN 4945566},
  year={2024}
}

@article{dell2023navigating,
  title={Navigating the jagged technological frontier: Field experimental evidence of the effects of AI on knowledge worker productivity and quality},
  author={Dell'Acqua, Fabrizio and McFowland III, Edward and Mollick, Ethan R and Lifshitz-Assaf, Hila and Kellogg, Katherine and Rajendran, Saran and Krayer, Lisa and Candelon, Fran{\c{c}}ois and Lakhani, Karim R},
  journal={Harvard Business School Technology \& Operations Mgt. Unit Working Paper},
  number={24-013},
  year={2023}
}

@article{felten2023will,
  title={How will language modelers like chatgpt affect occupations and industries?},
  author={Felten, Ed and Raj, Manav and Seamans, Robert},
  journal={arXiv preprint arXiv:2303.01157},
  year={2023}
}

@article{frey2017future,
  title={The future of employment: How susceptible are jobs to computerisation?},
  author={Frey, Carl Benedikt and Osborne, Michael A},
  journal={Technological forecasting and social change},
  volume={114},
  pages={254--280},
  year={2017},
  publisher={Elsevier}
}

@misc{gptsaregpts,
      title={GPTs are GPTs: An Early Look at the Labor Market Impact Potential of Large Language Models}, 
      author={Tyna Eloundou and Sam Manning and Pamela Mishkin and Daniel Rock},
      year={2023},
      eprint={2303.10130},
      archivePrefix={arXiv},
      primaryClass={econ.GN},
      url={https://arxiv.org/abs/2303.10130}, 
}

@techreport{humlum2024adoption,
    title={The Adoption of {ChatGPT}},
    author={Humlum, Anders and Vestergaard, Emilie},
    year={2024},
    month={April},
    institution={University of Chicago, Becker Friedman Institute for Economics},
    doi={10.2139/ssrn.4807516}
}

@article{merali2024scaling,
  title={Scaling Laws for Economic Productivity: Experimental Evidence in LLM-Assisted Translation},
  author={Merali, Ali},
  journal={arXiv preprint arXiv:2409.02391},
  year={2024}
}

@article{noy2023experimental,
  title={Experimental evidence on the productivity effects of generative artificial intelligence},
  author={Noy, Shakked and Zhang, Whitney},
  journal={Science},
  volume={381},
  number={6654},
  pages={187--192},
  year={2023},
  publisher={American Association for the Advancement of Science}
}

@misc{onet2025,
    title = {{O*NET OnLine}},
    author = {{National Center for O*NET Development}},
    year = {2025},
    url = {https://www.onetonline.org/},
    note = {U.S. Department of Labor, Employment and Training Administration (USDOL/ETA). Licensed under CC BY 4.0},
    urldate = {2025-01-19}
}

@article{peng2023impact,
  title={The impact of ai on developer productivity: Evidence from github copilot},
  author={Peng, Sida and Kalliamvakou, Eirini and Cihon, Peter and Demirer, Mert},
  journal={arXiv preprint arXiv:2302.06590},
  year={2023}
}

@article{wiles2024genai,
  title={GenAI as an Exoskeleton: Experimental Evidence on Knowledge Workers Using GenAI on New Skills},
  author={Wiles, Emma and Krayer, Lisa and Abbadi, Mohamed and Awasthi, Urvi and Kennedy, Ryan and Mishkin, Pamela and Sack, Daniel and Candelon, Fran{\c{c}}ois},
  journal={Available at SSRN 4944588},
  year={2024}
}

