@book{miettinen1999nonlinear,
  title={Nonlinear multiobjective optimization},
  author={Miettinen, Kaisa},
  volume={12},
  year={1999},
  publisher={Springer Science \& Business Media}
}

@article{ciosek2019better,
  title={Better exploration with optimistic actor critic},
  author={Ciosek, Kamil and Vuong, Quan and Loftin, Robert and Hofmann, Katja},
  journal={Advances in Neural Information Processing Systems},
  volume={32},
  year={2019}
}

@article{liu2024decoding,
  title={Decoding-time Realignment of Language Models},
  author={Liu, Tianlin and Guo, Shangmin and Bianco, Leonardo and Calandriello, Daniele and Berthet, Quentin and Llinares, Felipe and Hoffmann, Jessica and Dixon, Lucas and Valko, Michal and Blondel, Mathieu},
  journal={arXiv preprint arXiv:2402.02992},
  year={2024}
}

@article{ji2024aligner,
  title={Aligner: Achieving efficient alignment through weak-to-strong correction},
  author={Ji, Jiaming and Chen, Boyuan and Lou, Hantao and Hong, Donghai and Zhang, Borong and Pan, Xuehai and Dai, Juntao and Yang, Yaodong},
  journal={arXiv preprint arXiv:2402.02416},
  year={2024}
}


@article{dong2022survey,
  title={A survey on in-context learning},
  author={Dong, Qingxiu and Li, Lei and Dai, Damai and Zheng, Ce and Wu, Zhiyong and Chang, Baobao and Sun, Xu and Xu, Jingjing and Sui, Zhifang},
  journal={arXiv preprint arXiv:2301.00234},
  year={2022}
}

@article{wei2022chain,
  title={Chain-of-thought prompting elicits reasoning in large language models},
  author={Wei, Jason and Wang, Xuezhi and Schuurmans, Dale and Bosma, Maarten and Xia, Fei and Chi, Ed and Le, Quoc V and Zhou, Denny and others},
  journal={Advances in neural information processing systems},
  volume={35},
  pages={24824--24837},
  year={2022}
}

@article{hong2024reference,
  title={Reference-free monolithic preference optimization with odds ratio},
  author={Hong, Jiwoo and Lee, Noah and Thorne, James},
  journal={arXiv preprint arXiv:2403.07691},
  year={2024}
}

@article{bai2024efficient,
  title={Efficient Model-agnostic Alignment via Bayesian Persuasion},
  author={Bai, Fengshuo and Wang, Mingzhi and Zhang, Zhaowei and Chen, Boyuan and Xu, Yinda and Wen, Ying and Yang, Yaodong},
  journal={arXiv preprint arXiv:2405.18718},
  year={2024}
}

@article{li2023rain,
  title={Rain: Your language models can align themselves without finetuning},
  author={Li, Yuhui and Wei, Fangyun and Zhao, Jinjing and Zhang, Chao and Zhang, Hongyang},
  journal={arXiv preprint arXiv:2309.07124},
  year={2023}
}

@article{kong2024aligning,
  title={Aligning Large Language Models with Representation Editing: A Control Perspective},
  author={Kong, Lingkai and Wang, Haorui and Mu, Wenhao and Du, Yuanqi and Zhuang, Yuchen and Zhou, Yifei and Song, Yue and Zhang, Rongzhi and Wang, Kai and Zhang, Chao},
  journal={arXiv preprint arXiv:2406.05954},
  year={2024}
}

@article{raiaan2024review,
  title={A review on large Language Models: Architectures, applications, taxonomies, open issues and challenges},
  author={Raiaan, Mohaimenul Azam Khan and Mukta, Md Saddam Hossain and Fatema, Kaniz and Fahad, Nur Mohammad and Sakib, Sadman and Mim, Most Marufatul Jannat and Ahmad, Jubaer and Ali, Mohammed Eunus and Azam, Sami},
  journal={IEEE Access},
  year={2024},
  publisher={IEEE}
}

@article{gabriel2020artificial,
  title={Artificial intelligence, values, and alignment},
  author={Gabriel, Iason},
  journal={Minds and machines},
  volume={30},
  number={3},
  pages={411--437},
  year={2020},
  publisher={Springer}
}

@book{pohl1996requirements,
  title={Requirements engineering: An overview},
  author={Pohl, Klaus},
  year={1996},
  publisher={Citeseer}
}

@book{roberts2021chinese,
  title={The Chinese approach to artificial intelligence: an analysis of policy, ethics, and regulation},
  author={Roberts, Huw and Cowls, Josh and Morley, Jessica and Taddeo, Mariarosaria and Wang, Vincent and Floridi, Luciano},
  year={2021},
  publisher={Springer}
}

@article{madiega2021artificial,
  title={Artificial intelligence act},
  author={Madiega, Tambiama},
  journal={European Parliament: European Parliamentary Research Service},
  year={2021}
}

@article{bai2022training,
  title={Training a helpful and harmless assistant with reinforcement learning from human feedback},
  author={Bai, Yuntao and Jones, Andy and Ndousse, Kamal and Askell, Amanda and Chen, Anna and DasSarma, Nova and Drain, Dawn and Fort, Stanislav and Ganguli, Deep and Henighan, Tom and others},
  journal={arXiv preprint arXiv:2204.05862},
  year={2022}
}

@article{rafailov2024direct,
  title={Direct preference optimization: Your language model is secretly a reward model},
  author={Rafailov, Rafael and Sharma, Archit and Mitchell, Eric and Manning, Christopher D and Ermon, Stefano and Finn, Chelsea},
  journal={Advances in Neural Information Processing Systems},
  volume={36},
  year={2024}
}

@misc{alpaca_eval,
  author = {Xuechen Li and Tianyi Zhang and Yann Dubois and Rohan Taori and Ishaan Gulrajani and Carlos Guestrin and Percy Liang and Tatsunori B. Hashimoto },
  title = {AlpacaEval: An Automatic Evaluator of Instruction-following Models},
  year = {2023},
  month = {5},
  publisher = {GitHub},
  journal = {GitHub repository},
  howpublished = {\url{https://github.com/tatsu-lab/alpaca_eval}}
}

@article{zelikman2024quiet,
  title={Quiet-star: Language models can teach themselves to think before speaking},
  author={Zelikman, Eric and Harik, Georges and Shao, Yijia and Jayasiri, Varuna and Haber, Nick and Goodman, Noah D},
  journal={arXiv preprint arXiv:2403.09629},
  year={2024}
}

@article{ouyang2022training,
  title={Training language models to follow instructions with human feedback},
  author={Ouyang, Long and Wu, Jeffrey and Jiang, Xu and Almeida, Diogo and Wainwright, Carroll and Mishkin, Pamela and Zhang, Chong and Agarwal, Sandhini and Slama, Katarina and Ray, Alex and others},
  journal={Advances in neural information processing systems},
  volume={35},
  pages={27730--27744},
  year={2022}
}

@article{christiano2017deep,
  title={Deep reinforcement learning from human preferences},
  author={Christiano, Paul F and Leike, Jan and Brown, Tom and Martic, Miljan and Legg, Shane and Amodei, Dario},
  journal={Advances in neural information processing systems},
  volume={30},
  year={2017}
}

@article{bai2022constitutional,
  title={Constitutional ai: Harmlessness from ai feedback},
  author={Bai, Yuntao and Kadavath, Saurav and Kundu, Sandipan and Askell, Amanda and Kernion, Jackson and Jones, Andy and Chen, Anna and Goldie, Anna and Mirhoseini, Azalia and McKinnon, Cameron and others},
  journal={arXiv preprint arXiv:2212.08073},
  year={2022}
}

@article{wang2024sotopia,
  title={SOTOPIA-$\pi$: Interactive Learning of Socially Intelligent Language Agents},
  author={Wang, Ruiyi and Yu, Haofei and Zhang, Wenxin and Qi, Zhengyang and Sap, Maarten and Neubig, Graham and Bisk, Yonatan and Zhu, Hao},
  journal={arXiv preprint arXiv:2403.08715},
  year={2024}
}

@article{le2022coderl,
  title={Coderl: Mastering code generation through pretrained models and deep reinforcement learning},
  author={Le, Hung and Wang, Yue and Gotmare, Akhilesh Deepak and Savarese, Silvio and Hoi, Steven Chu Hong},
  journal={Advances in Neural Information Processing Systems},
  volume={35},
  pages={21314--21328},
  year={2022}
}

@article{sutton2018reinforcement,
  title={Reinforcement learning: An introduction},
  author={Sutton, Richard S},
  journal={A Bradford Book},
  year={2018}
}

@article{gao2024linear,
  title={Linear Alignment: A Closed-form Solution for Aligning Human Preferences without Tuning and Feedback},
  author={Gao, Songyang and Ge, Qiming and Shen, Wei and Dou, Shihan and Ye, Junjie and Wang, Xiao and Zheng, Rui and Zou, Yicheng and Chen, Zhi and Yan, Hang and others},
  journal={arXiv preprint arXiv:2401.11458},
  year={2024}
}

@article{liao2023rethinking,
  title={Rethinking model evaluation as narrowing the socio-technical gap},
  author={Liao, Q Vera and Xiao, Ziang},
  journal={arXiv preprint arXiv:2306.03100},
  year={2023}
}

@inproceedings{abe2022mutation,
  title={Mutation-driven follow the regularized leader for last-iterate convergence in zero-sum games},
  author={Abe, Kenshi and Sakamoto, Mitsuki and Iwasaki, Atsushi},
  booktitle={Uncertainty in Artificial Intelligence},
  pages={1--10},
  year={2022},
  organization={PMLR}
}

@article{chen2024large,
  title={When large language models meet personalization: Perspectives of challenges and opportunities},
  author={Chen, Jin and Liu, Zheng and Huang, Xu and Wu, Chenwang and Liu, Qi and Jiang, Gangwei and Pu, Yuanhao and Lei, Yuxuan and Chen, Xiaolong and Wang, Xingmei and others},
  journal={World Wide Web},
  volume={27},
  number={4},
  pages={42},
  year={2024},
  publisher={Springer}
}

@article{hadi2024large,
  title={Large language models: a comprehensive survey of its applications, challenges, limitations, and future prospects},
  author={Hadi, Muhammad Usman and Al Tashi, Qasem and Shah, Abbas and Qureshi, Rizwan and Muneer, Amgad and Irfan, Muhammad and Zafar, Anas and Shaikh, Muhammad Bilal and Akhtar, Naveed and Wu, Jia and others},
  journal={Authorea Preprints},
  year={2024},
  publisher={Authorea}
}

@article{pryzant2023automatic,
  title={Automatic prompt optimization with" gradient descent" and beam search},
  author={Pryzant, Reid and Iter, Dan and Li, Jerry and Lee, Yin Tat and Zhu, Chenguang and Zeng, Michael},
  journal={arXiv preprint arXiv:2305.03495},
  year={2023}
}

@article{zhong2024panacea,
  title={Panacea: Pareto Alignment via Preference Adaptation for LLMs},
  author={Zhong, Yifan and Ma, Chengdong and Zhang, Xiaoyuan and Yang, Ziran and Zhang, Qingfu and Qi, Siyuan and Yang, Yaodong},
  journal={arXiv preprint arXiv:2402.02030},
  year={2024}
}

@article{zheng2024weak,
  title={Weak-to-strong extrapolation expedites alignment},
  author={Zheng, Chujie and Wang, Ziqi and Ji, Heng and Huang, Minlie and Peng, Nanyun},
  journal={arXiv preprint arXiv:2404.16792},
  year={2024}
}

@book{macintyre2013after,
  title={After virtue},
  author={MacIntyre, Alasdair},
  year={2013},
  publisher={A\&C Black}
}

@inproceedings{selbst2019fairness,
  title={Fairness and abstraction in sociotechnical systems},
  author={Selbst, Andrew D and Boyd, Danah and Friedler, Sorelle A and Venkatasubramanian, Suresh and Vertesi, Janet},
  booktitle={Proceedings of the conference on fairness, accountability, and transparency},
  pages={59--68},
  year={2019}
}

@article{weidinger2023sociotechnical,
  title={Sociotechnical safety evaluation of generative ai systems},
  author={Weidinger, Laura and Rauh, Maribeth and Marchal, Nahema and Manzini, Arianna and Hendricks, Lisa Anne and Mateos-Garcia, Juan and Bergman, Stevie and Kay, Jackie and Griffin, Conor and Bariach, Ben and others},
  journal={arXiv preprint arXiv:2310.11986},
  year={2023}
}

@article{zhang2024incentive,
  title={Incentive Compatibility for AI Alignment in Sociotechnical Systems: Positions and Prospects},
  author={Zhang, Zhaowei and Bai, Fengshuo and Wang, Mingzhi and Ye, Haoyang and Ma, Chengdong and Yang, Yaodong},
  journal={arXiv preprint arXiv:2402.12907},
  year={2024}
}

@inproceedings{jacob2022modeling,
  title={Modeling strong and human-like gameplay with KL-regularized search},
  author={Jacob, Athul Paul and Wu, David J and Farina, Gabriele and Lerer, Adam and Hu, Hengyuan and Bakhtin, Anton and Andreas, Jacob and Brown, Noam},
  booktitle={International Conference on Machine Learning},
  pages={9695--9728},
  year={2022},
  organization={PMLR}
}

@inproceedings{mcmahan2011follow,
  title={Follow-the-regularized-leader and mirror descent: Equivalence theorems and l1 regularization},
  author={McMahan, Brendan},
  booktitle={Proceedings of the Fourteenth International Conference on Artificial Intelligence and Statistics},
  pages={525--533},
  year={2011},
  organization={JMLR Workshop and Conference Proceedings}
}

@article{eckersley2018impossibility,
  title={Impossibility and Uncertainty Theorems in AI Value Alignment (or why your AGI should not have a utility function)},
  author={Eckersley, Peter},
  journal={arXiv preprint arXiv:1901.00064},
  year={2018}
}

@article{turchin2019ai,
  title={AI alignment problem:“human values” don’t actually exist},
  author={Turchin, Alexey},
  year={2019}
}

@article{cao2024towards,
  title={Towards Scalable Automated Alignment of LLMs: A Survey},
  author={Cao, Boxi and Lu, Keming and Lu, Xinyu and Chen, Jiawei and Ren, Mengjie and Xiang, Hao and Liu, Peilin and Lu, Yaojie and He, Ben and Han, Xianpei and others},
  journal={arXiv preprint arXiv:2406.01252},
  year={2024}
}

@article{chen2024pad,
  title={Pad: Personalized alignment of llms at decoding-time},
  author={Chen, Ruizhe and Zhang, Xiaotian and Luo, Meng and Chai, Wenhao and Liu, Zuozhu},
  journal={arXiv preprint arXiv:2410.04070},
  year={2024}
}

@article{graves2012sequence,
  title={Sequence transduction with recurrent neural networks},
  author={Graves, Alex},
  journal={arXiv preprint arXiv:1211.3711},
  year={2012}
}

@inproceedings{boulanger2013audio,
  title={Audio Chord Recognition with Recurrent Neural Networks.},
  author={Boulanger-Lewandowski, Nicolas and Bengio, Yoshua and Vincent, Pascal},
  booktitle={ISMIR},
  pages={335--340},
  year={2013},
  organization={Curitiba}
}

@article{lee2024test,
  title={Test-Time Alignment via Hypothesis Reweighting},
  author={Lee, Yoonho and Williams, Jonathan and Marklund, Henrik and Sharma, Archit and Mitchell, Eric and Singh, Anikait and Finn, Chelsea},
  journal={arXiv preprint arXiv:2412.08812},
  year={2024}
}

@article{kadavath2022language,
  title={Language models (mostly) know what they know},
  author={Kadavath, Saurav and Conerly, Tom and Askell, Amanda and Henighan, Tom and Drain, Dawn and Perez, Ethan and Schiefer, Nicholas and Hatfield-Dodds, Zac and DasSarma, Nova and Tran-Johnson, Eli and others},
  journal={arXiv preprint arXiv:2207.05221},
  year={2022}
}

@article{ethayarajh2024kto,
  title={Kto: Model alignment as prospect theoretic optimization},
  author={Ethayarajh, Kawin and Xu, Winnie and Muennighoff, Niklas and Jurafsky, Dan and Kiela, Douwe},
  journal={arXiv preprint arXiv:2402.01306},
  year={2024}
}

@article{boysen2021last,
  title={Last-mile delivery concepts: a survey from an operational research perspective},
  author={Boysen, Nils and Fedtke, Stefan and Schwerdfeger, Stefan},
  journal={Or Spectrum},
  volume={43},
  number={1},
  pages={1--58},
  year={2021},
  publisher={Springer}
}

@inproceedings{mechergui2024goal,
  title={Goal Alignment: Re-analyzing Value Alignment Problems Using Human-Aware AI},
  author={Mechergui, Malek and Sreedharan, Sarath},
  booktitle={Proceedings of the AAAI Conference on Artificial Intelligence},
  volume={38},
  number={9},
  pages={10110--10118},
  year={2024}
}

@article{qwen2yang,
      title={Qwen2 Technical Report}, 
      author={An Yang and Baosong Yang and Binyuan Hui and Bo Zheng and Bowen Yu and Chang Zhou and Chengpeng Li and Chengyuan Li and Dayiheng Liu and Fei Huang and Guanting Dong and Haoran Wei and Huan Lin and Jialong Tang and Jialin Wang and Jian Yang and Jianhong Tu and Jianwei Zhang and Jianxin Ma and Jin Xu and Jingren Zhou and Jinze Bai and Jinzheng He and Junyang Lin and Kai Dang and Keming Lu and Keqin Chen and Kexin Yang and Mei Li and Mingfeng Xue and Na Ni and Pei Zhang and Peng Wang and Ru Peng and Rui Men and Ruize Gao and Runji Lin and Shijie Wang and Shuai Bai and Sinan Tan and Tianhang Zhu and Tianhao Li and Tianyu Liu and Wenbin Ge and Xiaodong Deng and Xiaohuan Zhou and Xingzhang Ren and Xinyu Zhang and Xipin Wei and Xuancheng Ren and Yang Fan and Yang Yao and Yichang Zhang and Yu Wan and Yunfei Chu and Yuqiong Liu and Zeyu Cui and Zhenru Zhang and Zhihao Fan},
      journal={arXiv preprint arXiv:2407.10671},
      year={2024}
}

@article{dubey2024llama,
  title={The llama 3 herd of models},
  author={Dubey, Abhimanyu and Jauhri, Abhinav and Pandey, Abhinav and Kadian, Abhishek and Al-Dahle, Ahmad and Letman, Aiesha and Mathur, Akhil and Schelten, Alan and Yang, Amy and Fan, Angela and others},
  journal={arXiv preprint arXiv:2407.21783},
  year={2024}
}

@article{touvron2023llama,
  title={Llama 2: Open foundation and fine-tuned chat models},
  author={Touvron, Hugo and Martin, Louis and Stone, Kevin and Albert, Peter and Almahairi, Amjad and Babaei, Yasmine and Bashlykov, Nikolay and Batra, Soumya and Bhargava, Prajjwal and Bhosale, Shruti and others},
  journal={arXiv preprint arXiv:2307.09288},
  year={2023}
}

@article{lambert2024rewardbench,
  title={Rewardbench: Evaluating reward models for language modeling},
  author={Lambert, Nathan and Pyatkin, Valentina and Morrison, Jacob and Miranda, LJ and Lin, Bill Yuchen and Chandu, Khyathi and Dziri, Nouha and Kumar, Sachin and Zick, Tom and Choi, Yejin and others},
  journal={arXiv preprint arXiv:2403.13787},
  year={2024}
}

@article{correa2024dynamic,
  title={Dynamic Normativity: Necessary and Sufficient Conditions for Value Alignment},
  author={Corr{\^e}a, Nicholas Kluge},
  journal={arXiv preprint arXiv:2406.11039},
  year={2024}
}

@article{yao2024tree,
  title={Tree of thoughts: Deliberate problem solving with large language models},
  author={Yao, Shunyu and Yu, Dian and Zhao, Jeffrey and Shafran, Izhak and Griffiths, Tom and Cao, Yuan and Narasimhan, Karthik},
  journal={Advances in Neural Information Processing Systems},
  volume={36},
  year={2024}
}

@article{meta2024llama32,
  title={Llama 3.2: Revolutionizing edge ai and vision with open, customizable models},
  author={Meta, AI},
  journal={Meta AI},
  year={2024}
}

@article{jacob2023consensus,
  title={The consensus game: Language model generation via equilibrium search},
  author={Jacob, Athul Paul and Shen, Yikang and Farina, Gabriele and Andreas, Jacob},
  journal={arXiv preprint arXiv:2310.09139},
  year={2023}
}

@article{snell2024scaling,
  title={Scaling llm test-time compute optimally can be more effective than scaling model parameters},
  author={Snell, Charlie and Lee, Jaehoon and Xu, Kelvin and Kumar, Aviral},
  journal={arXiv preprint arXiv:2408.03314},
  year={2024}
}

@misc{lazar2023ai,
  title={AI safety on whose terms?},
  author={Lazar, Seth and Nelson, Alondra},
  journal={Science},
  volume={381},
  number={6654},
  pages={138--138},
  year={2023},
  publisher={American Association for the Advancement of Science}
}

@article{meng2024simpo,
  title={Simpo: Simple preference optimization with a reference-free reward},
  author={Meng, Yu and Xia, Mengzhou and Chen, Danqi},
  journal={arXiv preprint arXiv:2405.14734},
  year={2024}
}

@article{liu2024tuning,
  title={Tuning language models by proxy},
  author={Liu, Alisa and Han, Xiaochuang and Wang, Yizhong and Tsvetkov, Yulia and Choi, Yejin and Smith, Noah A},
  journal={arXiv preprint arXiv:2401.08565},
  year={2024}
}

@article{lee2023rlaif,
  title={Rlaif: Scaling reinforcement learning from human feedback with ai feedback},
  author={Lee, Harrison and Phatale, Samrat and Mansoor, Hassan and Mesnard, Thomas and Ferret, Johan and Lu, Kellie and Bishop, Colton and Hall, Ethan and Carbune, Victor and Rastogi, Abhinav and others},
  journal={arXiv preprint arXiv:2309.00267},
  year={2023}
}

@inproceedings{lin2023unlocking,
  title={The unlocking spell on base llms: Rethinking alignment via in-context learning},
  author={Lin, Bill Yuchen and Ravichander, Abhilasha and Lu, Ximing and Dziri, Nouha and Sclar, Melanie and Chandu, Khyathi and Bhagavatula, Chandra and Choi, Yejin},
  booktitle={The Twelfth International Conference on Learning Representations},
  year={2023}
}

@article{anwar2024foundational,
  title={Foundational challenges in assuring alignment and safety of large language models},
  author={Anwar, Usman and Saparov, Abulhair and Rando, Javier and Paleka, Daniel and Turpin, Miles and Hase, Peter and Lubana, Ekdeep Singh and Jenner, Erik and Casper, Stephen and Sourbut, Oliver and others},
  journal={arXiv preprint arXiv:2404.09932},
  year={2024}
}

@article{bergman2024stela,
  title={STELA: a community-centred approach to norm elicitation for AI alignment},
  author={Bergman, Stevie and Marchal, Nahema and Mellor, John and Mohamed, Shakir and Gabriel, Iason and Isaac, William},
  journal={Scientific Reports},
  volume={14},
  number={1},
  pages={6616},
  year={2024},
  publisher={Nature Publishing Group UK London}
}

@article{mitchell2023emulator,
  title={An emulator for fine-tuning large language models using small language models},
  author={Mitchell, Eric and Rafailov, Rafael and Sharma, Archit and Finn, Chelsea and Manning, Christopher D},
  journal={arXiv preprint arXiv:2310.12962},
  year={2023}
}

@inproceedings{li2023offline,
  title={Offline reinforcement learning with closed-form policy improvement operators},
  author={Li, Jiachen and Zhang, Edwin and Yin, Ming and Bai, Qinxun and Wang, Yu-Xiang and Wang, William Yang},
  booktitle={International Conference on Machine Learning},
  pages={20485--20528},
  year={2023},
  organization={PMLR}
}


@article{hazan2016introduction,
  title={Introduction to online convex optimization},
  author={Hazan, Elad and others},
  journal={Foundations and Trends{\textregistered} in Optimization},
  volume={2},
  number={3-4},
  pages={157--325},
  year={2016},
  publisher={Now Publishers, Inc.}
}

@article{wu2024empirical,
  title={An Empirical Analysis of Compute-Optimal Inference for Problem-Solving with Language Models},
  author={Wu, Yangzhen and Sun, Zhiqing and Li, Shanda and Welleck, Sean and Yang, Yiming},
  journal={arXiv preprint arXiv:2408.00724},
  year={2024}
}

@article{hadfield2016cooperative,
  title={Cooperative inverse reinforcement learning},
  author={Hadfield-Menell, Dylan and Russell, Stuart J and Abbeel, Pieter and Dragan, Anca},
  journal={Advances in neural information processing systems},
  volume={29},
  year={2016}
}

@article{mechergui2023goal,
  title={Goal Alignment: A Human-Aware Account of Value Alignment Problem},
  author={Mechergui, Malek and Sreedharan, Sarath},
  journal={arXiv preprint arXiv:2302.00813},
  year={2023}
}

@inproceedings{nanongkai2012interactive,
  title={Interactive regret minimization},
  author={Nanongkai, Danupon and Lall, Ashwin and Das Sarma, Atish and Makino, Kazuhisa},
  booktitle={Proceedings of the 2012 ACM SIGMOD International Conference on Management of Data},
  pages={109--120},
  year={2012}
}

@article{burns2023weak,
  title={Weak-to-strong generalization: Eliciting strong capabilities with weak supervision},
  author={Burns, Collin and Izmailov, Pavel and Kirchner, Jan Hendrik and Baker, Bowen and Gao, Leo and Aschenbrenner, Leopold and Chen, Yining and Ecoffet, Adrien and Joglekar, Manas and Leike, Jan and others},
  journal={arXiv preprint arXiv:2312.09390},
  year={2023}
}

@article{wang2024chain,
  title={Chain-of-thought reasoning without prompting},
  author={Wang, Xuezhi and Zhou, Denny},
  journal={arXiv preprint arXiv:2402.10200},
  year={2024}
}

@article{ji2023ai,
  title={Ai alignment: A comprehensive survey},
  author={Ji, Jiaming and Qiu, Tianyi and Chen, Boyuan and Zhang, Borong and Lou, Hantao and Wang, Kaile and Duan, Yawen and He, Zhonghao and Zhou, Jiayi and Zhang, Zhaowei and others},
  journal={arXiv preprint arXiv:2310.19852},
  year={2023}
}

@article{li2022contrastive,
  title={Contrastive decoding: Open-ended text generation as optimization},
  author={Li, Xiang Lisa and Holtzman, Ari and Fried, Daniel and Liang, Percy and Eisner, Jason and Hashimoto, Tatsunori and Zettlemoyer, Luke and Lewis, Mike},
  journal={arXiv preprint arXiv:2210.15097},
  year={2022}
}

@article{yang2024qwen2,
  title={Qwen2 technical report},
  author={Yang, An and Yang, Baosong and Hui, Binyuan and Zheng, Bo and Yu, Bowen and Zhou, Chang and Li, Chengpeng and Li, Chengyuan and Liu, Dayiheng and Huang, Fei and others},
  journal={arXiv preprint arXiv:2407.10671},
  year={2024}
}

@article{jiang2023mistral,
  title={Mistral 7B},
  author={Jiang, Albert Q and Sablayrolles, Alexandre and Mensch, Arthur and Bamford, Chris and Chaplot, Devendra Singh and Casas, Diego de las and Bressand, Florian and Lengyel, Gianna and Lample, Guillaume and Saulnier, Lucile and others},
  journal={arXiv preprint arXiv:2310.06825},
  year={2023}
}

@article{lin2021truthfulqa,
  title={Truthfulqa: Measuring how models mimic human falsehoods},
  author={Lin, Stephanie and Hilton, Jacob and Evans, Owain},
  journal={arXiv preprint arXiv:2109.07958},
  year={2021}
}

@article{bradley1952rank,
  title={Rank analysis of incomplete block designs: I. The method of paired comparisons},
  author={Bradley, Ralph Allan and Terry, Milton E},
  journal={Biometrika},
  volume={39},
  number={3/4},
  pages={324--345},
  year={1952},
  publisher={JSTOR}
}

@article{ding2023enhancing,
  title={Enhancing chat language models by scaling high-quality instructional conversations},
  author={Ding, Ning and Chen, Yulin and Xu, Bokai and Qin, Yujia and Zheng, Zhi and Hu, Shengding and Liu, Zhiyuan and Sun, Maosong and Zhou, Bowen},
  journal={arXiv preprint arXiv:2305.14233},
  year={2023}
}

@article{wang2023helpsteer,
  title={Helpsteer: Multi-attribute helpfulness dataset for steerlm},
  author={Wang, Zhilin and Dong, Yi and Zeng, Jiaqi and Adams, Virginia and Sreedhar, Makesh Narsimhan and Egert, Daniel and Delalleau, Olivier and Scowcroft, Jane Polak and Kant, Neel and Swope, Aidan and others},
  journal={arXiv preprint arXiv:2311.09528},
  year={2023}
}

@article{cui2023ultrafeedback,
  title={Ultrafeedback: Boosting language models with high-quality feedback},
  author={Cui, Ganqu and Yuan, Lifan and Ding, Ning and Yao, Guanming and Zhu, Wei and Ni, Yuan and Xie, Guotong and Liu, Zhiyuan and Sun, Maosong},
  journal={arXiv preprint arXiv:2310.01377},
  year={2023}
}

@article{wang2024interpretable,
  title={Interpretable Preferences via Multi-Objective Reward Modeling and Mixture-of-Experts},
  author={Wang, Haoxiang and Xiong, Wei and Xie, Tengyang and Zhao, Han and Zhang, Tong},
  journal={arXiv preprint arXiv:2406.12845},
  year={2024}
}


@article{zhu2025grait,
  title={GRAIT: Gradient-Driven Refusal-Aware Instruction Tuning for Effective Hallucination Mitigation},
  author={Zhu, Runchuan and Jiang, Zinco and Wu, Jiang and Ma, Zhipeng and Song, Jiahe and Bai, Fengshuo and Lin, Dahua and Wu, Lijun and He, Conghui},
  journal={arXiv preprint arXiv:2502.05911},
  year={2025}
}

@article{zhang2024knowledge,
  title={Knowledge overshadowing causes amalgamated hallucination in large language models},
  author={Zhang, Yuji and Li, Sha and Liu, Jiateng and Yu, Pengfei and Fung, Yi R and Li, Jing and Li, Manling and Ji, Heng},
  journal={arXiv preprint arXiv:2407.08039},
  year={2024}
}

@inproceedings{zhang2023vibe,
    title={{VIBE}: Topic-Driven Temporal Adaptation for Twitter Classification},
    author={Yuji Zhang and Jing Li and Wenjie Li},
    booktitle={Conference on Empirical Methods in Natural Language Processing},
    year={2023},
}

@inproceedings{ZhangZX0JP21,
  author       = {Yuji Zhang and Yubo Zhang and Chunpu Xu and Jing Li and Ziyan Jiang and Baolin Peng},
  title        = {{\#}HowYouTagTweets: Learning User Hashtagging Preferences via Personalized Topic Attention},
  booktitle    = {Conference on Empirical Methods in Natural Language Processing},
  pages        = {7811--7820},
  publisher    = {Association for Computational Linguistics},
  year         = {2021}
}

@article{qiu2024progressgym,
  title={ProgressGym: Alignment with a Millennium of Moral Progress},
  author={Qiu, Tianyi and Zhang, Yang and Huang, Xuchuan and Li, Jasmine Xinze and Ji, Jiaming and Yang, Yaodong},
  journal={arXiv preprint arXiv:2406.20087},
  year={2024}
}

@article{liu2025can,
  title={Can 1B LLM Surpass 405B LLM? Rethinking Compute-Optimal Test-Time Scaling},
  author={Liu, Runze and Gao, Junqi and Zhao, Jian and Zhang, Kaiyan and Li, Xiu and Qi, Biqing and Ouyang, Wanli and Zhou, Bowen},
  journal={arXiv preprint arXiv:2502.06703},
  year={2025}
}