@article{NLP100,
  author       = {Chenglei Si and
                  Diyi Yang and
                  Tatsunori Hashimoto},
  title        = {Can LLMs Generate Novel Research Ideas? {A} Large-Scale Human Study
                  with 100+ {NLP} Researchers},
  journal      = {CoRR},
  volume       = {abs/2409.04109},
  year         = {2024},
  url          = {https://doi.org/10.48550/arXiv.2409.04109},
  doi          = {10.48550/ARXIV.2409.04109},
  eprinttype    = {arXiv},
  eprint       = {2409.04109},
  timestamp    = {Wed, 09 Oct 2024 20:46:34 +0200},
  biburl       = {https://dblp.org/rec/journals/corr/abs-2409-04109.bib},
  bibsource    = {dblp computer science bibliography, https://dblp.org}
}

@article{automated_review_process,
  author       = {Gustavo L{\'{u}}cius Fernandes and
                  Pedro O. S. Vaz de Melo},
  title        = {Enhancing the examination of obstacles in an automated peer review
                  system},
  journal      = {Int. J. Digit. Libr.},
  volume       = {25},
  number       = {2},
  pages        = {341--364},
  year         = {2024
                 },
  url          = {https://doi.org/10.1007/s00799-023-00382-1},
  doi          = {10.1007/S00799-023-00382-1},
  timestamp    = {Fri, 02 Aug 2024 21:41:19 +0200},
  biburl       = {https://dblp.org/rec/journals/jodl/FernandesM24.bib},
  bibsource    = {dblp computer science bibliography, https://dblp.org}
}

@article{chemistry_tools,
  author       = {Andres M. Bran and
                  Sam Cox and
                  Oliver Schilter and
                  Carlo Baldassari and
                  Andrew D. White and
                  Philippe Schwaller},
  title        = {Augmenting large language models with chemistry tools},
  journal      = {Nat. Mac. Intell.},
  volume       = {6},
  number       = {5},
  pages        = {525--535},
  year         = {2024},
  url          = {https://doi.org/10.1038/s42256-024-00832-8},
  doi          = {10.1038/S42256-024-00832-8},
  timestamp    = {Fri, 02 Aug 2024 21:40:47 +0200},
  biburl       = {https://dblp.org/rec/journals/natmi/BranCSBWS24.bib},
  bibsource    = {dblp computer science bibliography, https://dblp.org}
}

@article{cimate,
  author       = {Jun Hirako and
                  Ryohei Sasano and
                  Koichi Takeda},
  title        = {CiMaTe: Citation Count Prediction Effectively Leveraging the Main
                  Text},
  journal      = {CoRR},
  volume       = {abs/2410.04404},
  year         = {2024},
  url          = {https://doi.org/10.48550/arXiv.2410.04404},
  doi          = {10.48550/ARXIV.2410.04404},
  eprinttype    = {arXiv},
  eprint       = {2410.04404},
  timestamp    = {Tue, 12 Nov 2024 18:39:23 +0100},
  biburl       = {https://dblp.org/rec/journals/corr/abs-2410-04404.bib},
  bibsource    = {dblp computer science bibliography, https://dblp.org}
}

@article{citation_history1,
  author       = {Kehan Wang and
                  Wenxuan Shi and
                  Junsong Bai and
                  Xiaoping Zhao and
                  Liying Zhang},
  title        = {Prediction and application of article potential citations based on
                  nonlinear citation-forecasting combined model},
  journal      = {Scientometrics},
  volume       = {126},
  number       = {8},
  pages        = {6533--6550},
  year         = {2021},
  url          = {https://doi.org/10.1007/s11192-021-04026-6},
  doi          = {10.1007/S11192-021-04026-6},
  timestamp    = {Mon, 28 Aug 2023 21:24:46 +0200},
  biburl       = {https://dblp.org/rec/journals/scientometrics/WangSBZZ21.bib},
  bibsource    = {dblp computer science bibliography, https://dblp.org}
}

@article{citation_metadata1,
  author       = {Xiaomei Bai and
                  Fuli Zhang and
                  Ivan Lee},
  title        = {Predicting the citations of scholarly paper},
  journal      = {J. Informetrics},
  volume       = {13},
  number       = {1},
  pages        = {407--418},
  year         = {2019},
  url          = {https://doi.org/10.1016/j.joi.2019.01.010},
  doi          = {10.1016/J.JOI.2019.01.010},
  timestamp    = {Wed, 26 Jun 2024 21:42:21 +0200},
  biburl       = {https://dblp.org/rec/journals/joi/BaiZL19.bib},
  bibsource    = {dblp computer science bibliography, https://dblp.org}
}

@inproceedings{citation_prediction_review_text1,
  author       = {Siqing Li and
                  Wayne Xin Zhao and
                  Eddy Jing Yin and
                  Ji{-}Rong Wen},
  editor       = {Kentaro Inui and
                  Jing Jiang and
                  Vincent Ng and
                  Xiaojun Wan},
  title        = {A Neural Citation Count Prediction Model based on Peer Review Text},
  booktitle    = {Proceedings of the 2019 Conference on Empirical Methods in Natural
                  Language Processing and the 9th International Joint Conference on
                  Natural Language Processing, {EMNLP-IJCNLP} 2019, Hong Kong, China,
                  November 3-7, 2019},
  pages        = {4913--4923},
  publisher    = {Association for Computational Linguistics},
  year         = {2019},
  url          = {https://doi.org/10.18653/v1/D19-1497},
  doi          = {10.18653/V1/D19-1497},
  timestamp    = {Thu, 07 Apr 2022 09:14:07 +0200},
  biburl       = {https://dblp.org/rec/conf/emnlp/LiZYW19.bib},
  bibsource    = {dblp computer science bibliography, https://dblp.org}
}

@inproceedings{citation_prediction_review_text2,
  author       = {Barbara Plank and
                  Reinard van Dalen},
  editor       = {Muthu Kumar Chandrasekaran and
                  Philipp Mayr},
  title        = {CiteTracked: {A} Longitudinal Dataset of Peer Reviews and Citations},
  booktitle    = {Proceedings of the 4th Joint Workshop on Bibliometric-enhanced Information
                  Retrieval and Natural Language Processing for Digital Libraries {(BIRNDL}
                  2019) co-located with the 42nd International {ACM} {SIGIR} Conference
                  on Research and Development in Information Retrieval {(SIGIR} 2019),
                  Paris, France, July 25, 2019},
  series       = {{CEUR} Workshop Proceedings},
  volume       = {2414},
  pages        = {116--122},
  publisher    = {CEUR-WS.org},
  year         = {2019},
  url          = {https://ceur-ws.org/Vol-2414/paper12.pdf},
  timestamp    = {Fri, 10 Mar 2023 16:22:17 +0100},
  biburl       = {https://dblp.org/rec/conf/sigir/PlankD19.bib},
  bibsource    = {dblp computer science bibliography, https://dblp.org}
}

@article{citation_prediction_sciencometrics,
  author       = {Fang Zhang and
                  Shengli Wu},
  title        = {Predicting citation impact of academic papers across research areas
                  using multiple models and early citations},
  journal      = {Scientometrics},
  volume       = {129},
  number       = {7},
  pages        = {4137--4166},
  year         = {2024},
  url          = {https://doi.org/10.1007/s11192-024-05086-0},
  doi          = {10.1007/S11192-024-05086-0},
  timestamp    = {Thu, 22 Aug 2024 20:24:38 +0200},
  biburl       = {https://dblp.org/rec/journals/scientometrics/ZhangW24.bib},
  bibsource    = {dblp computer science bibliography, https://dblp.org}
}

@inproceedings{early_work_citation_prediction1,
  author       = {Lawrence D. Fu and
                  Constantin F. Aliferis},
  title        = {Models for Predicting and Explaining Citation Count of Biomedical
                  Articles},
  booktitle    = {{AMIA} 2008, American Medical Informatics Association Annual Symposium,
                  Washington, DC, USA, November 8-12, 2008},
  publisher    = {{AMIA}},
  year         = {2008},
  url          = {https://knowledge.amia.org/amia-55142-a2008a-1.625176/t-001-1.626020/f-001-1.626021/a-045-1.626429/a-046-1.626426},
  timestamp    = {Wed, 17 Apr 2024 11:48:12 +0200},
  biburl       = {https://dblp.org/rec/conf/amia/FuA08.bib},
  bibsource    = {dblp computer science bibliography, https://dblp.org}
}

@article{early_work_citation_prediction2,
  author       = {Alfonso Ib{\'{a}}{\~{n}}ez and
                  Pedro Larra{\~{n}}aga and
                  Concha Bielza},
  title        = {Predicting citation count of \emph{Bioinformatics} papers within four
                  years of publication},
  journal      = {Bioinform.},
  volume       = {25},
  number       = {24},
  pages        = {3303--3309},
  year         = {2009},
  url          = {https://doi.org/10.1093/bioinformatics/btp585},
  doi          = {10.1093/BIOINFORMATICS/BTP585},
  timestamp    = {Mon, 02 Mar 2020 16:25:54 +0100},
  biburl       = {https://dblp.org/rec/journals/bioinformatics/IbanezLB09.bib},
  bibsource    = {dblp computer science bibliography, https://dblp.org}
}

@article{embeddings_citation_count_prediction,
  author       = {Adilson Vital Jr. and
                  Filipi N. Silva and
                  Osvaldo N. Oliveira Jr. and
                  Diego R. Amancio},
  title        = {Predicting citation impact of research papers using {GPT} and other
                  text embeddings},
  journal      = {CoRR},
  volume       = {abs/2407.19942},
  year         = {2024},
  url          = {https://doi.org/10.48550/arXiv.2407.19942},
  doi          = {10.48550/ARXIV.2407.19942},
  eprinttype    = {arXiv},
  eprint       = {2407.19942},
  timestamp    = {Wed, 21 Aug 2024 20:53:18 +0200},
  biburl       = {https://dblp.org/rec/journals/corr/abs-2407-19942.bib},
  bibsource    = {dblp computer science bibliography, https://dblp.org}
}

@inproceedings{findings_openreview,
  author       = {Gang Wang and
                  Qi Peng and
                  Yanfeng Zhang and
                  Mingyang Zhang},
  editor       = {Leong Hou U and
                  Marc Spaniol and
                  Yasushi Sakurai and
                  Junying Chen},
  title        = {What Have We Learned from OpenReview?},
  booktitle    = {Web and Big Data - 5th International Joint Conference, APWeb-WAIM
                  2021, Guangzhou, China, August 23-25, 2021, Proceedings, Part {I}},
  series       = {Lecture Notes in Computer Science},
  volume       = {12858},
  pages        = {63--79},
  publisher    = {Springer},
  year         = {2021},
  url          = {https://doi.org/10.1007/978-3-030-85896-4\_6},
  doi          = {10.1007/978-3-030-85896-4\_6},
  timestamp    = {Tue, 07 Mar 2023 08:43:07 +0100},
  biburl       = {https://dblp.org/rec/conf/apweb/WangPZZ21.bib},
  bibsource    = {dblp computer science bibliography, https://dblp.org}
}

@article{gpt4,
  author       = {OpenAI},
  title        = {{GPT-4} Technical Report},
  journal      = {CoRR},
  volume       = {abs/2303.08774},
  year         = {2023},
  url          = {https://doi.org/10.48550/arXiv.2303.08774},
  doi          = {10.48550/ARXIV.2303.08774},
  eprinttype    = {arXiv},
  eprint       = {2303.08774},
  timestamp    = {Mon, 28 Aug 2023 21:26:19 +0200},
  biburl       = {https://dblp.org/rec/journals/corr/abs-2303-08774.bib},
  bibsource    = {dblp computer science bibliography, https://dblp.org}
}

@article{hypothesis_generation,
  author       = {Biqing Qi and
                  Kaiyan Zhang and
                  Haoxiang Li and
                  Kai Tian and
                  Sihang Zeng and
                  Zhang{-}Ren Chen and
                  Bowen Zhou},
  title        = {Large Language Models are Zero Shot Hypothesis Proposers},
  journal      = {CoRR},
  volume       = {abs/2311.05965},
  year         = {2023},
  url          = {https://doi.org/10.48550/arXiv.2311.05965},
  doi          = {10.48550/ARXIV.2311.05965},
  eprinttype    = {arXiv},
  eprint       = {2311.05965},
  timestamp    = {Wed, 13 Nov 2024 20:17:14 +0100},
  biburl       = {https://dblp.org/rec/journals/corr/abs-2311-05965.bib},
  bibsource    = {dblp computer science bibliography, https://dblp.org}
}

@inproceedings{hypothesis_generation2,
  author       = {Zonglin Yang and
                  Xinya Du and
                  Junxian Li and
                  Jie Zheng and
                  Soujanya Poria and
                  Erik Cambria},
  editor       = {Lun{-}Wei Ku and
                  Andre Martins and
                  Vivek Srikumar},
  title        = {Large Language Models for Automated Open-domain Scientific Hypotheses
                  Discovery},
  booktitle    = {Findings of the Association for Computational Linguistics, {ACL} 2024,
                  Bangkok, Thailand and virtual meeting, August 11-16, 2024},
  pages        = {13545--13565},
  publisher    = {Association for Computational Linguistics},
  year         = {2024},
  url          = {https://doi.org/10.18653/v1/2024.findings-acl.804},
  doi          = {10.18653/V1/2024.FINDINGS-ACL.804},
  timestamp    = {Tue, 24 Sep 2024 10:55:40 +0200},
  biburl       = {https://dblp.org/rec/conf/acl/YangDLZPC24.bib},
  bibsource    = {dblp computer science bibliography, https://dblp.org}
}

@article{machine_learning_research_agent,
  author       = {Ruochen Li and
                  Teerth Patel and
                  Qingyun Wang and
                  Xinya Du},
  title        = {MLR-Copilot: Autonomous Machine Learning Research based on Large Language
                  Models Agents},
  journal      = {CoRR},
  volume       = {abs/2408.14033},
  year         = {2024},
  url          = {https://doi.org/10.48550/arXiv.2408.14033},
  doi          = {10.48550/ARXIV.2408.14033},
  eprinttype    = {arXiv},
  eprint       = {2408.14033},
  timestamp    = {Fri, 08 Nov 2024 07:36:22 +0100},
  biburl       = {https://dblp.org/rec/journals/corr/abs-2408-14033.bib},
  bibsource    = {dblp computer science bibliography, https://dblp.org}
}

@inproceedings{malicious_bidding,
  author       = {Steven Jecmen and
                  Minji Yoon and
                  Vincent Conitzer and
                  Nihar B. Shah and
                  Fei Fang},
  editor       = {Ying Ding and
                  Jie Tang and
                  Juan F. Sequeda and
                  Lora Aroyo and
                  Carlos Castillo and
                  Geert{-}Jan Houben},
  title        = {A Dataset on Malicious Paper Bidding in Peer Review},
  booktitle    = {Proceedings of the {ACM} Web Conference 2023, {WWW} 2023, Austin,
                  TX, USA, 30 April 2023 - 4 May 2023},
  pages        = {3816--3826},
  publisher    = {{ACM}},
  year         = {2023},
  url          = {https://doi.org/10.1145/3543507.3583424},
  doi          = {10.1145/3543507.3583424},
  timestamp    = {Wed, 07 Feb 2024 17:23:12 +0100},
  biburl       = {https://dblp.org/rec/conf/www/JecmenYCSF23.bib},
  bibsource    = {dblp computer science bibliography, https://dblp.org}
}

@inproceedings{newly_published_citation_prediction,
  author       = {Jun Hirako and
                  Ryohei Sasano and
                  Koichi Takeda},
  editor       = {Andreas Vlachos and
                  Isabelle Augenstein},
  title        = {Realistic Citation Count Prediction Task for Newly Published Papers},
  booktitle    = {Findings of the Association for Computational Linguistics: {EACL}
                  2023, Dubrovnik, Croatia, May 2-6, 2023},
  pages        = {1101--1111},
  publisher    = {Association for Computational Linguistics},
  year         = {2023},
  url          = {https://doi.org/10.18653/v1/2023.findings-eacl.84},
  doi          = {10.18653/V1/2023.FINDINGS-EACL.84},
  timestamp    = {Thu, 05 Oct 2023 18:05:02 +0200},
  biburl       = {https://dblp.org/rec/conf/eacl/HirakoST23.bib},
  bibsource    = {dblp computer science bibliography, https://dblp.org}
}

@inproceedings{other_dataset,
  author       = {Nils Dycke and
                  Ilia Kuznetsov and
                  Iryna Gurevych},
  editor       = {Anna Rogers and
                  Jordan L. Boyd{-}Graber and
                  Naoaki Okazaki},
  title        = {NLPeer: {A} Unified Resource for the Computational Study of Peer Review},
  booktitle    = {Proceedings of the 61st Annual Meeting of the Association for Computational
                  Linguistics (Volume 1: Long Papers), {ACL} 2023, Toronto, Canada,
                  July 9-14, 2023},
  pages        = {5049--5073},
  publisher    = {Association for Computational Linguistics},
  year         = {2023},
  url          = {https://doi.org/10.18653/v1/2023.acl-long.277},
  doi          = {10.18653/V1/2023.ACL-LONG.277},
  timestamp    = {Thu, 10 Aug 2023 12:36:02 +0200},
  biburl       = {https://dblp.org/rec/conf/acl/DyckeKG23.bib},
  bibsource    = {dblp computer science bibliography, https://dblp.org}
}

@inproceedings{peer_assist,
  author       = {Prabhat Kumar Bharti and
                  Shashi Ranjan and
                  Tirthankar Ghosal and
                  Mayank Agrawal and
                  Asif Ekbal},
  editor       = {Hao{-}Ren Ke and
                  Chei Sian Lee and
                  Kazunari Sugiyama},
  title        = {PEERAssist: Leveraging on Paper-Review Interactions to Predict Peer
                  Review Decisions},
  booktitle    = {Towards Open and Trustworthy Digital Societies - 23rd International
                  Conference on Asia-Pacific Digital Libraries, {ICADL} 2021, Virtual
                  Event, December 1-3, 2021, Proceedings},
  series       = {Lecture Notes in Computer Science},
  volume       = {13133},
  pages        = {421--435},
  publisher    = {Springer},
  year         = {2021},
  url          = {https://doi.org/10.1007/978-3-030-91669-5\_33},
  doi          = {10.1007/978-3-030-91669-5\_33},
  timestamp    = {Fri, 03 Dec 2021 17:36:26 +0100},
  biburl       = {https://dblp.org/rec/conf/icadl/BhartiRGAE21.bib},
  bibsource    = {dblp computer science bibliography, https://dblp.org}
}

@inproceedings{peer_read,
  author       = {Dongyeop Kang and
                  Waleed Ammar and
                  Bhavana Dalvi and
                  Madeleine van Zuylen and
                  Sebastian Kohlmeier and
                  Eduard H. Hovy and
                  Roy Schwartz},
  editor       = {Marilyn A. Walker and
                  Heng Ji and
                  Amanda Stent},
  title        = {A Dataset of Peer Reviews (PeerRead): Collection, Insights and {NLP}
                  Applications},
  booktitle    = {Proceedings of the 2018 Conference of the North American Chapter of
                  the Association for Computational Linguistics: Human Language Technologies,
                  {NAACL-HLT} 2018, New Orleans, Louisiana, USA, June 1-6, 2018, Volume
                  1 (Long Papers)},
  pages        = {1647--1661},
  publisher    = {Association for Computational Linguistics},
  year         = {2018},
  url          = {https://doi.org/10.18653/v1/n18-1149},
  doi          = {10.18653/V1/N18-1149},
  timestamp    = {Fri, 06 Aug 2021 00:41:30 +0200},
  biburl       = {https://dblp.org/rec/conf/naacl/KangADZKHS18.bib},
  bibsource    = {dblp computer science bibliography, https://dblp.org}
}

@article{research_agent,
  author       = {Jinheon Baek and
                  Sujay Kumar Jauhar and
                  Silviu Cucerzan and
                  Sung Ju Hwang},
  title        = {ResearchAgent: Iterative Research Idea Generation over Scientific
                  Literature with Large Language Models},
  journal      = {CoRR},
  volume       = {abs/2404.07738},
  year         = {2024},
  url          = {https://doi.org/10.48550/arXiv.2404.07738},
  doi          = {10.48550/ARXIV.2404.07738},
  eprinttype    = {arXiv},
  eprint       = {2404.07738},
  timestamp    = {Thu, 16 May 2024 13:49:33 +0200},
  biburl       = {https://dblp.org/rec/journals/corr/abs-2404-07738.bib},
  bibsource    = {dblp computer science bibliography, https://dblp.org}
}

@inproceedings{review_dataset_overview,
  title={An Analysis of Tasks and Datasets in Peer Reviewing},
  author={Staudinger, Moritz and Kusa, Wojciech and Piroi, Florina and Hanbury, Allan},
  booktitle={Proceedings of the Fourth Workshop on Scholarly Document Processing (SDP 2024)},
  pages={257--268},
  year={2024}
}

@article{review_generation1,
  author       = {Weizhe Yuan and
                  Pengfei Liu and
                  Graham Neubig},
  title        = {Can We Automate Scientific Reviewing?},
  journal      = {J. Artif. Intell. Res.},
  volume       = {75},
  pages        = {171--212},
  year         = {2022},
  url          = {https://doi.org/10.1613/jair.1.12862},
  doi          = {10.1613/JAIR.1.12862},
  timestamp    = {Fri, 07 Oct 2022 17:01:39 +0200},
  biburl       = {https://dblp.org/rec/journals/jair/YuanLN22.bib},
  bibsource    = {dblp computer science bibliography, https://dblp.org}
}

@article{review_generation2,
  author       = {Mike D'Arcy and
                  Tom Hope and
                  Larry Birnbaum and
                  Doug Downey},
  title        = {{MARG:} Multi-Agent Review Generation for Scientific Papers},
  journal      = {CoRR},
  volume       = {abs/2401.04259},
  year         = {2024},
  url          = {https://doi.org/10.48550/arXiv.2401.04259},
  doi          = {10.48550/ARXIV.2401.04259},
  eprinttype    = {arXiv},
  eprint       = {2401.04259},
  timestamp    = {Wed, 24 Jan 2024 16:19:32 +0100},
  biburl       = {https://dblp.org/rec/journals/corr/abs-2401-04259.bib},
  bibsource    = {dblp computer science bibliography, https://dblp.org}
}

@inproceedings{review_generation3,
  author       = {Ruiyang Zhou and
                  Lu Chen and
                  Kai Yu},
  editor       = {Nicoletta Calzolari and
                  Min{-}Yen Kan and
                  V{\'{e}}ronique Hoste and
                  Alessandro Lenci and
                  Sakriani Sakti and
                  Nianwen Xue},
  title        = {Is {LLM} a Reliable Reviewer? {A} Comprehensive Evaluation of {LLM}
                  on Automatic Paper Reviewing Tasks},
  booktitle    = {Proceedings of the 2024 Joint International Conference on Computational
                  Linguistics, Language Resources and Evaluation, {LREC/COLING} 2024,
                  20-25 May, 2024, Torino, Italy},
  pages        = {9340--9351},
  publisher    = {{ELRA} and {ICCL}},
  year         = {2024},
  url          = {https://aclanthology.org/2024.lrec-main.816},
  timestamp    = {Mon, 08 Jul 2024 14:24:57 +0200},
  biburl       = {https://dblp.org/rec/conf/coling/ZhouC024.bib},
  bibsource    = {dblp computer science bibliography, https://dblp.org}
}

@inproceedings{review_score_prediction_intermediate,
  title={Intermediate-Task Transfer Learning for Peer Review Score Prediction},
  author={Muangkammuen, Panitan and Fukumoto, Fumiyo and Li, Jiyi and Suzuki, Yoshimi},
  booktitle={Proceedings of the 13th International Joint Conference on Natural Language Processing and the 3rd Conference of the Asia-Pacific Chapter of the Association for Computational Linguistics: Student Research Workshop},
  pages={40--47},
  year={2023}
}

@inproceedings{review_score_prediction_unlabeled,
  author       = {Panitan Muangkammuen and
                  Fumiyo Fukumoto and
                  Jiyi Li and
                  Yoshimi Suzuki},
  editor       = {Yoav Goldberg and
                  Zornitsa Kozareva and
                  Yue Zhang},
  title        = {Exploiting Labeled and Unlabeled Data via Transformer Fine-tuning
                  for Peer-Review Score Prediction},
  booktitle    = {Findings of the Association for Computational Linguistics: {EMNLP}
                  2022, Abu Dhabi, United Arab Emirates, December 7-11, 2022},
  pages        = {2233--2240},
  publisher    = {Association for Computational Linguistics},
  year         = {2022},
  url          = {https://doi.org/10.18653/v1/2022.findings-emnlp.164},
  doi          = {10.18653/V1/2022.FINDINGS-EMNLP.164},
  timestamp    = {Thu, 10 Aug 2023 12:35:35 +0200},
  biburl       = {https://dblp.org/rec/conf/emnlp/MuangkammuenFLS22.bib},
  bibsource    = {dblp computer science bibliography, https://dblp.org}
}

@article{sakana,
  author       = {Chris Lu and
                  Cong Lu and
                  Robert Tjarko Lange and
                  Jakob Foerster and
                  Jeff Clune and
                  David Ha},
  title        = {The {AI} Scientist: Towards Fully Automated Open-Ended Scientific
                  Discovery},
  journal      = {CoRR},
  volume       = {abs/2408.06292},
  year         = {2024},
  url          = {https://doi.org/10.48550/arXiv.2408.06292},
  doi          = {10.48550/ARXIV.2408.06292},
  eprinttype    = {arXiv},
  eprint       = {2408.06292},
  timestamp    = {Mon, 23 Sep 2024 16:08:57 +0200},
  biburl       = {https://dblp.org/rec/journals/corr/abs-2408-06292.bib},
  bibsource    = {dblp computer science bibliography, https://dblp.org}
}

@inproceedings{schubert,
  author       = {Thomas van Dongen and
                  Gideon Maillette de Buy Wenniger and
                  Lambert Schomaker},
  editor       = {Muthu Kumar Chandrasekaran and
                  Anita de Waard and
                  Guy Feigenblat and
                  Dayne Freitag and
                  Tirthankar Ghosal and
                  Eduard H. Hovy and
                  Petr Knoth and
                  David Konopnicki and
                  Philipp Mayr and
                  Robert M. Patton and
                  Michal Shmueli{-}Scheuer},
  title        = {SChuBERT: Scholarly Document Chunks with BERT-encoding boost Citation
                  Count Prediction}

@inproceedings{scimon,
  author       = {Qingyun Wang and
                  Doug Downey and
                  Heng Ji and
                  Tom Hope},
  editor       = {Lun{-}Wei Ku and
                  Andre Martins and
                  Vivek Srikumar},
  title        = {SciMON: Scientific Inspiration Machines Optimized for Novelty},
  booktitle    = {Proceedings of the 62nd Annual Meeting of the Association for Computational
                  Linguistics (Volume 1: Long Papers), {ACL} 2024, Bangkok, Thailand,
                  August 11-16, 2024},
  pages        = {279--299},
  publisher    = {Association for Computational Linguistics},
  year         = {2024},
  url          = {https://doi.org/10.18653/v1/2024.acl-long.18},
  doi          = {10.18653/V1/2024.ACL-LONG.18},
  timestamp    = {Tue, 24 Sep 2024 10:55:36 +0200},
  biburl       = {https://dblp.org/rec/conf/acl/0005DJH24.bib},
  bibsource    = {dblp computer science bibliography, https://dblp.org}
}

@inproceedings{stable_diffusion_3,
  author       = {Patrick Esser and
                  Sumith Kulal and
                  Andreas Blattmann and
                  Rahim Entezari and
                  Jonas M{\"{u}}ller and
                  Harry Saini and
                  Yam Levi and
                  Dominik Lorenz and
                  Axel Sauer and
                  Frederic Boesel and
                  Dustin Podell and
                  Tim Dockhorn and
                  Zion English and
                  Robin Rombach},
  title        = {Scaling Rectified Flow Transformers for High-Resolution Image Synthesis},
  booktitle    = {Forty-first International Conference on Machine Learning, {ICML} 2024,
                  Vienna, Austria, July 21-27, 2024},
  publisher    = {OpenReview.net},
  year         = {2024},
  url          = {https://openreview.net/forum?id=FPnUhsQJ5B},
  timestamp    = {Mon, 02 Sep 2024 16:55:25 +0200},
  biburl       = {https://dblp.org/rec/conf/icml/EsserKBEMSLLSBP24.bib},
  bibsource    = {dblp computer science bibliography, https://dblp.org}
}

@inproceedings{writing_assistant1,
  author       = {Martin Funkquist and
                  Ilia Kuznetsov and
                  Yufang Hou and
                  Iryna Gurevych},
  editor       = {Houda Bouamor and
                  Juan Pino and
                  Kalika Bali},
  title        = {CiteBench: {A} Benchmark for Scientific Citation Text Generation},
  booktitle    = {Proceedings of the 2023 Conference on Empirical Methods in Natural
                  Language Processing, {EMNLP} 2023, Singapore, December 6-10, 2023},
  pages        = {7337--7353},
  publisher    = {Association for Computational Linguistics},
  year         = {2023},
  url          = {https://doi.org/10.18653/v1/2023.emnlp-main.455},
  doi          = {10.18653/V1/2023.EMNLP-MAIN.455},
  timestamp    = {Fri, 12 Apr 2024 13:11:48 +0200},
  biburl       = {https://dblp.org/rec/conf/emnlp/FunkquistK0G23.bib},
  bibsource    = {dblp computer science bibliography, https://dblp.org}
}

@inproceedings{writing_assistant2,
  author       = {Tianyu Gao and
                  Howard Yen and
                  Jiatong Yu and
                  Danqi Chen},
  editor       = {Houda Bouamor and
                  Juan Pino and
                  Kalika Bali},
  title        = {Enabling Large Language Models to Generate Text with Citations},
  booktitle    = {Proceedings of the 2023 Conference on Empirical Methods in Natural
                  Language Processing, {EMNLP} 2023, Singapore, December 6-10, 2023},
  pages        = {6465--6488},
  publisher    = {Association for Computational Linguistics},
  year         = {2023},
  url          = {https://doi.org/10.18653/v1/2023.emnlp-main.398},
  doi          = {10.18653/V1/2023.EMNLP-MAIN.398},
  timestamp    = {Thu, 17 Oct 2024 17:26:43 +0200},
  biburl       = {https://dblp.org/rec/conf/emnlp/GaoYYC23.bib},
  bibsource    = {dblp computer science bibliography, https://dblp.org}
}

