% Use this file for citations not found in the ACL Anthology (contained in "anthology.bib").

@inproceedings{little2007keyword,
  title={Keyword programming in Java},
  author={Little, Greg and Miller, Robert C},
  booktitle={Proceedings of the 22nd IEEE/ACM International Conference on Automated Software Engineering},
  pages={84--93},
  year={2007}
}

@inproceedings{gvero2015interactive,
  title={Interactive synthesis using free-form queries},
  author={Gvero, Tihomir and Kuncak, Viktor},
  booktitle={2015 IEEE/ACM 37th IEEE International Conference on Software Engineering},
  volume={2},
  pages={689--692},
  year={2015},
  organization={IEEE}
}

@article{brown2020language,
  title={Language models are few-shot learners},
  author={Brown, Tom B},
  journal={arXiv preprint arXiv:2005.14165},
  year={2020}
}

@article{floridi2020gpt,
  title={GPT-3: Its nature, scope, limits, and consequences},
  author={Floridi, Luciano and Chiriatti, Massimo},
  journal={Minds and Machines},
  volume={30},
  pages={681--694},
  year={2020},
  publisher={Springer}
}

@article{achiam2023gpt,
  title={Gpt-4 technical report},
  author={Achiam, Josh and Adler, Steven and Agarwal, Sandhini and Ahmad, Lama and Akkaya, Ilge and Aleman, Florencia Leoni and Almeida, Diogo and Altenschmidt, Janko and Altman, Sam and Anadkat, Shyamal and others},
  journal={arXiv preprint arXiv:2303.08774},
  year={2023}
}

@article{touvron2023llama,
  title={Llama: Open and efficient foundation language models},
  author={Touvron, Hugo and Lavril, Thibaut and Izacard, Gautier and Martinet, Xavier and Lachaux, Marie-Anne and Lacroix, Timoth{\'e}e and Rozi{\`e}re, Baptiste and Goyal, Naman and Hambro, Eric and Azhar, Faisal and others},
  journal={arXiv preprint arXiv:2302.13971},
  year={2023}
}

@article{touvron2023llama2,
  title={Llama 2: Open foundation and fine-tuned chat models},
  author={Touvron, Hugo and Martin, Louis and Stone, Kevin and Albert, Peter and Almahairi, Amjad and Babaei, Yasmine and Bashlykov, Nikolay and Batra, Soumya and Bhargava, Prajjwal and Bhosale, Shruti and others},
  journal={arXiv preprint arXiv:2307.09288},
  year={2023}
}

@article{dubey2024llama,
  title={The llama 3 herd of models},
  author={Dubey, Abhimanyu and Jauhri, Abhinav and Pandey, Abhinav and Kadian, Abhishek and Al-Dahle, Ahmad and Letman, Aiesha and Mathur, Akhil and Schelten, Alan and Yang, Amy and Fan, Angela and others},
  journal={arXiv preprint arXiv:2407.21783},
  year={2024}
}

@article{chen2021evaluating,
  title={Evaluating large language models trained on code},
  author={Chen, Mark and Tworek, Jerry and Jun, Heewoo and Yuan, Qiming and Pinto, Henrique Ponde De Oliveira and Kaplan, Jared and Edwards, Harri and Burda, Yuri and Joseph, Nicholas and Brockman, Greg and others},
  journal={arXiv preprint arXiv:2107.03374},
  year={2021}
}

@article{allamanis2018survey,
  title={A survey of machine learning for big code and naturalness},
  author={Allamanis, Miltiadis and Barr, Earl T and Devanbu, Premkumar and Sutton, Charles},
  journal={ACM Computing Surveys (CSUR)},
  volume={51},
  number={4},
  pages={1--37},
  year={2018},
  publisher={ACM New York, NY, USA}
}

@article{zan2022large,
  title={Large language models meet nl2code: A survey},
  author={Zan, Daoguang and Chen, Bei and Zhang, Fengji and Lu, Dianjie and Wu, Bingchao and Guan, Bei and Wang, Yongji and Lou, Jian-Guang},
  journal={arXiv preprint arXiv:2212.09420},
  year={2022}
}

@article{ouyang2022training,
  title={Training language models to follow instructions with human feedback},
  author={Ouyang, Long and Wu, Jeffrey and Jiang, Xu and Almeida, Diogo and Wainwright, Carroll and Mishkin, Pamela and Zhang, Chong and Agarwal, Sandhini and Slama, Katarina and Ray, Alex and others},
  journal={Advances in neural information processing systems},
  volume={35},
  pages={27730--27744},
  year={2022}
}

@article{lee2023rlaif,
  title={Rlaif: Scaling reinforcement learning from human feedback with ai feedback},
  author={Lee, Harrison and Phatale, Samrat and Mansoor, Hassan and Mesnard, Thomas and Ferret, Johan and Lu, Kellie and Bishop, Colton and Hall, Ethan and Carbune, Victor and Rastogi, Abhinav and others},
  journal={arXiv preprint arXiv:2309.00267},
  year={2023}
}

@article{ren2020codebleu,
  title={Codebleu: a method for automatic evaluation of code synthesis},
  author={Ren, Shuo and Guo, Daya and Lu, Shuai and Zhou, Long and Liu, Shujie and Tang, Duyu and Sundaresan, Neel and Zhou, Ming and Blanco, Ambrosio and Ma, Shuai},
  journal={arXiv preprint arXiv:2009.10297},
  year={2020}
}

@inproceedings{wu2023human,
  title={Human preference score: Better aligning text-to-image models with human preference},
  author={Wu, Xiaoshi and Sun, Keqiang and Zhu, Feng and Zhao, Rui and Li, Hongsheng},
  booktitle={Proceedings of the IEEE/CVF International Conference on Computer Vision},
  pages={2096--2105},
  year={2023}
}

@article{williams2017hybrid,
  title={Hybrid code networks: practical and efficient end-to-end dialog control with supervised and reinforcement learning},
  author={Williams, Jason D and Asadi, Kavosh and Zweig, Geoffrey},
  journal={arXiv preprint arXiv:1702.03274},
  year={2017}
}

@article{dhingra2016towards,
  title={Towards end-to-end reinforcement learning of dialogue agents for information access},
  author={Dhingra, Bhuwan and Li, Lihong and Li, Xiujun and Gao, Jianfeng and Chen, Yun-Nung and Ahmed, Faisal and Deng, Li},
  journal={arXiv preprint arXiv:1609.00777},
  year={2016}
}

@article{casper2023open,
  title={Open problems and fundamental limitations of reinforcement learning from human feedback},
  author={Casper, Stephen and Davies, Xander and Shi, Claudia and Gilbert, Thomas Krendl and Scheurer, J{\'e}r{\'e}my and Rando, Javier and Freedman, Rachel and Korbak, Tomasz and Lindner, David and Freire, Pedro and others},
  journal={arXiv preprint arXiv:2307.15217},
  year={2023}
}

@article{zhang2023survey,
  title={A survey on language models for code},
  author={Zhang, Ziyin and Chen, Chaoyu and Liu, Bingchang and Liao, Cong and Gong, Zi and Yu, Hang and Li, Jianguo and Wang, Rui},
  journal={arXiv preprint arXiv:2311.07989},
  year={2023}
}

@article{le2022coderl,
  title={Coderl: Mastering code generation through pretrained models and deep reinforcement learning},
  author={Le, Hung and Wang, Yue and Gotmare, Akhilesh Deepak and Savarese, Silvio and Hoi, Steven Chu Hong},
  journal={Advances in Neural Information Processing Systems},
  volume={35},
  pages={21314--21328},
  year={2022}
}

@article{wang2022compilable,
  title={Compilable neural code generation with compiler feedback},
  author={Wang, Xin and Wang, Yasheng and Wan, Yao and Mi, Fei and Li, Yitong and Zhou, Pingyi and Liu, Jin and Wu, Hao and Jiang, Xin and Liu, Qun},
  journal={arXiv preprint arXiv:2203.05132},
  year={2022}
}

@article{shojaee2023execution,
  title={Execution-based code generation using deep reinforcement learning},
  author={Shojaee, Parshin and Jain, Aneesh and Tipirneni, Sindhu and Reddy, Chandan K},
  journal={arXiv preprint arXiv:2301.13816},
  year={2023}
}

@article{liu2023rltf,
  title={Rltf: Reinforcement learning from unit test feedback},
  author={Liu, Jiate and Zhu, Yiqin and Xiao, Kaiwen and Fu, Qiang and Han, Xiao and Yang, Wei and Ye, Deheng},
  journal={arXiv preprint arXiv:2307.04349},
  year={2023}
}

@book{russell2016artificial,
  title={Artificial intelligence: a modern approach},
  author={Russell, Stuart J and Norvig, Peter},
  year={2016},
  publisher={Pearson}
}

@article{amodei2016concrete,
  title={Concrete problems in AI safety},
  author={Amodei, Dario and Olah, Chris and Steinhardt, Jacob and Christiano, Paul and Schulman, John and Man{\'e}, Dan},
  journal={arXiv preprint arXiv:1606.06565},
  year={2016}
}

@article{uesato2022solving,
  title={Solving math word problems with process-and outcome-based feedback},
  author={Uesato, Jonathan and Kushman, Nate and Kumar, Ramana and Song, Francis and Siegel, Noah and Wang, Lisa and Creswell, Antonia and Irving, Geoffrey and Higgins, Irina},
  journal={arXiv preprint arXiv:2211.14275},
  year={2022}
}

@article{lightman2023let,
  title={Let's verify step by step},
  author={Lightman, Hunter and Kosaraju, Vineet and Burda, Yura and Edwards, Harri and Baker, Bowen and Lee, Teddy and Leike, Jan and Schulman, John and Sutskever, Ilya and Cobbe, Karl},
  journal={arXiv preprint arXiv:2305.20050},
  year={2023}
}

@article{jiang2024survey,
  title={A Survey on Large Language Models for Code Generation},
  author={Jiang, Juyong and Wang, Fan and Shen, Jiasi and Kim, Sungju and Kim, Sunghun},
  journal={arXiv preprint arXiv:2406.00515},
  year={2024}
}

@article{guo2020graphcodebert,
  title={Graphcodebert: Pre-training code representations with data flow},
  author={Guo, Daya and Ren, Shuo and Lu, Shuai and Feng, Zhangyin and Tang, Duyu and Liu, Shujie and Zhou, Long and Duan, Nan and Svyatkovskiy, Alexey and Fu, Shengyu and others},
  journal={arXiv preprint arXiv:2009.08366},
  year={2020}
}

@article{li2022competition,
  title={Competition-level code generation with alphacode},
  author={Li, Yujia and Choi, David and Chung, Junyoung and Kushman, Nate and Schrittwieser, Julian and Leblond, R{\'e}mi and Eccles, Tom and Keeling, James and Gimeno, Felix and Dal Lago, Agustin and others},
  journal={Science},
  volume={378},
  number={6624},
  pages={1092--1097},
  year={2022},
  publisher={American Association for the Advancement of Science}
}

@article{nijkamp2022codegen,
  title={Codegen: An open large language model for code with multi-turn program synthesis},
  author={Nijkamp, Erik and Pang, Bo and Hayashi, Hiroaki and Tu, Lifu and Wang, Huan and Zhou, Yingbo and Savarese, Silvio and Xiong, Caiming},
  journal={arXiv preprint arXiv:2203.13474},
  year={2022}
}

@article{feng2020codebert,
  title={Codebert: A pre-trained model for programming and natural languages},
  author={Feng, Zhangyin and Guo, Daya and Tang, Duyu and Duan, Nan and Feng, Xiaocheng and Gong, Ming and Shou, Linjun and Qin, Bing and Liu, Ting and Jiang, Daxin and others},
  journal={arXiv preprint arXiv:2002.08155},
  year={2020}
}

@article{wang2021codet5,
  title={Codet5: Identifier-aware unified pre-trained encoder-decoder models for code understanding and generation},
  author={Wang, Yue and Wang, Weishi and Joty, Shafiq and Hoi, Steven CH},
  journal={arXiv preprint arXiv:2109.00859},
  year={2021}
}

@article{guo2024deepseek,
  title={DeepSeek-Coder: When the Large Language Model Meets Programming--The Rise of Code Intelligence},
  author={Guo, Daya and Zhu, Qihao and Yang, Dejian and Xie, Zhenda and Dong, Kai and Zhang, Wentao and Chen, Guanting and Bi, Xiao and Wu, Yu and Li, YK and others},
  journal={arXiv preprint arXiv:2401.14196},
  year={2024}
}

@article{wang2023codet5+,
  title={Codet5+: Open code large language models for code understanding and generation},
  author={Wang, Yue and Le, Hung and Gotmare, Akhilesh Deepak and Bui, Nghi DQ and Li, Junnan and Hoi, Steven CH},
  journal={arXiv preprint arXiv:2305.07922},
  year={2023}
}

@article{zhang2024deep,
  author = {Huangzhao Zhang and Kechi Zhang and Zhuo Li and Jia Li and Yongmin Li and Yunfei Zhao and Yuqi Zhu and Fang Liu and Ge Li and Zhi Jin},
  title = {Deep learning for code generation: a survey},
  journal = {SCIENCE CHINA Information Sciences},
  year = {2024},
  volume = {67},
  number = {9},
  pages = {191101--},
  url = {http://www.sciengine.com/publisher/Science China Press/journal/SCIENCE CHINA Information Sciences/67/9/10.1007/s11432-023-3956-3},
  doi = {10.1007/s11432-023-3956-3}
}

@article{mnih2013playing,
  title={Playing atari with deep reinforcement learning},
  author={Mnih, Volodymyr},
  journal={arXiv preprint arXiv:1312.5602},
  year={2013}
}

@article{mnih2015human,
  title={Human-level control through deep reinforcement learning},
  author={Mnih, Volodymyr and Kavukcuoglu, Koray and Silver, David and Rusu, Andrei A and Veness, Joel and Bellemare, Marc G and Graves, Alex and Riedmiller, Martin and Fidjeland, Andreas K and Ostrovski, Georg and others},
  journal={nature},
  volume={518},
  number={7540},
  pages={529--533},
  year={2015},
  publisher={Nature Publishing Group UK London}
}

@inproceedings{van2016deep,
  title={Deep reinforcement learning with double q-learning},
  author={Van Hasselt, Hado and Guez, Arthur and Silver, David},
  booktitle={Proceedings of the AAAI conference on artificial intelligence},
  volume={30},
  year={2016}
}

@article{luo2024improve,
  title={Improve Mathematical Reasoning in Language Models by Automated Process Supervision},
  author={Luo, Liangchen and Liu, Yinxiao and Liu, Rosanne and Phatale, Samrat and Lara, Harsh and Li, Yunxuan and Shu, Lei and Zhu, Yun and Meng, Lei and Sun, Jiao and others},
  journal={arXiv preprint arXiv:2406.06592},
  year={2024}
}

@article{austin2021program,
  title={Program synthesis with large language models},
  author={Austin, Jacob and Odena, Augustus and Nye, Maxwell and Bosma, Maarten and Michalewski, Henryk and Dohan, David and Jiang, Ellen and Cai, Carrie and Terry, Michael and Le, Quoc and others},
  journal={arXiv preprint arXiv:2108.07732},
  year={2021}
}

@inproceedings{wang2024math,
  title={Math-shepherd: Verify and reinforce llms step-by-step without human annotations},
  author={Wang, Peiyi and Li, Lei and Shao, Zhihong and Xu, Runxin and Dai, Damai and Li, Yifei and Chen, Deli and Wu, Yu and Sui, Zhifang},
  booktitle={Proceedings of the 62nd Annual Meeting of the Association for Computational Linguistics (Volume 1: Long Papers)},
  pages={9426--9439},
  year={2024}
}

@article{ma2023let,
  title={Let's reward step by step: Step-Level reward model as the Navigators for Reasoning},
  author={Ma, Qianli and Zhou, Haotian and Liu, Tingkai and Yuan, Jianbo and Liu, Pengfei and You, Yang and Yang, Hongxia},
  journal={arXiv preprint arXiv:2310.10080},
  year={2023}
}

@article{wu2024fine,
  title={Fine-grained human feedback gives better rewards for language model training},
  author={Wu, Zeqiu and Hu, Yushi and Shi, Weijia and Dziri, Nouha and Suhr, Alane and Ammanabrolu, Prithviraj and Smith, Noah A and Ostendorf, Mari and Hajishirzi, Hannaneh},
  journal={Advances in Neural Information Processing Systems},
  volume={36},
  year={2024}
}

@article{schulman2017proximal,
  title={Proximal policy optimization algorithms},
  author={Schulman, John and Wolski, Filip and Dhariwal, Prafulla and Radford, Alec and Klimov, Oleg},
  journal={arXiv preprint arXiv:1707.06347},
  year={2017}
}

@inproceedings{huang2024ppo,
  title={PPO-Clip Attains Global Optimality: Towards Deeper Understandings of Clipping},
  author={Huang, Nai-Chieh and Hsieh, Ping-Chun and Ho, Kuo-Hao and Wu, I-Chen},
  booktitle={Proceedings of the AAAI Conference on Artificial Intelligence},
  volume={38},
  pages={12600--12607},
  year={2024}
}

@article{wu2021recursively,
  title={Recursively summarizing books with human feedback},
  author={Wu, Jeff and Ouyang, Long and Ziegler, Daniel M and Stiennon, Nisan and Lowe, Ryan and Leike, Jan and Christiano, Paul},
  journal={arXiv preprint arXiv:2109.10862},
  year={2021}
}

@article{kulal2019spoc,
  title={Spoc: Search-based pseudocode to code},
  author={Kulal, Sumith and Pasupat, Panupong and Chandra, Kartik and Lee, Mina and Padon, Oded and Aiken, Alex and Liang, Percy S},
  journal={Advances in Neural Information Processing Systems},
  volume={32},
  year={2019}
}

@article{guo2022unixcoder,
  title={Unixcoder: Unified cross-modal pre-training for code representation},
  author={Guo, Daya and Lu, Shuai and Duan, Nan and Wang, Yanlin and Zhou, Ming and Yin, Jian},
  journal={arXiv preprint arXiv:2203.03850},
  year={2022}
}

@article{raffel2020exploring,
  title={Exploring the limits of transfer learning with a unified text-to-text transformer},
  author={Raffel, Colin and Shazeer, Noam and Roberts, Adam and Lee, Katherine and Narang, Sharan and Matena, Michael and Zhou, Yanqi and Li, Wei and Liu, Peter J},
  journal={Journal of machine learning research},
  volume={21},
  number={140},
  pages={1--67},
  year={2020}
}

@article{li2023starcoder,
  title={Starcoder: may the source be with you!},
  author={Li, Raymond and Allal, Loubna Ben and Zi, Yangtian and Muennighoff, Niklas and Kocetkov, Denis and Mou, Chenghao and Marone, Marc and Akiki, Christopher and Li, Jia and Chim, Jenny and others},
  journal={arXiv preprint arXiv:2305.06161},
  year={2023}
}

@article{dai2024process,
  title={Process supervision-guided policy optimization for code generation},
  author={Dai, Ning and Wu, Zheng and Zheng, Renjie and Wei, Ziyun and Shi, Wenlei and Jin, Xing and Liu, Guanlin and Dun, Chen and Huang, Liang and Yan, Lin},
  journal={arXiv preprint arXiv:2410.17621},
  year={2024}
}