@article{dai2024process,
  title={Process supervision-guided policy optimization for code generation},
  author={Dai, Ning and Wu, Zheng and Zheng, Renjie and Wei, Ziyun and Shi, Wenlei and Jin, Xing and Liu, Guanlin and Dun, Chen and Huang, Liang and Yan, Lin},
  journal={arXiv preprint arXiv:2410.17621},
  year={2024}
}

@article{feng2020codebert,
  title={Codebert: A pre-trained model for programming and natural languages},
  author={Feng, Zhangyin and Guo, Daya and Tang, Duyu and Duan, Nan and Feng, Xiaocheng and Gong, Ming and Shou, Linjun and Qin, Bing and Liu, Ting and Jiang, Daxin and others},
  journal={arXiv preprint arXiv:2002.08155},
  year={2020}
}

@article{guo2020graphcodebert,
  title={Graphcodebert: Pre-training code representations with data flow},
  author={Guo, Daya and Ren, Shuo and Lu, Shuai and Feng, Zhangyin and Tang, Duyu and Liu, Shujie and Zhou, Long and Duan, Nan and Svyatkovskiy, Alexey and Fu, Shengyu and others},
  journal={arXiv preprint arXiv:2009.08366},
  year={2020}
}

@article{guo2024deepseek,
  title={DeepSeek-Coder: When the Large Language Model Meets Programming--The Rise of Code Intelligence},
  author={Guo, Daya and Zhu, Qihao and Yang, Dejian and Xie, Zhenda and Dong, Kai and Zhang, Wentao and Chen, Guanting and Bi, Xiao and Wu, Yu and Li, YK and others},
  journal={arXiv preprint arXiv:2401.14196},
  year={2024}
}

@article{jiang2024survey,
  title={A Survey on Large Language Models for Code Generation},
  author={Jiang, Juyong and Wang, Fan and Shen, Jiasi and Kim, Sungju and Kim, Sunghun},
  journal={arXiv preprint arXiv:2406.00515},
  year={2024}
}

@article{le2022coderl,
  title={Coderl: Mastering code generation through pretrained models and deep reinforcement learning},
  author={Le, Hung and Wang, Yue and Gotmare, Akhilesh Deepak and Savarese, Silvio and Hoi, Steven Chu Hong},
  journal={Advances in Neural Information Processing Systems},
  volume={35},
  pages={21314--21328},
  year={2022}
}

@article{li2022competition,
  title={Competition-level code generation with alphacode},
  author={Li, Yujia and Choi, David and Chung, Junyoung and Kushman, Nate and Schrittwieser, Julian and Leblond, R{\'e}mi and Eccles, Tom and Keeling, James and Gimeno, Felix and Dal Lago, Agustin and others},
  journal={Science},
  volume={378},
  number={6624},
  pages={1092--1097},
  year={2022},
  publisher={American Association for the Advancement of Science}
}

@article{lightman2023let,
  title={Let's verify step by step},
  author={Lightman, Hunter and Kosaraju, Vineet and Burda, Yura and Edwards, Harri and Baker, Bowen and Lee, Teddy and Leike, Jan and Schulman, John and Sutskever, Ilya and Cobbe, Karl},
  journal={arXiv preprint arXiv:2305.20050},
  year={2023}
}

@article{liu2023rltf,
  title={Rltf: Reinforcement learning from unit test feedback},
  author={Liu, Jiate and Zhu, Yiqin and Xiao, Kaiwen and Fu, Qiang and Han, Xiao and Yang, Wei and Ye, Deheng},
  journal={arXiv preprint arXiv:2307.04349},
  year={2023}
}

@article{luo2024improve,
  title={Improve Mathematical Reasoning in Language Models by Automated Process Supervision},
  author={Luo, Liangchen and Liu, Yinxiao and Liu, Rosanne and Phatale, Samrat and Lara, Harsh and Li, Yunxuan and Shu, Lei and Zhu, Yun and Meng, Lei and Sun, Jiao and others},
  journal={arXiv preprint arXiv:2406.06592},
  year={2024}
}

@article{ma2023let,
  title={Let's reward step by step: Step-Level reward model as the Navigators for Reasoning},
  author={Ma, Qianli and Zhou, Haotian and Liu, Tingkai and Yuan, Jianbo and Liu, Pengfei and You, Yang and Yang, Hongxia},
  journal={arXiv preprint arXiv:2310.10080},
  year={2023}
}

@article{mnih2013playing,
  title={Playing atari with deep reinforcement learning},
  author={Mnih, Volodymyr},
  journal={arXiv preprint arXiv:1312.5602},
  year={2013}
}

@article{mnih2015human,
  title={Human-level control through deep reinforcement learning},
  author={Mnih, Volodymyr and Kavukcuoglu, Koray and Silver, David and Rusu, Andrei A and Veness, Joel and Bellemare, Marc G and Graves, Alex and Riedmiller, Martin and Fidjeland, Andreas K and Ostrovski, Georg and others},
  journal={nature},
  volume={518},
  number={7540},
  pages={529--533},
  year={2015},
  publisher={Nature Publishing Group UK London}
}

@article{nijkamp2022codegen,
  title={Codegen: An open large language model for code with multi-turn program synthesis},
  author={Nijkamp, Erik and Pang, Bo and Hayashi, Hiroaki and Tu, Lifu and Wang, Huan and Zhou, Yingbo and Savarese, Silvio and Xiong, Caiming},
  journal={arXiv preprint arXiv:2203.13474},
  year={2022}
}

@article{shojaee2023execution,
  title={Execution-based code generation using deep reinforcement learning},
  author={Shojaee, Parshin and Jain, Aneesh and Tipirneni, Sindhu and Reddy, Chandan K},
  journal={arXiv preprint arXiv:2301.13816},
  year={2023}
}

@article{uesato2022solving,
  title={Solving math word problems with process-and outcome-based feedback},
  author={Uesato, Jonathan and Kushman, Nate and Kumar, Ramana and Song, Francis and Siegel, Noah and Wang, Lisa and Creswell, Antonia and Irving, Geoffrey and Higgins, Irina},
  journal={arXiv preprint arXiv:2211.14275},
  year={2022}
}

@inproceedings{van2016deep,
  title={Deep reinforcement learning with double q-learning},
  author={Van Hasselt, Hado and Guez, Arthur and Silver, David},
  booktitle={Proceedings of the AAAI conference on artificial intelligence},
  volume={30},
  year={2016}
}

@article{wang2021codet5,
  title={Codet5: Identifier-aware unified pre-trained encoder-decoder models for code understanding and generation},
  author={Wang, Yue and Wang, Weishi and Joty, Shafiq and Hoi, Steven CH},
  journal={arXiv preprint arXiv:2109.00859},
  year={2021}
}

@article{wang2022compilable,
  title={Compilable neural code generation with compiler feedback},
  author={Wang, Xin and Wang, Yasheng and Wan, Yao and Mi, Fei and Li, Yitong and Zhou, Pingyi and Liu, Jin and Wu, Hao and Jiang, Xin and Liu, Qun},
  journal={arXiv preprint arXiv:2203.05132},
  year={2022}
}

@article{wang2023codet5+,
  title={Codet5+: Open code large language models for code understanding and generation},
  author={Wang, Yue and Le, Hung and Gotmare, Akhilesh Deepak and Bui, Nghi DQ and Li, Junnan and Hoi, Steven CH},
  journal={arXiv preprint arXiv:2305.07922},
  year={2023}
}

@inproceedings{wang2024math,
  title={Math-shepherd: Verify and reinforce llms step-by-step without human annotations},
  author={Wang, Peiyi and Li, Lei and Shao, Zhihong and Xu, Runxin and Dai, Damai and Li, Yifei and Chen, Deli and Wu, Yu and Sui, Zhifang},
  booktitle={Proceedings of the 62nd Annual Meeting of the Association for Computational Linguistics (Volume 1: Long Papers)},
  pages={9426--9439},
  year={2024}
}

@article{wu2024fine,
  title={Fine-grained human feedback gives better rewards for language model training},
  author={Wu, Zeqiu and Hu, Yushi and Shi, Weijia and Dziri, Nouha and Suhr, Alane and Ammanabrolu, Prithviraj and Smith, Noah A and Ostendorf, Mari and Hajishirzi, Hannaneh},
  journal={Advances in Neural Information Processing Systems},
  volume={36},
  year={2024}
}

@article{zhang2024deep,
  author = {Huangzhao Zhang and Kechi Zhang and Zhuo Li and Jia Li and Yongmin Li and Yunfei Zhao and Yuqi Zhu and Fang Liu and Ge Li and Zhi Jin},
  title = {Deep learning for code generation: a survey},
  journal = {SCIENCE CHINA Information Sciences},
  year = {2024},
  volume = {67},
  number = {9},
  pages = {191101--},
  url = {http://www.sciengine.com/publisher/Science China Press/journal/SCIENCE CHINA Information Sciences/67/9/10.1007/s11432-023-3956-3},
  doi = {10.1007/s11432-023-3956-3}
}

