@book{baker2001basics,
	title={The basics of item response theory},
	author={Baker, Frank B},
	year={2001},
	publisher={ERIC}
}

@misc{fayers2004item,
	title={Item response theory for psychologists},
	author={Fayers, Peter},
	year={2004},
	publisher={Springer}
}

@inproceedings{first2023baldur,
	title={Baldur: Whole-proof generation and repair with large language models},
	author={First, Emily and Rabe, Markus N and Ringer, Talia and Brun, Yuriy},
	booktitle={Proceedings of the 31st ACM Joint European Software Engineering Conference and Symposium on the Foundations of Software Engineering},
	pages={1229--1241},
	year={2023}
}

@book{furr2021psychometrics,
	title={Psychometrics: an introduction},
	author={Furr, R Michael},
	year={2021},
	publisher={SAGE publications}
}

@article{hao2024llm,
	title={LLM Reasoners: New Evaluation, Library, and Analysis of Step-by-Step Reasoning with Large Language Models},
	author={Hao, Shibo and Gu, Yi and Luo, Haotian and Liu, Tianyang and Shao, Xiyan and Wang, Xinyuan and Xie, Shuhua and Ma, Haodi and Samavedhi, Adithya and Gao, Qiyue and others},
	journal={arXiv preprint arXiv:2404.05221},
	year={2024}
}

@article{hong2024stuck,
	title={Stuck in the Quicksand of Numeracy, Far from AGI Summit: Evaluating LLMs' Mathematical Competency through Ontology-guided Perturbations},
	author={Hong, Pengfei and Ghosal, Deepanway and Majumder, Navonil and Aditya, Somak and Mihalcea, Rada and Poria, Soujanya},
	journal={arXiv preprint arXiv:2401.09395},
	year={2024}
}

@article{huet1997coq,
	title={The coq proof assistant a tutorial},
	author={Huet, G{\'e}rard and Kahn, Gilles and Paulin-Mohring, Christine},
	journal={Rapport Technique},
	volume={178},
	year={1997}
}

@article{jiang2022draft,
	title={Draft, sketch, and prove: Guiding formal theorem provers with informal proofs},
	author={Jiang, Albert Q and Welleck, Sean and Zhou, Jin Peng and Li, Wenda and Liu, Jiacheng and Jamnik, Mateja and Lacroix, Timoth{\'e}e and Wu, Yuhuai and Lample, Guillaume},
	journal={arXiv preprint arXiv:2210.12283},
	year={2022}
}

@article{jiang2022thor,
	title={Thor: Wielding hammers to integrate language models and automated theorem provers},
	author={Jiang, Albert Qiaochu and Li, Wenda and Tworkowski, Szymon and Czechowski, Konrad and Odrzyg{\'o}{\'z}d{\'z}, Tomasz and Mi{\l}o{\'s}, Piotr and Wu, Yuhuai and Jamnik, Mateja},
	journal={Advances in Neural Information Processing Systems},
	volume={35},
	pages={8360--8373},
	year={2022}
}

@inproceedings{jin2023cladder,
	title={Cladder: Assessing causal reasoning in language models},
	author={Jin, Zhijing and Chen, Yuen and Leeb, Felix and Gresele, Luigi and Kamal, Ojasv and Zhiheng, LYU and Blin, Kevin and Adauto, Fernando Gonzalez and Kleiman-Weiner, Max and Sachan, Mrinmaya and others},
	booktitle={Thirty-seventh conference on neural information processing systems},
	year={2023}
}

@article{mislevy2003brief,
	title={A brief introduction to evidence-centered design},
	author={Mislevy, Robert J and Almond, Russell G and Lukas, Janice F},
	journal={ETS Research Report Series},
	volume={2003},
	number={1},
	pages={i--29},
	year={2003},
	publisher={Wiley Online Library}
}

@inproceedings{moura2021lean,
	title={The Lean 4 theorem prover and programming language},
	author={Moura, Leonardo de and Ullrich, Sebastian},
	booktitle={Automated Deduction--CADE 28: 28th International Conference on Automated Deduction, Virtual Event, July 12--15, 2021, Proceedings 28},
	pages={625--635},
	year={2021},
	organization={Springer}
}

@article{orenes2023using,
	title={Using llms to facilitate formal verification of rtl},
	author={Orenes-Vera, Marcelo and Martonosi, Margaret and Wentzlaff, David},
	journal={arXiv e-prints},
	pages={arXiv--2309},
	year={2023}
}

@book{paulson1994isabelle,
	title={Isabelle: A generic theorem prover},
	author={Paulson, Lawrence C},
	year={1994},
	publisher={Springer}
}

@article{polo2024tinybenchmarks,
	title={tinyBenchmarks: evaluating LLMs with fewer examples},
	author={Polo, Felipe Maia and Weber, Lucas and Choshen, Leshem and Sun, Yuekai and Xu, Gongjun and Yurochkin, Mikhail},
	journal={arXiv preprint arXiv:2402.14992},
	year={2024}
}

@article{shao2024empirical,
	title={An empirical evaluation of llms for solving offensive security challenges},
	author={Shao, Minghao and Chen, Boyuan and Jancheska, Sofija and Dolan-Gavitt, Brendan and Garg, Siddharth and Karri, Ramesh and Shafique, Muhammad},
	journal={arXiv preprint arXiv:2402.11814},
	year={2024}
}

@inproceedings{srivastava2024evaluating,
	title={Evaluating llmsâ€™ mathematical reasoning in financial document question answering},
	author={Srivastava, Pragya and Malik, Manuj and Gupta, Vivek and Ganu, Tanuja and Roth, Dan},
	booktitle={Findings of the Association for Computational Linguistics ACL 2024},
	pages={3853--3878},
	year={2024}
}

@book{templin2010diagnostic,
	title={Diagnostic measurement: Theory, methods, and applications},
	author={Templin, Jonathan and Henson, Robert A and others},
	year={2010},
	publisher={Guilford press}
}

@article{wang2023lego,
	title={Lego-prover: Neural theorem proving with growing libraries},
	author={Wang, Haiming and Xin, Huajian and Zheng, Chuanyang and Li, Lin and Liu, Zhengying and Cao, Qingxing and Huang, Yinya and Xiong, Jing and Shi, Han and Xie, Enze and others},
	journal={arXiv preprint arXiv:2310.00656},
	year={2023}
}

@article{wang2024theoremllama,
	title={Theoremllama: Transforming general-purpose llms into lean4 experts},
	author={Wang, Ruida and Zhang, Jipeng and Jia, Yizhen and Pan, Rui and Diao, Shizhe and Pi, Renjie and Zhang, Tong},
	journal={arXiv preprint arXiv:2407.03203},
	year={2024}
}

@article{xia2024evaluating,
	title={Evaluating Mathematical Reasoning Beyond Accuracy},
	author={Xia, Shijie and Li, Xuefeng and Liu, Yixin and Wu, Tongshuang and Liu, Pengfei},
	journal={arXiv preprint arXiv:2404.05692},
	year={2024}
}

@article{xin2024deepseekproverv15harnessingproofassistant,
	title={DeepSeek-Prover-V1.5: Harnessing Proof Assistant Feedback for Reinforcement Learning and Monte-Carlo Tree Search}, 
	author={Huajian Xin and Z. Z. Ren and Junxiao Song and Zhihong Shao and Wanjia Zhao and Haocheng Wang and Bo Liu and Liyue Zhang and Xuan Lu and Qiushi Du and Wenjun Gao and Qihao Zhu and Dejian Yang and Zhibin Gou and Z. F. Wu and Fuli Luo and Chong Ruan},
	year={2024},
	eprint={2408.08152},
	archivePrefix={arXiv},
	primaryClass={cs.CL},
	url={https://arxiv.org/abs/2408.08152}, 
}

@article{yang2024formal,
	title={Formal Mathematical Reasoning: A New Frontier in AI},
	author={Yang, Kaiyu and Poesia, Gabriel and He, Jingxuan and Li, Wenda and Lauter, Kristin and Chaudhuri, Swarat and Song, Dawn},
	journal={arXiv preprint arXiv:2412.16075},
	year={2024}
}

@article{yang2024leandojo,
	title={Leandojo: Theorem proving with retrieval-augmented language models},
	author={Yang, Kaiyu and Swope, Aidan and Gu, Alex and Chalamala, Rahul and Song, Peiyang and Yu, Shixing and Godil, Saad and Prenger, Ryan J and Anandkumar, Animashree},
	journal={Advances in Neural Information Processing Systems},
	volume={36},
	year={2024}
}

@article{yu2023metamath,
	title={MetaMath: Bootstrap Your Own Mathematical Questions for Large Language Models},
	author={Yu, Longhui and Jiang, Weisen and Shi, Han and Yu, Jincheng and Liu, Zhengying and Zhang, Yu and Kwok, James T and Li, Zhenguo and Weller, Adrian and Liu, Weiyang},
	journal={arXiv preprint arXiv:2309.12284},
	year={2023}
}

@article{yuan2024s,
	title={S-Eval: Automatic and Adaptive Test Generation for Benchmarking Safety Evaluation of Large Language Models},
	author={Yuan, Xiaohan and Li, Jinfeng and Wang, Dongxia and Chen, Yuefeng and Mao, Xiaofeng and Huang, Longtao and Xue, Hui and Wang, Wenhai and Ren, Kui and Wang, Jingyi},
	journal={arXiv preprint arXiv:2405.14191},
	year={2024}
}

@inproceedings{zhang2025mathverse,
	title={Mathverse: Does your multi-modal llm truly see the diagrams in visual math problems?},
	author={Zhang, Renrui and Jiang, Dongzhi and Zhang, Yichi and Lin, Haokun and Guo, Ziyu and Qiu, Pengshuo and Zhou, Aojun and Lu, Pan and Chang, Kai-Wei and Qiao, Yu and others},
	booktitle={European Conference on Computer Vision},
	pages={169--186},
	year={2025},
	organization={Springer}
}

@article{zhuang2023efficiently,
	title={Efficiently measuring the cognitive ability of llms: An adaptive testing perspective},
	author={Zhuang, Yan and Liu, Qi and Ning, Yuting and Huang, Weizhe and Lv, Rui and Huang, Zhenya and Zhao, Guanhao and Zhang, Zheng and Mao, Qingyang and Wang, Shijin and others},
	journal={arXiv preprint arXiv:2306.10512},
	year={2023}
}

