@inproceedings{langley00,
	author    = {P. Langley},
	title     = {Crafting Papers on Machine Learning},
	year      = {2000},
	pages     = {1207--1216},
	editor    = {Pat Langley},
	booktitle     = {Proceedings of the 17th International Conference
	on Machine Learning (ICML 2000)},
	address   = {Stanford, CA},
	publisher = {Morgan Kaufmann}
}

@TechReport{mitchell80,
	author = 	 "T. M. Mitchell",
	title = 	 "The Need for Biases in Learning Generalizations",
	institution =  "Computer Science Department, Rutgers University",
	year = 	 "1980",
	address =	 "New Brunswick, MA",
}

@phdthesis{kearns89,
	author = {M. J. Kearns},
	title =  {Computational Complexity of Machine Learning},
	school = {Department of Computer Science, Harvard University},
	year =   {1989}
}

@Book{MachineLearningI,
	editor = 	 "R. S. Michalski and J. G. Carbonell and T.
	M. Mitchell",
	title = 	 "Machine Learning: An Artificial Intelligence
	Approach, Vol. I",
	publisher = 	 "Tioga",
	year = 	 "1983",
	address =	 "Palo Alto, CA"
}

@Book{DudaHart2nd,
	author =       "R. O. Duda and P. E. Hart and D. G. Stork",
	title =        "Pattern Classification",
	publisher =    "John Wiley and Sons",
	edition =      "2nd",
	year =         "2000"
}

@misc{anonymous,
	title= {Suppressed for Anonymity},
	author= {Author, N. N.},
	year= {2021}
}

@InCollection{Newell81,
	author =       "A. Newell and P. S. Rosenbloom",
	title =        "Mechanisms of Skill Acquisition and the Law of
	Practice", 
	booktitle =    "Cognitive Skills and Their Acquisition",
	pages =        "1--51",
	publisher =    "Lawrence Erlbaum Associates, Inc.",
	year =         "1981",
	editor =       "J. R. Anderson",
	chapter =      "1",
	address =      "Hillsdale, NJ"
}


@Article{Samuel59,
	author = 	 "A. L. Samuel",
	title = 	 "Some Studies in Machine Learning Using the Game of
	Checkers",
	journal =	 "IBM Journal of Research and Development",
	year =	 "1959",
	volume =	 "3",
	number =	 "3",
	pages =	 "211--229"
}

@article{zheng2021minif2f,
	title={Minif2f: a cross-system benchmark for formal olympiad-level mathematics},
	author={Zheng, Kunhao and Han, Jesse Michael and Polu, Stanislas},
	journal={arXiv preprint arXiv:2109.00110},
	year={2021}
}

@article{sun2024llm4vuln,
	title={Llm4vuln: A unified evaluation framework for decoupling and enhancing llms' vulnerability reasoning},
	author={Sun, Yuqiang and Wu, Daoyuan and Xue, Yue and Liu, Han and Ma, Wei and Zhang, Lyuye and Liu, Yang and Li, Yingjiu},
	journal={arXiv preprint arXiv:2401.16185},
	year={2024}
}
@inproceedings{zhang2025mathverse,
	title={Mathverse: Does your multi-modal llm truly see the diagrams in visual math problems?},
	author={Zhang, Renrui and Jiang, Dongzhi and Zhang, Yichi and Lin, Haokun and Guo, Ziyu and Qiu, Pengshuo and Zhou, Aojun and Lu, Pan and Chang, Kai-Wei and Qiao, Yu and others},
	booktitle={European Conference on Computer Vision},
	pages={169--186},
	year={2025},
	organization={Springer}
}
@article{hao2024llm,
	title={LLM Reasoners: New Evaluation, Library, and Analysis of Step-by-Step Reasoning with Large Language Models},
	author={Hao, Shibo and Gu, Yi and Luo, Haotian and Liu, Tianyang and Shao, Xiyan and Wang, Xinyuan and Xie, Shuhua and Ma, Haodi and Samavedhi, Adithya and Gao, Qiyue and others},
	journal={arXiv preprint arXiv:2404.05221},
	year={2024}
}
@inproceedings{srivastava2024evaluating,
	title={Evaluating llmsâ€™ mathematical reasoning in financial document question answering},
	author={Srivastava, Pragya and Malik, Manuj and Gupta, Vivek and Ganu, Tanuja and Roth, Dan},
	booktitle={Findings of the Association for Computational Linguistics ACL 2024},
	pages={3853--3878},
	year={2024}
}
@article{shao2024empirical,
	title={An empirical evaluation of llms for solving offensive security challenges},
	author={Shao, Minghao and Chen, Boyuan and Jancheska, Sofija and Dolan-Gavitt, Brendan and Garg, Siddharth and Karri, Ramesh and Shafique, Muhammad},
	journal={arXiv preprint arXiv:2402.11814},
	year={2024}
}
@inproceedings{jin2023cladder,
	title={Cladder: Assessing causal reasoning in language models},
	author={Jin, Zhijing and Chen, Yuen and Leeb, Felix and Gresele, Luigi and Kamal, Ojasv and Zhiheng, LYU and Blin, Kevin and Adauto, Fernando Gonzalez and Kleiman-Weiner, Max and Sachan, Mrinmaya and others},
	booktitle={Thirty-seventh conference on neural information processing systems},
	year={2023}
}
@article{orenes2023using,
	title={Using llms to facilitate formal verification of rtl},
	author={Orenes-Vera, Marcelo and Martonosi, Margaret and Wentzlaff, David},
	journal={arXiv e-prints},
	pages={arXiv--2309},
	year={2023}
}
@article{xia2024evaluating,
	title={Evaluating Mathematical Reasoning Beyond Accuracy},
	author={Xia, Shijie and Li, Xuefeng and Liu, Yixin and Wu, Tongshuang and Liu, Pengfei},
	journal={arXiv preprint arXiv:2404.05692},
	year={2024}
}
@article{hong2024stuck,
	title={Stuck in the Quicksand of Numeracy, Far from AGI Summit: Evaluating LLMs' Mathematical Competency through Ontology-guided Perturbations},
	author={Hong, Pengfei and Ghosal, Deepanway and Majumder, Navonil and Aditya, Somak and Mihalcea, Rada and Poria, Soujanya},
	journal={arXiv preprint arXiv:2401.09395},
	year={2024}
}
@article{zhuang2023efficiently,
	title={Efficiently measuring the cognitive ability of llms: An adaptive testing perspective},
	author={Zhuang, Yan and Liu, Qi and Ning, Yuting and Huang, Weizhe and Lv, Rui and Huang, Zhenya and Zhao, Guanhao and Zhang, Zheng and Mao, Qingyang and Wang, Shijin and others},
	journal={arXiv preprint arXiv:2306.10512},
	year={2023}
}
@article{polo2024tinybenchmarks,
	title={tinyBenchmarks: evaluating LLMs with fewer examples},
	author={Polo, Felipe Maia and Weber, Lucas and Choshen, Leshem and Sun, Yuekai and Xu, Gongjun and Yurochkin, Mikhail},
	journal={arXiv preprint arXiv:2402.14992},
	year={2024}
}
@article{yuan2024s,
	title={S-Eval: Automatic and Adaptive Test Generation for Benchmarking Safety Evaluation of Large Language Models},
	author={Yuan, Xiaohan and Li, Jinfeng and Wang, Dongxia and Chen, Yuefeng and Mao, Xiaofeng and Huang, Longtao and Xue, Hui and Wang, Wenhai and Ren, Kui and Wang, Jingyi},
	journal={arXiv preprint arXiv:2405.14191},
	year={2024}
}
@book{furr2021psychometrics,
	title={Psychometrics: an introduction},
	author={Furr, R Michael},
	year={2021},
	publisher={SAGE publications}
}
@book{templin2010diagnostic,
	title={Diagnostic measurement: Theory, methods, and applications},
	author={Templin, Jonathan and Henson, Robert A and others},
	year={2010},
	publisher={Guilford press}
}
@article{mislevy2003brief,
	title={A brief introduction to evidence-centered design},
	author={Mislevy, Robert J and Almond, Russell G and Lukas, Janice F},
	journal={ETS Research Report Series},
	volume={2003},
	number={1},
	pages={i--29},
	year={2003},
	publisher={Wiley Online Library}
}
@book{baker2001basics,
	title={The basics of item response theory},
	author={Baker, Frank B},
	year={2001},
	publisher={ERIC}
}
@misc{fayers2004item,
	title={Item response theory for psychologists},
	author={Fayers, Peter},
	year={2004},
	publisher={Springer}
}
@article{yang2024formal,
	title={Formal Mathematical Reasoning: A New Frontier in AI},
	author={Yang, Kaiyu and Poesia, Gabriel and He, Jingxuan and Li, Wenda and Lauter, Kristin and Chaudhuri, Swarat and Song, Dawn},
	journal={arXiv preprint arXiv:2412.16075},
	year={2024}
}
@article{zheng2021minif2f,
	title={Minif2f: a cross-system benchmark for formal olympiad-level mathematics},
	author={Zheng, Kunhao and Han, Jesse Michael and Polu, Stanislas},
	journal={arXiv preprint arXiv:2109.00110},
	year={2021}
}
@article{cai2016item,
	title={Item response theory},
	author={Cai, Li and Choi, Kilchan and Hansen, Mark and Harrell, Lauren},
	journal={Annual Review of Statistics and Its Application},
	volume={3},
	number={1},
	pages={297--321},
	year={2016},
	publisher={Annual Reviews}
}


@article{ly2017tutorial,
	title={A tutorial on Fisher information},
	author={Ly, Alexander and Marsman, Maarten and Verhagen, Josine and Grasman, Raoul PPP and Wagenmakers, Eric-Jan},
	journal={Journal of Mathematical Psychology},
	volume={80},
	pages={40--55},
	year={2017},
	publisher={Elsevier}
}
@inproceedings{zheng2023codegeex,
	title={CodeGeeX: A Pre-Trained Model for Code Generation with Multilingual Benchmarking on HumanEval-X},
	author={Qinkai Zheng and Xiao Xia and Xu Zou and Yuxiao Dong and Shan Wang and Yufei Xue and Zihan Wang and Lei Shen and Andi Wang and Yang Li and Teng Su and Zhilin Yang and Jie Tang},
	booktitle={Proceedings of the 29th ACM SIGKDD Conference on Knowledge Discovery and Data Mining},
	pages={5673--5684},
	year={2023}
}
@misc{azerbayev2023llemma,
	title={Llemma: An Open Language Model For Mathematics}, 
	author={Zhangir Azerbayev and Hailey Schoelkopf and Keiran Paster and Marco Dos Santos and Stephen McAleer and Albert Q. Jiang and Jia Deng and Stella Biderman and Sean Welleck},
	year={2023},
	eprint={2310.10631},
	archivePrefix={arXiv},
	primaryClass={cs.CL}
}
@misc{wang2024theoremllamatransforminggeneralpurposellms,
	title={TheoremLlama: Transforming General-Purpose LLMs into Lean4 Experts}, 
	author={Ruida Wang and Jipeng Zhang and Yizhen Jia and Rui Pan and Shizhe Diao and Renjie Pi and Tong Zhang},
	year={2024},
	eprint={2407.03203},
	archivePrefix={arXiv},
	primaryClass={cs.FL},
	url={https://arxiv.org/abs/2407.03203}, 
}
@article{xin2024deepseekproverv15harnessingproofassistant,
	title={DeepSeek-Prover-V1.5: Harnessing Proof Assistant Feedback for Reinforcement Learning and Monte-Carlo Tree Search}, 
	author={Huajian Xin and Z. Z. Ren and Junxiao Song and Zhihong Shao and Wanjia Zhao and Haocheng Wang and Bo Liu and Liyue Zhang and Xuan Lu and Qiushi Du and Wenjun Gao and Qihao Zhu and Dejian Yang and Zhibin Gou and Z. F. Wu and Fuli Luo and Chong Ruan},
	year={2024},
	eprint={2408.08152},
	archivePrefix={arXiv},
	primaryClass={cs.CL},
	url={https://arxiv.org/abs/2408.08152}, 
}
@article{roziere2023code,
	title={Code llama: Open foundation models for code},
	author={Roziere, Baptiste and Gehring, Jonas and Gloeckle, Fabian and Sootla, Sten and Gat, Itai and Tan, Xiaoqing Ellen and Adi, Yossi and Liu, Jingyu and Sauvestre, Romain and Remez, Tal and others},
	journal={arXiv preprint arXiv:2308.12950},
	year={2023}
}

@article{hui2024qwen2,
	title={Qwen2. 5-Coder Technical Report},
	author={Hui, Binyuan and Yang, Jian and Cui, Zeyu and Yang, Jiaxi and Liu, Dayiheng and Zhang, Lei and Liu, Tianyu and Zhang, Jiajun and Yu, Bowen and Dang, Kai and others},
	journal={arXiv preprint arXiv:2409.12186},
	year={2024}
}
@article{qwen2,
	title={Qwen2 Technical Report}, 
	author={An Yang and Baosong Yang and Binyuan Hui and Bo Zheng and Bowen Yu and Chang Zhou and Chengpeng Li and Chengyuan Li and Dayiheng Liu and Fei Huang and Guanting Dong and Haoran Wei and Huan Lin and Jialong Tang and Jialin Wang and Jian Yang and Jianhong Tu and Jianwei Zhang and Jianxin Ma and Jin Xu and Jingren Zhou and Jinze Bai and Jinzheng He and Junyang Lin and Kai Dang and Keming Lu and Keqin Chen and Kexin Yang and Mei Li and Mingfeng Xue and Na Ni and Pei Zhang and Peng Wang and Ru Peng and Rui Men and Ruize Gao and Runji Lin and Shijie Wang and Shuai Bai and Sinan Tan and Tianhang Zhu and Tianhao Li and Tianyu Liu and Wenbin Ge and Xiaodong Deng and Xiaohuan Zhou and Xingzhang Ren and Xinyu Zhang and Xipin Wei and Xuancheng Ren and Yang Fan and Yang Yao and Yichang Zhang and Yu Wan and Yunfei Chu and Yuqiong Liu and Zeyu Cui and Zhenru Zhang and Zhihao Fan},
	journal={arXiv preprint arXiv:2407.10671},
	year={2024}
}
@article{yu2023metamath,
	title={MetaMath: Bootstrap Your Own Mathematical Questions for Large Language Models},
	author={Yu, Longhui and Jiang, Weisen and Shi, Han and Yu, Jincheng and Liu, Zhengying and Zhang, Yu and Kwok, James T and Li, Zhenguo and Weller, Adrian and Liu, Weiyang},
	journal={arXiv preprint arXiv:2309.12284},
	year={2023}
}
@article{xin2024deepseek,
	title={DeepSeek-Prover: Advancing Theorem Proving in LLMs through Large-Scale Synthetic Data},
	author={Xin, Huajian and Guo, Daya and Shao, Zhihong and Ren, Zhizhou and Zhu, Qihao and Liu, Bo and Ruan, Chong and Li, Wenda and Liang, Xiaodan},
	journal={arXiv preprint arXiv:2405.14333},
	year={2024}
}

@article{xin2024deepseekproverv15harnessingproofassistant,
	title={DeepSeek-Prover-V1.5: Harnessing Proof Assistant Feedback for Reinforcement Learning and Monte-Carlo Tree Search}, 
	author={Huajian Xin and Z. Z. Ren and Junxiao Song and Zhihong Shao and Wanjia Zhao and Haocheng Wang and Bo Liu and Liyue Zhang and Xuan Lu and Qiushi Du and Wenjun Gao and Qihao Zhu and Dejian Yang and Zhibin Gou and Z. F. Wu and Fuli Luo and Chong Ruan},
	year={2024},
	eprint={2408.08152},
	archivePrefix={arXiv},
	primaryClass={cs.CL},
	url={https://arxiv.org/abs/2408.08152}, 
}
@misc{deepseek-math,
	author = {Zhihong Shao, Peiyi Wang, Qihao Zhu, Runxin Xu, Junxiao Song, Mingchuan Zhang, Y.K. Li, Y. Wu, Daya Guo},
	title = {DeepSeekMath: Pushing the Limits of Mathematical Reasoning in Open Language Models},
	journal = {CoRR},
	volume = {abs/2402.03300},
	year = {2024},
	url = {https://arxiv.org/abs/2402.03300},
}
@article{naveed2023comprehensive,
	title={A comprehensive overview of large language models},
	author={Naveed, Humza and Khan, Asad Ullah and Qiu, Shi and Saqib, Muhammad and Anwar, Saeed and Usman, Muhammad and Akhtar, Naveed and Barnes, Nick and Mian, Ajmal},
	journal={arXiv preprint arXiv:2307.06435},
	year={2023}
}
@article{zhao2023survey,
	title={A survey of large language models},
	author={Zhao, Wayne Xin and Zhou, Kun and Li, Junyi and Tang, Tianyi and Wang, Xiaolei and Hou, Yupeng and Min, Yingqian and Zhang, Beichen and Zhang, Junjie and Dong, Zican and others},
	journal={arXiv preprint arXiv:2303.18223},
	year={2023}
}
@article{ahn2024large,
	title={Large language models for mathematical reasoning: Progresses and challenges},
	author={Ahn, Janice and Verma, Rishu and Lou, Renze and Liu, Di and Zhang, Rui and Yin, Wenpeng},
	journal={arXiv preprint arXiv:2402.00157},
	year={2024}
}
@inproceedings{zhu2024dynamic,
	title={Dynamic Evaluation of Large Language Models by Meta Probing Agents},
	author={Zhu, Kaijie and Wang, Jindong and Zhao, Qinlin and Xu, Ruochen and Xie, Xing},
	booktitle={Forty-first International Conference on Machine Learning},
	year={2024}
}
@inproceedings{moura2021lean,
	title={The Lean 4 theorem prover and programming language},
	author={Moura, Leonardo de and Ullrich, Sebastian},
	booktitle={Automated Deduction--CADE 28: 28th International Conference on Automated Deduction, Virtual Event, July 12--15, 2021, Proceedings 28},
	pages={625--635},
	year={2021},
	organization={Springer}
}
@book{paulson1994isabelle,
	title={Isabelle: A generic theorem prover},
	author={Paulson, Lawrence C},
	year={1994},
	publisher={Springer}
}
@article{huet1997coq,
	title={The coq proof assistant a tutorial},
	author={Huet, G{\'e}rard and Kahn, Gilles and Paulin-Mohring, Christine},
	journal={Rapport Technique},
	volume={178},
	year={1997}
}
@inproceedings{jiang2021lisa,
	title={LISA: Language models of ISAbelle proofs},
	author={Jiang, Albert Qiaochu and Li, Wenda and Han, Jesse Michael and Wu, Yuhuai},
	booktitle={6th Conference on Artificial Intelligence and Theorem Proving},
	pages={378--392},
	year={2021}
}
@article{azerbayev2023proofnet,
	title={Proofnet: Autoformalizing and formally proving undergraduate-level mathematics},
	author={Azerbayev, Zhangir and Piotrowski, Bartosz and Schoelkopf, Hailey and Ayers, Edward W and Radev, Dragomir and Avigad, Jeremy},
	journal={arXiv preprint arXiv:2302.12433},
	year={2023}
}
@article{yang2024leandojo,
	title={Leandojo: Theorem proving with retrieval-augmented language models},
	author={Yang, Kaiyu and Swope, Aidan and Gu, Alex and Chalamala, Rahul and Song, Peiyang and Yu, Shixing and Godil, Saad and Prenger, Ryan J and Anandkumar, Animashree},
	journal={Advances in Neural Information Processing Systems},
	volume={36},
	year={2024}
}
@article{jiang2022thor,
	title={Thor: Wielding hammers to integrate language models and automated theorem provers},
	author={Jiang, Albert Qiaochu and Li, Wenda and Tworkowski, Szymon and Czechowski, Konrad and Odrzyg{\'o}{\'z}d{\'z}, Tomasz and Mi{\l}o{\'s}, Piotr and Wu, Yuhuai and Jamnik, Mateja},
	journal={Advances in Neural Information Processing Systems},
	volume={35},
	pages={8360--8373},
	year={2022}
}
@article{wang2023lego,
	title={Lego-prover: Neural theorem proving with growing libraries},
	author={Wang, Haiming and Xin, Huajian and Zheng, Chuanyang and Li, Lin and Liu, Zhengying and Cao, Qingxing and Huang, Yinya and Xiong, Jing and Shi, Han and Xie, Enze and others},
	journal={arXiv preprint arXiv:2310.00656},
	year={2023}
}
@article{jiang2022draft,
	title={Draft, sketch, and prove: Guiding formal theorem provers with informal proofs},
	author={Jiang, Albert Q and Welleck, Sean and Zhou, Jin Peng and Li, Wenda and Liu, Jiacheng and Jamnik, Mateja and Lacroix, Timoth{\'e}e and Wu, Yuhuai and Lample, Guillaume},
	journal={arXiv preprint arXiv:2210.12283},
	year={2022}
}
@inproceedings{first2023baldur,
	title={Baldur: Whole-proof generation and repair with large language models},
	author={First, Emily and Rabe, Markus N and Ringer, Talia and Brun, Yuriy},
	booktitle={Proceedings of the 31st ACM Joint European Software Engineering Conference and Symposium on the Foundations of Software Engineering},
	pages={1229--1241},
	year={2023}
}
@article{wang2024theoremllama,
	title={Theoremllama: Transforming general-purpose llms into lean4 experts},
	author={Wang, Ruida and Zhang, Jipeng and Jia, Yizhen and Pan, Rui and Diao, Shizhe and Pi, Renjie and Zhang, Tong},
	journal={arXiv preprint arXiv:2407.03203},
	year={2024}
}
@inproceedings{moura2021lean,
	title={The Lean 4 theorem prover and programming language},
	author={Moura, Leonardo de and Ullrich, Sebastian},
	booktitle={Automated Deduction--CADE 28: 28th International Conference on Automated Deduction, Virtual Event, July 12--15, 2021, Proceedings 28},
	pages={625--635},
	year={2021},
	organization={Springer}
}
@article{hendrycks2021measuring,
	title={Measuring mathematical problem solving with the math dataset},
	author={Hendrycks, Dan and Burns, Collin and Kadavath, Saurav and Arora, Akul and Basart, Steven and Tang, Eric and Song, Dawn and Steinhardt, Jacob},
	journal={arXiv preprint arXiv:2103.03874},
	year={2021}
}
@article{xia2024evaluating,
	title={Evaluating Mathematical Reasoning Beyond Accuracy},
	author={Xia, Shijie and Li, Xuefeng and Liu, Yixin and Wu, Tongshuang and Liu, Pengfei},
	journal={arXiv preprint arXiv:2404.05692},
	year={2024}
}

@misc{yang23minif2f,
	author    = {K. Yang},
	title     = {minif2f-lean4},
	year      = {2023},
	url       = {https://github.com/yangky11/miniF2F-lean4}
}