@article{duan2024human,
  title={Human-robot object handover: Recent progress and future direction},
  author={Duan, Haonan and Yang, Yifan and Li, Daheng and Wang, Peng},
  journal={Biomimetic Intelligence and Robotics},
  pages={100145},
  year={2024},
  publisher={Elsevier}
}

@article{kappler2023optimizing,
  title={Optimizing human-robot handovers: the impact of adaptive transport methods},
  author={K{\"a}ppler, Marco and Mamaev, Ilshat and Alagi, Hosam and Stein, Thorsten and Deml, Barbara},
  journal={Frontiers in Robotics and AI},
  volume={10},
  pages={1155143},
  year={2023},
  publisher={Frontiers Media SA}
}

@inproceedings{kedia2024interact,
  title={{InteRACT}: Transformer models for human intent prediction conditioned on robot actions},
  author={Kedia, Kushal and Bhardwaj, Atiksh and Dan, Prithwish and Choudhury, Sanjiban},
  booktitle={ICRA'24},
  pages={621--628},
  year={2024},
  organization={IEEE}
}

@article{lagomarsino2023maximising,
  title={Maximising Coefficiency of Human-Robot handovers through reinforcement learning},
  author={Lagomarsino, Marta and Lorenzini, Marta and Constable, Merryn Dale and others},
  journal={RAL},
  volume={8},
  number={8},
  pages={4378--4385},
  year={2023},
  publisher={IEEE}
}

@inproceedings{mavsar2022rovernet,
  title={{RoverNet}: Vision-based adaptive human-to-robot object handovers},
  author={Mavsar, Matija and Ude, Ale{\v{s}}},
  booktitle={Humanoids'22},
  pages={858--864},
  year={2022},
  organization={IEEE}
}

@article{ortenzi2021object,
  title={Object handovers: a review for robotics},
  author={Ortenzi, Valerio and Cosgun, Akansel and Pardi, Tommaso and others},
  journal={T-RO},
  volume={37},
  number={6},
  pages={1855--1873},
  year={2021},
  publisher={IEEE}
}

@inproceedings{qin2022task,
  title={Task-oriented robot-to-human handovers in collaborative tool-use tasks},
  author={Qin, Meiying and Brawer, Jake and Scassellati, Brian},
  booktitle={RO-MAN'22},
  year={2022}
}

@inproceedings{tian2023crafting,
  title={Crafting with a Robot Assistant: Use Social Cues to Inform Adaptive Handovers in Human-Robot Collaboration},
  author={Tian, Leimin and He, Kerry and Xu, Shiyu and Cosgun, Akansel and Kuli\'{c}, Dana},
  booktitle={HRI'23},
  pages={252--260},
  year={2023}
}

@inproceedings{yang2022model,
  title={Model predictive control for fluid human-to-robot handovers},
  author={Yang, Wei and Sundaralingam, Balakumar and Paxton, Chris and others},
  booktitle={ICRA'22},
  pages={6956--6962},
  year={2022},
  organization={IEEE}
}

@inproceedings{zhuang2022goferbot,
  title={{GoferBot}: A Visual Guided Human-Robot Collaborative Assembly System},
  author={Zhuang, Zheyu and Ben-Shabat, Yizhak and Zhang, Jiahao and Gould, Stephen and Mahony, Robert},
  booktitle={IROS'22},
  pages={8910--8917},
  year={2022},
  organization={IEEE}
}

