@inproceedings{chan2021experimental,
  title={An Experimental Validation and Comparison of Reaching Motion Models for Unconstrained Handovers: Towards Generating Humanlike Motions for Human-Robot Handovers},
  author={Chan, Wesley P and Tran, Tin and Sheikholeslami, Sara and Croft, Elizabeth},
  booktitle={Humanoids'20},
  pages={356--361},
  year={2021},
  organization={IEEE}
}

@article{moon2021design,
  title={Design of Hesitation Gestures for Nonverbal Human-Robot Negotiation of Conflicts},
  author={Moon, Ajung and Hashmi, Maneezhay and Loos, HF Machiel Van Der and others},
  journal={THRI},
  volume={10},
  number={3},
  pages={1--25},
  year={2021},
  publisher={ACM New York, NY, USA}
}

@inproceedings{macharet2013learning,
  title={Learning how to increase the chance of human-robot engagement},
  author={Macharet, Douglas G and Florencio, Dinei A},
  booktitle={IROS'13},
  pages={2173--2179},
  year={2013},
  organization={IEEE}
}

@inproceedings{shi2013model,
  title={A Model of Distributional Handing Interaction for a Mobile Robot.},
  author={Shi, Chao and Shiomi, Masahiro and Smith, Christian and others},
  booktitle={RSS'13},
  pages={24--28},
  year={2013}
}

@article{ortenzi2021object,
  title={Object handovers: a review for robotics},
  author={Ortenzi, Valerio and Cosgun, Akansel and Pardi, Tommaso and others},
  journal={T-RO},
  volume={37},
  number={6},
  pages={1855--1873},
  year={2021},
  publisher={IEEE}
}

@phdthesis{moon2017negotiating,
  title={Negotiating with robots: meshing plans and resolving conflicts in human-robot collaboration},
  author={Moon, AJung},
  year={2017},
  school={University of British Columbia}
}

@article{zheng2015impacts,
  title={Impacts of robot head gaze on robot-to-human handovers},
  author={Zheng, Minhua and Moon, AJung and Croft, Elizabeth A and Meng, Max Q-H},
  journal={IJSR},
  volume={7},
  number={5},
  pages={783--798},
  year={2015},
  publisher={Springer}
}

@inproceedings{hart2014gesture,
  title={Gesture, gaze, touch, and hesitation: Timing cues for collaborative work},
  author={Hart, Justin W and Gleeson, Brian and Pan, Matthew and others},
  booktitle={HRI Workshop on Timing in Human-Robot Interaction, Bielefeld, Germany},
  pages={21},
  year={2014},
  organization={Citeseer}
}

@inproceedings{moon2014meet,
  title={Meet me where {I'm} gazing: how shared attention gaze affects human-robot handover timing},
  author={Moon, AJung and Troniak, Daniel M and Gleeson, Brian and others},
  booktitle={HRI'14},
  pages={334--341},
  year={2014}
}

@inproceedings{zheng2014human,
  title={Human behavioural responses to robot head gaze during robot-to-human handovers},
  author={Zheng, Minhua and Moon, A Jung and Gleeson, Brian and others},
  booktitle={ROBIO'14},
  pages={362--367},
  year={2014},
  organization={IEEE}
}

@inproceedings{landi2019prediction,
  title={Prediction of human arm target for robot reaching movements},
  author={Landi, Chiara Talignani and Cheng, Yujiao and Ferraguti, Federica and others},
  booktitle={IROS'19},
  pages={5950--5957},
  year={2019},
  organization={IEEE}
}

@inproceedings{huber2009evaluation,
  title={Evaluation of a novel biologically inspired trajectory generator in human-robot interaction},
  author={Huber, Markus and Radrich, Helmuth and Wendt, Cornelia and others},
  booktitle={RO-MAN'09},
  pages={639--644},
  year={2009},
  organization={IEEE}
}

@inproceedings{sheikholeslami2018study,
  title={A study of reaching motions for collaborative human-robot interaction},
  author={Sheikholeslami, Sara and Lee, Gilwoo and Hart, Justin W and others},
  booktitle={ISER'18},
  pages={584--594},
  year={2018},
  organization={Springer}
}

@article{marteniuk1987constraints,
  title={Constraints on human arm movement trajectories.},
  author={Marteniuk, RG and MacKenzie, CL and Jeannerod, Marc and Athenes, S and Dugas, C},
  journal={Canadian Journal of Psychology/Revue canadienne de psychologie},
  volume={41},
  number={3},
  pages={365},
  year={1987},
  publisher={Canadian Psychological Association}
}

@inproceedings{yamane2013synthesizing,
  title={Synthesizing object receiving motions of humanoid robots with human motion database},
  author={Yamane, Katsu and Revfi, Marcel and Asfour, Tamim},
  booktitle={ICRA'13},
  pages={1629--1636},
  year={2013},
  organization={IEEE}
}

@article{chan2020affordance,
  title={An affordance and distance minimization based method for computing object orientations for robot human handovers},
  author={Chan, Wesley P and Pan, Matthew KXJ and Croft, Elizabeth A and Inaba, Masayuki},
  journal={IJSR},
  volume={12},
  number={1},
  pages={143--162},
  year={2020},
  publisher={Springer}
}

@inproceedings{kontogiorgos2020embodiment,
  title={Embodiment effects in interactions with failing robots},
  author={Kontogiorgos, Dimosthenis and van Waveren, Sanne and Wallberg, Olle and Pereira, Andre and Leite, Iolanda and Gustafson, Joakim},
  booktitle={CHI'20},
  pages={1--14},
  year={2020}
}

@article{kwan2020gesture,
  title={Gesture recognition for initiating human-to-robot handovers},
  author={Kwan, Jun and Tan, Chinkye and Cosgun, Akansel},
  journal={arXiv:2007.09945},
  year={2020}
}

@inproceedings{admoni2014deliberate,
  title={Deliberate delays during robot-to-human handovers improve compliance with gaze communication},
  author={Admoni, Henny and Dragan, Anca and Srinivasa, Siddhartha S and Scassellati, Brian},
  booktitle={HRI'14},
  pages={49--56},
  year={2014}
}

@inproceedings{cakmak2011using,
  title={Using spatial and temporal contrast for fluent robot-human hand-overs},
  author={Cakmak, Maya and Srinivasa, Siddhartha S and Lee, Min Kyung and Kiesler, Sara and Forlizzi, Jodi},
  booktitle={HRI'11},
  pages={489--496},
  year={2011}
}

@article{pan2017automated,
  title={Automated detection of handovers using kinematic features},
  author={Pan, Matthew KXJ and Skjerv{\o}y, Vidar and Chan, Wesley P and Inaba, Masayuki and Croft, Elizabeth A},
  journal={IJRR},
  volume={36},
  number={5-7},
  pages={721--738},
  year={2017},
  publisher={SAGE Publications Sage UK: London, England}
}

@inproceedings{grigore2013joint,
  title={Joint action understanding improves robot-to-human object handover},
  author={Grigore, Elena Corina and Eder, Kerstin and Pipe, Anthony G and Melhuish, Chris and Leonards, Ute},
  booktitle={IROS'13},
  pages={4622--4629},
  year={2013},
  organization={IEEE}
}

@inproceedings{parastegari2017modeling,
  title={Modeling human reaching phase in human-human object handover with application in robot-human handover},
  author={Parastegari, Sina and Abbasi, Bahareh and Noohi, Ehsan and Zefran, Milo{\v{s}}},
  booktitle={IROS'17},
  pages={3597--3602},
  year={2017},
  organization={IEEE}
}

@inproceedings{murphy2013survey,
  title={Survey of metrics for human-robot interaction},
  author={Murphy, Robin R and Schreckenghost, Debra},
  booktitle={HRI'13},
  pages={197--198},
  year={2013},
  organization={IEEE}
}

@inproceedings{villani2018framework,
  title={A framework for affect-based natural human-robot interaction},
  author={Villani, Valeria and Sabattini, Lorenzo and Secchi, Cristian and Fantuzzi, Cesare},
  booktitle={RO-MAN'18},
  pages={1038--1044},
  year={2018},
  organization={IEEE}
}

@article{hoffman2019evaluating,
  title={Evaluating fluency in human--robot collaboration},
  author={Hoffman, Guy},
  journal={THMS},
  volume={49},
  number={3},
  pages={209--218},
  year={2019},
  publisher={IEEE}
}

@article{bartneck2009measurement,
  title={Measurement instruments for the anthropomorphism, animacy, likeability, perceived intelligence, and perceived safety of robots},
  author={Bartneck, Christoph and Kuli{\'c}, Dana and Croft, Elizabeth and Zoghbi, Susana},
  journal={IJSR},
  volume={1},
  number={1},
  pages={71--81},
  year={2009},
  publisher={Springer}
}

@inproceedings{carpinella2017robotic,
  title={The robotic social attributes scale ({RoSAS}) development and validation},
  author={Carpinella, Colleen M and Wyman, Alisa B and Perez, Michael A and Stroessner, Steven J},
  booktitle={HRI'17},
  pages={254--262},
  year={2017}
}

@incollection{hart1988development,
  title={Development of {NASA-TLX (Task Load Index)}: Results of empirical and theoretical research},
  author={Hart, Sandra G and Staveland, Lowell E},
  booktitle={Advances in psychology},
  volume={52},
  pages={139--183},
  year={1988},
  publisher={Elsevier}
}

@inproceedings{robinson2020robot,
  title={The robot self-efficacy scale: robot self-efficacy, likability and willingness to interact increases after a robot-delivered tutorial},
  author={Robinson, Nicole L and Hicks, Teah Neal and Suddrey, Gavin and Kavanagh, David J},
  booktitle={RO-MAN'20},
  pages={272--277},
  year={2020},
  organization={IEEE}
}

@article{Huang2015adaptive,
  author = {Huang, Chien-ming and Cakmak, Maya and Mutlu, Bilge},
  journal = {RSS'15},
  title = {Adaptive Coordination Strategies for Human-Robot Handovers},
  year = {2015}
}

@inproceedings{wu2019line,
  title={On-line motion prediction and adaptive control in human-robot handover tasks},
  author={Wu, Min and Taetz, Bertram and Saraiva, Ernesto Dickel and Bleser, Gabriele and Liu, Steven},
  booktitle={ARSO'19},
  pages={1--6},
  year={2019},
  organization={IEEE}
}

@incollection{kupcsik2018learning,
  title={Learning dynamic robot-to-human object handover from human feedback},
  author={Kupcsik, Andras and Hsu, David and Lee, Wee Sun},
  booktitle={Robotics research},
  pages={161--176},
  year={2018},
  publisher={Springer}
}

@inproceedings{nemlekar2019object,
  title={Object transfer point estimation for fluent human-robot handovers},
  author={Nemlekar, Heramb and Dutia, Dharini and Li, Zhi},
  booktitle={ICRA'19},
  pages={2627--2633},
  year={2019},
  organization={IEEE}
}

@article{qian2022environment,
  title={Environment-adaptive learning from demonstration for proactive assistance in human--robot collaborative tasks},
  author={Qian, Kun and Xu, Xin and Liu, Huan and Bai, Jishen and Luo, Shan},
  journal={Robotics and Autonomous Systems},
  pages={104046},
  year={2022},
  publisher={Elsevier}
}

@article{someshwar2017givers,
  title={Givers \& Receivers perceive handover tasks differently: Implications for Human-Robot collaborative system design},
  author={Someshwar, Roy and Edan, Yael},
  journal={arXiv:1708.06207},
  year={2017}
}

@article{vogt2018one,
  title={One-shot learning of human--robot handovers with triadic interaction meshes},
  author={Vogt, David and Stepputtis, Simon and Jung, Bernhard and Amor, Heni Ben},
  journal={Autonomous Robots},
  volume={42},
  number={5},
  pages={1053--1065},
  year={2018},
  publisher={Springer}
}

@article{bijl2017system,
  title={System identification through online sparse {Gaussian} process regression with input noise},
  author={Bijl, Hildo and Sch{\"o}n, Thomas B and van Wingerden, Jan-Willem and Verhaegen, Michel},
  journal={IFAC Journal of Systems and Control},
  volume={2},
  pages={1--11},
  year={2017},
  publisher={Elsevier}
}

@article{mchutchon2011gaussian,
  title={Gaussian process training with input noise},
  author={McHutchon, Andrew and Rasmussen, Carl},
  journal={NeurIPS'11},
  volume={24},
  year={2011}
}

@inproceedings{kupcsik2013data,
  title={Data-efficient generalization of robot skills with contextual policy search},
  author={Kupcsik, Andras Gabor and Deisenroth, Marc Peter and Peters, Jan and Neumann, Gerhard},
  booktitle={AAAI'13},
  year={2013}
}

@article{feng2020high,
  title={High-dimensional contextual policy search with unknown context rewards using Bayesian optimization},
  author={Feng, Qing and Letham, Ben and Mao, Hongzi and Bakshy, Eytan},
  journal={NeurIPS'20},
  volume={33},
  pages={22032--22044},
  year={2020}
}

@article{karampatziakis2020empirical,
  title={Empirical likelihood for contextual bandits},
  author={Karampatziakis, Nikos and Langford, John and Mineiro, Paul},
  journal={NeurIPS'20},
  volume={33},
  pages={9597--9607},
  year={2020}
}

@article{maeda2017probabilistic,
  title={Probabilistic movement primitives for coordination of multiple human--robot collaborative tasks},
  author={Maeda, Guilherme J and Neumann, Gerhard and Ewerton, Marco and Lioutikov, Rudolf and Kroemer, Oliver and Peters, Jan},
  journal={Autonomous Robots},
  volume={41},
  number={3},
  pages={593--612},
  year={2017},
  publisher={Springer}
}

@article{gomez2020adaptation,
  title={Adaptation and robust learning of probabilistic movement primitives},
  author={Gomez-Gonzalez, Sebastian and Neumann, Gerhard and Sch{\"o}lkopf, Bernhard and Peters, Jan},
  journal={T-RO},
  volume={36},
  number={2},
  pages={366--379},
  year={2020},
  publisher={IEEE}
}

@article{haviland2022holistic,
  title={A Holistic Approach to Reactive Mobile Manipulation},
  author={Haviland, Jesse and Sunderhauf, Niko and Corke, Peter},
  journal={RAL},
  year={2022},
  publisher={IEEE}
}

@article{haviland2021neo,
  title={{NEO}: A novel expeditious optimisation algorithm for reactive motion control of manipulators},
  author={Haviland, Jesse and Corke, Peter},
  journal={RAL},
  volume={6},
  number={2},
  pages={1043--1050},
  year={2021},
  publisher={IEEE}
}

@inproceedings{mcquillin2022learning,
  title={Learning socially appropriate robo-waiter behaviours through real-time user feedback},
  author={McQuillin, Emily and Churamani, Nikhil and Gunes, Hatice},
  booktitle={HRI'22},
  pages={541--550},
  year={2022}
}

@article{kumar2020conservative,
  title={Conservative {Q}-learning for offline reinforcement learning},
  author={Kumar, Aviral and Zhou, Aurick and Tucker, George and Levine, Sergey},
  journal={NeurIPS'20},
  volume={33},
  pages={1179--1191},
  year={2020}
}

@inproceedings{fujimoto2019off,
  title={Off-policy deep reinforcement learning without exploration},
  author={Fujimoto, Scott and Meger, David and Precup, Doina},
  booktitle={ICML'19},
  pages={2052--2062},
  year={2019},
  organization={PMLR}
}

@inproceedings{agarwal2020optimistic,
  title={An Optimistic Perspective on Offline Reinforcement Learning},
  author={Agarwal, Rishabh and Schuurmans, Dale and Norouzi, Mohammad},
  journal={ICML'20},
  year={2020}
}

@article{seno2021d3rlpy,
  title={{d3rlpy}: An Offline Deep Reinforcement Learning Library},
  author={Seno, Takuma and Imai, Michita},
  journal={arXiv:2111.03788},
  year={2021}
}

@article{bazarevsky2020blazepose,
  title={Blazepose: On-device real-time body pose tracking},
  author={Bazarevsky, Valentin and Grishchenko, Ivan and Raveendran, Karthik and others},
  journal={arXiv:2006.10204},
  year={2020}
}

@article{toisoul2021estimation,
  author  = {Antoine Toisoul and Jean Kossaifi and Adrian Bulat and Georgios Tzimiropoulos and Maja Pantic},
  title   = {Estimation of continuous valence and arousal levels from faces in naturalistic conditions},
  journal = {Nature Machine Intelligence},
  year    = {2021}
}

@misc{chollet2015keras,
  title={Keras},
  author={Chollet, Fran\c{c}ois and others},
  year={2015},
  howpublished={\url{https://keras.io}},
}

@misc{tensorflow2015-whitepaper,
title={ {TensorFlow}: Large-Scale Machine Learning on Heterogeneous Systems},
url={https://www.tensorflow.org/},
note={Software available from tensorflow.org},
author={Mart{\'\i}n, Abadi and Ashish, Agarwal and Paul, Barham and others},
  year={2015},
}

@article{schuster1997bidirectional,
  title={Bidirectional recurrent neural networks},
  author={Schuster, Mike and Paliwal, Kuldip K},
  journal={IEEE transactions on Signal Processing},
  volume={45},
  number={11},
  pages={2673--2681},
  year={1997},
  publisher={Ieee}
}

@inproceedings{bahdanau2015neural,
  title={Neural machine translation by jointly learning to align and translate},
  author={Bahdanau, Dzmitry and Cho, Kyung Hyun and Bengio, Yoshua},
  booktitle={ICLR'15},
  year={2015}
}


@inproceedings{he2022go,
  title={On-The-Go Robot-to-Human Handovers with a Mobile Manipulator},
  author={He, Kerry and Simini, Pradeepsundar and Chan, Wesley and Kuli{\'c}, Dana and Croft, Elizabeth and Cosgun, Akansel},
  booktitle={RO-MAN'22},
  year={2022}
}



@article{matheson2019human,
  title={Human--robot collaboration in manufacturing applications: A review},
  author={Matheson, Eloise and Minto, Riccardo and Zampieri, Emanuele GG and Faccio, Maurizio and Rosati, Giulio},
  journal={Robotics},
  volume={8},
  number={4},
  pages={100},
  year={2019},
  publisher={MDPI}
}

@inproceedings{unhelkar2020decision,
  title={Decision-making for bidirectional communication in sequential human-robot collaborative tasks},
  author={Unhelkar, Vaibhav V and Li, Shen and Shah, Julie A},
  booktitle={HRI'20},
  pages={329--341},
  year={2020},
  organization={IEEE}
}

@article{pineau2003towards,
  title={Towards robotic assistants in nursing homes: Challenges and results},
  author={Pineau, Joelle and Montemerlo, Michael and Pollack, Martha and Roy, Nicholas and Thrun, Sebastian},
  journal={Robotics and autonomous systems},
  volume={42},
  number={3-4},
  pages={271--281},
  year={2003},
  publisher={Elsevier}
}

@article{tian2021taxonomy,
  title={A taxonomy of social errors in human-robot interaction},
  author={Tian, Leimin and Oviatt, Sharon},
  journal={THRI},
  volume={10},
  number={2},
  pages={1--32},
  year={2021},
  publisher={ACM New York, NY, USA}
}

@inproceedings{rosenberg2019human,
  title={Human-Robot-Collaboration ({HRC}): social robots as teaching assistants for training activities in small groups},
  author={Rosenberg-Kima, Rinat and Koren, Yaacov and Yachini, Maya and Gordon, Goren},
  booktitle={HRI'19},
  pages={522--523},
  year={2019},
  organization={IEEE}
}

@inproceedings{tian2023crafting,
  title={Crafting with a Robot Assistant: Use Social Cues to Inform Adaptive Handovers in Human-Robot Collaboration},
  author={Tian, Leimin and He, Kerry and Xu, Shiyu and Cosgun, Akansel and Kuli\'{c}, Dana},
  booktitle={HRI'23},
  pages={252--260},
  year={2023}
}

@article{wiederhold2024hoh,
  title={{HOH}: Markerless multimodal human-object-human handover dataset with large object count},
  author={Wiederhold, Noah and Megyeri, Ava and Paris, DiMaggio and Banerjee, Sean and Banerjee, Natasha},
  journal={NeurIPS'24},
  volume={36},
  year={2024}
}

@article{iori2023dmp,
  title={{DMP}-based reactive robot-to-human handover in perturbed scenarios},
  author={Iori, Francesco and Perovic, Gojko and Cini, Francesca and others},
  journal={IJSR},
  volume={15},
  number={2},
  pages={233--248},
  year={2023},
  publisher={Springer}
}

@article{duan2024human,
  title={Human-robot object handover: Recent progress and future direction},
  author={Duan, Haonan and Yang, Yifan and Li, Daheng and Wang, Peng},
  journal={Biomimetic Intelligence and Robotics},
  pages={100145},
  year={2024},
  publisher={Elsevier}
}

@article{zolotas2024imposing,
  title={Imposing motion variability for ergonomic human-robot collaboration},
  author={Zolotas, Mark and Luo, Rui and Bazzi, Salah and others},
  journal={IISE trans. occup. ergon. hum. factors},
  volume={12},
  number={1-2},
  pages={123--134},
  year={2024},
  publisher={Taylor \& Francis}
}

@article{kappler2023optimizing,
  title={Optimizing human-robot handovers: the impact of adaptive transport methods},
  author={K{\"a}ppler, Marco and Mamaev, Ilshat and Alagi, Hosam and Stein, Thorsten and Deml, Barbara},
  journal={Frontiers in Robotics and AI},
  volume={10},
  pages={1155143},
  year={2023},
  publisher={Frontiers Media SA}
}

@article{krakauer2019motor,
  title={Motor learning},
  author={Krakauer, John W and Hadjiosif, Alkis M and Xu, Jing and Wong, Aaron L and Haith, Adrian M},
  journal={Compr Physiol},
  volume={9},
  number={2},
  pages={613--663},
  year={2019}
}

@inproceedings{mavsar2022rovernet,
  title={{RoverNet}: Vision-based adaptive human-to-robot object handovers},
  author={Mavsar, Matija and Ude, Ale{\v{s}}},
  booktitle={Humanoids'22},
  pages={858--864},
  year={2022},
  organization={IEEE}
}

@inproceedings{yang2022model,
  title={Model predictive control for fluid human-to-robot handovers},
  author={Yang, Wei and Sundaralingam, Balakumar and Paxton, Chris and others},
  booktitle={ICRA'22},
  pages={6956--6962},
  year={2022},
  organization={IEEE}
}

@inproceedings{kedia2024interact,
  title={{InteRACT}: Transformer models for human intent prediction conditioned on robot actions},
  author={Kedia, Kushal and Bhardwaj, Atiksh and Dan, Prithwish and Choudhury, Sanjiban},
  booktitle={ICRA'24},
  pages={621--628},
  year={2024},
  organization={IEEE}
}

@inproceedings{wise2016fetch,
  title={Fetch and freight: Standard platforms for service robot applications},
  author={Wise, Melonee and Ferguson, Michael and King, Derek and Diehr, Eric and Dymesich, David},
  booktitle={Workshop on autonomous mobile service robots},
  pages={1--6},
  year={2016}
}

@article{lagomarsino2023maximising,
  title={Maximising Coefficiency of Human-Robot handovers through reinforcement learning},
  author={Lagomarsino, Marta and Lorenzini, Marta and Constable, Merryn Dale and others},
  journal={RAL},
  volume={8},
  number={8},
  pages={4378--4385},
  year={2023},
  publisher={IEEE}
}

@inproceedings{qin2022task,
  title={Task-oriented robot-to-human handovers in collaborative tool-use tasks},
  author={Qin, Meiying and Brawer, Jake and Scassellati, Brian},
  booktitle={RO-MAN'22},
  year={2022}
}

@inproceedings{zhuang2022goferbot,
  title={{GoferBot}: A Visual Guided Human-Robot Collaborative Assembly System},
  author={Zhuang, Zheyu and Ben-Shabat, Yizhak and Zhang, Jiahao and Gould, Stephen and Mahony, Robert},
  booktitle={IROS'22},
  pages={8910--8917},
  year={2022},
  organization={IEEE}
}

@inproceedings{choi2022preemptive,
  title={Preemptive motion planning for human-to-robot indirect placement handovers},
  author={Choi, Andrew and Jawed, Mohammad Khalid and Joo, Jungseock},
  booktitle={ICRA'22},
  pages={4743--4749},
  year={2022},
  organization={IEEE}
}

@article{vaswani2017attention,
  title={Attention is all you need},
  author={Vaswani, A},
  journal={NeurIPS'17},
  year={2017}
}

@article{lecun1989backpropagation,
  title={Backpropagation applied to handwritten zip code recognition},
  author={LeCun, Yann and Boser, Bernhard and Denker, John S and others},
  journal={Neural computation},
  volume={1},
  number={4},
  pages={541--551},
  year={1989},
  publisher={MIT Press}
}

@article{krizhevsky2017imagenet,
  title={{ImageNet} classification with deep convolutional neural networks},
  author={Krizhevsky, Alex and Sutskever, Ilya and Hinton, Geoffrey E},
  journal={Communications of the ACM},
  volume={60},
  number={6},
  pages={84--90},
  year={2017},
  publisher={AcM New York, NY, USA}
}

@article{kingma2014adam,
  title={Adam: A method for stochastic optimization},
  author={Kingma, Diederik P},
  journal={arXiv:1412.6980},
  year={2014}
}

@article{carissoli2023mental,
  title={Mental workload and human-robot interaction in collaborative tasks: a scoping review},
  author={Carissoli, Claudia and Negri, Luca and Bassi, Marta and others},
  journal={IJCHI},
  pages={1--20},
  year={2023},
  publisher={Taylor \& Francis}
}

@article{amirshirzad2019human,
  title={Human adaptation to human--robot shared control},
  author={Amirshirzad, Negin and Kumru, Asiye and Oztop, Erhan},
  journal={THMS},
  volume={49},
  number={2},
  pages={126--136},
  year={2019},
  publisher={IEEE}
}