@article{lee2013pseudo,
  title={Pseudo-label: The simple and efficient semi-supervised learning method for deep neural networks},
  author={Lee, Dong-Hyun and others},
  journal={Workshop on challenges in representation learning, ICML},
  volume={3},
  number={2},
  pages={896},
  year={2013}
}



@article{goodfellow2014generative,
  title={Generative adversarial nets},
  author={Goodfellow, Ian and Pouget-Abadie, Jean and Mirza, Mehdi and Xu, Bing and Warde-Farley, David and Ozair, Sherjil and Courville, Aaron and Bengio, Yoshua},
  journal={Advances in neural information processing systems},
  volume={27},
  year={2014}
}

@article{ganin2016domain,
  title={Domain-adversarial training of neural networks},
  author={Ganin, Yaroslav and Ustinova, Evgeniya and Ajakan, Hana and Germain, Pascal and Larochelle, Hugo and Laviolette, Fran{\c{c}}ois and Marchand, Mario and Lempitsky, Victor},
  journal={The journal of machine learning research},
  volume={17},
  number={1},
  pages={2096--2030},
  year={2016},
  publisher={JMLR. org}
}

@inproceedings{belkin2001laplacian,
  title={Laplacian eigenmaps and spectral techniques for embedding and clustering.},
  author={Belkin, Mikhail and Niyogi, Partha},
  booktitle={Nips},
  volume={14},
  number={14},
  pages={585--591},
  year={2001}
}

@inproceedings{cao2015grarep,
  title={Grarep: Learning graph representations with global structural information},
  author={Cao, Shaosheng and Lu, Wei and Xu, Qiongkai},
  booktitle={Proceedings of the 24th ACM international on conference on information and knowledge management},
  pages={891--900},
  year={2015}
}

@inproceedings{perozzi2014deepwalk,
  title={Deepwalk: Online learning of social representations},
  author={Perozzi, Bryan and Al-Rfou, Rami and Skiena, Steven},
  booktitle={Proceedings of the 20th ACM SIGKDD international conference on Knowledge discovery and data mining},
  pages={701--710},
  year={2014}
}

@article{abu2017watch,
  title={Watch your step: Learning node embeddings via graph attention},
  author={Abu-El-Haija, Sami and Perozzi, Bryan and Al-Rfou, Rami and Alemi, Alex},
  journal={arXiv preprint arXiv:1710.09599},
  year={2017}
}

@inproceedings{chen2018harp,
  title={Harp: Hierarchical representation learning for networks},
  author={Chen, Haochen and Perozzi, Bryan and Hu, Yifan and Skiena, Steven},
  booktitle={Proceedings of the AAAI Conference on Artificial Intelligence},
  volume={32},
  number={1},
  year={2018}
}

@inproceedings{he2016deep,
  title={Deep residual learning for image recognition},
  author={He, Kaiming and Zhang, Xiangyu and Ren, Shaoqing and Sun, Jian},
  booktitle={Proceedings of the IEEE conference on computer vision and pattern recognition},
  pages={770--778},
  year={2016}
}



@article{ganin2016domain,
  title={Domain-adversarial training of neural networks},
  author={Ganin, Yaroslav and Ustinova, Evgeniya and Ajakan, Hana and Germain, Pascal and Larochelle, Hugo and Laviolette, Fran{\c{c}}ois and Marchand, Mario and Lempitsky, Victor},
  journal={The journal of machine learning research},
  volume={17},
  number={1},
  pages={2096--2030},
  year={2016},
  publisher={JMLR. org}
}



@inproceedings{xie2012image,
  title={Image denoising and inpainting with deep neural networks},
  author={Xie, Junyuan and Xu, Linli and Chen, Enhong},
  booktitle={Advances in neural information processing systems},
  pages={341--349},
  year={2012}
}

@article{xie2019unsupervised,
  title={Unsupervised data augmentation for consistency training},
  author={Xie, Qizhe and Dai, Zihang and Hovy, Eduard and Luong, Minh-Thang and Le, Quoc V},
  journal={arXiv preprint arXiv:1904.12848},
  year={2019}
}

@article{tzeng2014deep,
  title={Deep domain confusion: Maximizing for domain invariance},
  author={Tzeng, Eric and Hoffman, Judy and Zhang, Ning and Saenko, Kate and Darrell, Trevor},
  journal={arXiv preprint arXiv:1412.3474},
  year={2014}
}

@inproceedings{morris2019weisfeiler,
  title={Weisfeiler and leman go neural: Higher-order graph neural networks},
  author={Morris, Christopher and Ritzert, Martin and Fey, Matthias and Hamilton, William L and Lenssen, Jan Eric and Rattan, Gaurav and Grohe, Martin},
  booktitle={Proceedings of the AAAI Conference on Artificial Intelligence},
  volume={33},
  number={01},
  pages={4602--4609},
  year={2019}
}

@inproceedings{lee2013pseudo,
  title={Pseudo-label: The simple and efficient semi-supervised learning method for deep neural networks},
  author={Lee, Dong-Hyun and others},
  booktitle={Workshop on challenges in representation learning, ICML},
  volume={3},
  number={2},
  pages={896},
  year={2013}
}

@article{hamerly2004learning,
  title={Learning the k in k-means},
  author={Hamerly, Greg and Elkan, Charles},
  journal={Advances in neural information processing systems},
  volume={16},
  pages={281--288},
  year={2004},
  publisher={MIT Press}
}

@article{pei2020geom,
  title={Geom-gcn: Geometric graph convolutional networks},
  author={Pei, Hongbin and Wei, Bingzhe and Chang, Kevin Chen-Chuan and Lei, Yu and Yang, Bo},
  journal={arXiv preprint arXiv:2002.05287},
  year={2020}
}

@incollection{kapur1992entropy,
  title={Entropy optimization principles and their applications},
  author={Kapur, Jagat Narain and Kesavan, Hiremaglur K},
  booktitle={Entropy and energy dissipation in water resources},
  pages={3--20},
  year={1992},
  publisher={Springer}
}

@inproceedings{saito2019semi,
  title={Semi-supervised domain adaptation via minimax entropy},
  author={Saito, Kuniaki and Kim, Donghyun and Sclaroff, Stan and Darrell, Trevor and Saenko, Kate},
  booktitle={Proceedings of the IEEE/CVF International Conference on Computer Vision},
  pages={8050--8058},
  year={2019}
}


@article{moore2011l1,
  title={L1 and L2 regularization for multiclass hinge loss models},
  author={Moore, Robert C and DeNero, John},
  year={2011}
}

@inproceedings{lee2013pseudo,
  title={Pseudo-label: The simple and efficient semi-supervised learning method for deep neural networks},
  author={Lee, Dong-Hyun and others},
  booktitle={Workshop on challenges in representation learning, ICML},
  volume={3},
  number={2},
  pages={896},
  year={2013}
}


@article{krizhevsky2012imagenet,
  title={Imagenet classification with deep convolutional neural networks},
  author={Krizhevsky, Alex and Sutskever, Ilya and Hinton, Geoffrey E},
  journal={Advances in neural information processing systems},
  volume={25},
  pages={1097--1105},
  year={2012}
}


@article{simonyan2014very,
  title={Very deep convolutional networks for large-scale image recognition},
  author={Simonyan, Karen and Zisserman, Andrew},
  journal={arXiv preprint arXiv:1409.1556},
  year={2014}
}

@article{tzeng2014deep,
  title={Deep domain confusion: Maximizing for domain invariance},
  author={Tzeng, Eric and Hoffman, Judy and Zhang, Ning and Saenko, Kate and Darrell, Trevor},
  journal={arXiv preprint arXiv:1412.3474},
  year={2014}
}

@article{yu2017computer,
  title={Computer-aided diagnosis of malignant or benign thyroid nodes based on ultrasound images},
  author={Yu, Qin and Jiang, Tao and Zhou, Aiyun and Zhang, Lili and Zhang, Cheng and Xu, Pan},
  journal={European Archives of Oto-rhino-laryngology},
  volume={274},
  number={7},
  pages={2891--2897},
  year={2017},
  publisher={Springer}
}


@article{fish2008sonographic,
  title={Sonographic imaging of thyroid nodules and cervical lymph nodes},
  author={Fish, Stephanie A and Langer, Jill E and Mandel, Susan J},
  journal={Endocrinology and metabolism clinics of North America},
  volume={37},
  number={2},
  pages={401--417},
  year={2008},
  publisher={Elsevier}
}

@article{oltmann2015all,
  title={All thyroid ultrasound evaluations are not equal: sonographers specialized in thyroid cancer correctly label clinical N0 disease in well differentiated thyroid cancer},
  author={Oltmann, Sarah C and Schneider, David F and Chen, Herbert and Sippel, Rebecca S},
  journal={Annals of surgical oncology},
  volume={22},
  number={2},
  pages={422--428},
  year={2015},
  publisher={Springer}
}


@incollection{reiners2005diagnosis,
  title={The diagnosis of thyroid cancer},
  author={Reiners, C},
  booktitle={Thyroid Cancer},
  pages={71--81},
  year={2005},
  publisher={Springer}
}

@article{long2016unsupervised,
  title={Unsupervised domain adaptation with residual transfer networks},
  author={Long, Mingsheng and Zhu, Han and Wang, Jianmin and Jordan, Michael I},
  journal={arXiv preprint arXiv:1602.04433},
  year={2016}
}

@inproceedings{daume2010frustratingly,
  title={Frustratingly easy semi-supervised domain adaptation},
  author={Daum{\'e} III, Hal and Kumar, Abhishek and Saha, Avishek},
  booktitle={Proceedings of the 2010 Workshop on Domain Adaptation for Natural Language Processing},
  pages={53--59},
  year={2010}
}

@article{nowlan1992simplifying,
  title={Simplifying neural networks by soft weight-sharing},
  author={Nowlan, Steven J and Hinton, Geoffrey E},
  journal={Neural computation},
  volume={4},
  number={4},
  pages={473--493},
  year={1992},
  publisher={MIT Press}
}

@inproceedings{li2018adaptive,
  title={Adaptive graph convolutional neural networks},
  author={Li, Ruoyu and Wang, Sheng and Zhu, Feiyun and Huang, Junzhou},
  booktitle={Proceedings of the AAAI Conference on Artificial Intelligence},
  volume={32},
  number={1},
  year={2018}
}


@article{erdos1959graph,
  title={Graph theory and probability},
  author={Erd{\"o}s, Paul},
  journal={Canadian Journal of Mathematics},
  volume={11},
  pages={34--38},
  year={1959},
  publisher={Cambridge University Press}
}


@inproceedings{sun2016deep,
  title={Deep coral: Correlation alignment for deep domain adaptation},
  author={Sun, Baochen and Saenko, Kate},
  booktitle={European conference on computer vision},
  pages={443--450},
  year={2016},
  organization={Springer}
}


@article{hamerly2004learning,
  title={Learning the k in k-means},
  author={Hamerly, Greg and Elkan, Charles},
  journal={Advances in neural information processing systems},
  volume={16},
  pages={281--288},
  year={2004},
  publisher={MIT Press}
}



@inproceedings{saito2019semi,
  title={Semi-supervised domain adaptation via minimax entropy},
  author={Saito, Kuniaki and Kim, Donghyun and Sclaroff, Stan and Darrell, Trevor and Saenko, Kate},
  booktitle={Proceedings of the IEEE/CVF International Conference on Computer Vision},
  pages={8050--8058},
  year={2019}
}
%Variable LSTM
@inproceedings{barreno2006can,
  title={Can machine learning be secure?},
  author={Barreno, Marco and Nelson, Blaine and Sears, Russell and Joseph, Anthony D and Tygar, J Doug},
  booktitle={Proceedings of the ACM Symposium on Information, Computer and Communications Security},
  pages={16--25},
  year={2006},
  organization={ACM}
}
@inproceedings{arnab2018robustness,
  title={On the robustness of semantic segmentation models to adversarial attacks},
  author={Arnab, Anurag and Miksik, Ondrej and Torr, Philip HS},
  booktitle={Proceedings of the IEEE Conference on Computer Vision and Pattern Recognition},
  pages={888--897},
  year={2018}
}

@inproceedings{roth2015deeporgan,
  title={Deeporgan: Multi-level deep convolutional networks for automated pancreas segmentation},
  author={Roth, Holger R and Lu, Le and Farag, Amal and Shin, Hoo-Chang and Liu, Jiamin and Turkbey, Evrim B and Summers, Ronald M},
  booktitle={International Conference on Medical Image Computing and Computer-Assisted Intervention},
  pages={556--564},
  year={2015},
  organization={Springer}
}

@article{esteva2017dermatologist,
  title={Dermatologist-level classification of skin cancer with deep neural networks},
  author={Esteva, Andre and Kuprel, Brett and Novoa, Roberto A and Ko, Justin and Swetter, Susan M and Blau, Helen M and Thrun, Sebastian},
  journal={Nature},
  volume={542},
  number={7639},
  pages={115--118},
  year={2017},
  publisher={Nature Publishing Group}
}

@inproceedings{ronneberger2015u,
  title={U-net: Convolutional networks for biomedical image segmentation},
  author={Ronneberger, Olaf and Fischer, Philipp and Brox, Thomas},
  booktitle={International Conference on Medical Image Computing and Computer-Assisted Intervention},
  pages={234--241},
  year={2015},
  organization={Springer}
}

@article{goodfellow2016nips,
  title={NIPS 2016 tutorial: Generative adversarial networks},
  author={Goodfellow, Ian},
  journal={arXiv preprint arXiv:1701.00160},
  year={2016}
}
@inproceedings{ozbulak2019impact,
  title={Impact of Adversarial Examples on Deep Learning Models for Biomedical Image Segmentation},
  author={Ozbulak, Utku and Van Messem, Arnout and De Neve, Wesley},
  booktitle={International Conference on Medical Image Computing and Computer-Assisted Intervention},
  pages={300--308},
  year={2019},
  organization={Springer}
}
@inproceedings{xie2017adversarial,
  title={Adversarial examples for semantic segmentation and object detection},
  author={Xie, Cihang and Wang, Jianyu and Zhang, Zhishuai and Zhou, Yuyin and Xie, Lingxi and Yuille, Alan},
  booktitle={Proceedings of the IEEE International Conference on Computer Vision},
  pages={1369--1378},
  year={2017}
}
@article{su2019one,
  title={One pixel attack for fooling deep neural networks},
  author={Su, Jiawei and Vargas, Danilo Vasconcellos and Sakurai, Kouichi},
  journal={IEEE Transactions on Evolutionary Computation},
  year={2019},
  publisher={IEEE}
}
@inproceedings{papernot2017practical,
  title={Practical black-box attacks against machine learning},
  author={Papernot, Nicolas and McDaniel, Patrick and Goodfellow, Ian and Jha, Somesh and Celik, Z Berkay and Swami, Ananthram},
  booktitle={Proceedings of the ACM on Asia conference on computer and communications security},
  pages={506--519},
  year={2017},
  organization={ACM}
}
@inproceedings{nguyen2015deep,
  title={Deep neural networks are easily fooled: High confidence predictions for unrecognizable images},
  author={Nguyen, Anh and Yosinski, Jason and Clune, Jeff},
  booktitle={Proceedings of the IEEE Conference on Computer Vision and Pattern Recognition},
  pages={427--436},
  year={2015}
}
@inproceedings{moosavi2016deepfool,
  title={Deepfool: a simple and accurate method to fool deep neural networks},
  author={Moosavi-Dezfooli, Seyed-Mohsen and Fawzi, Alhussein and Frossard, Pascal},
  booktitle={Proceedings of the IEEE Conference on Computer Vision and Pattern Recognition},
  pages={2574--2582},
  year={2016}
}
@inproceedings{metzen2017universal,
  title={Universal adversarial perturbations against semantic image segmentation},
  author={Metzen, Jan Hendrik and Kumar, Mummadi Chaithanya and Brox, Thomas and Fischer, Volker},
  booktitle={2017 IEEE International Conference on Computer Vision (ICCV)},
  pages={2774--2783},
  year={2017},
  organization={IEEE}
}
@article{liu2016delving,
  title={Delving into transferable adversarial examples and black-box attacks},
  author={Liu, Yanpei and Chen, Xinyun and Liu, Chang and Song, Dawn},
  journal={arXiv preprint arXiv:1611.02770},
  year={2016}
}
@article{storn1997differential,
  title={Differential evolution--a simple and efficient heuristic for global optimization over continuous spaces},
  author={Storn, Rainer and Price, Kenneth},
  journal={Journal of Global Optimization},
  volume={11},
  number={4},
  pages={341--359},
  year={1997},
  publisher={Springer}
}
@article{chen2017deeplab,
  title={Deeplab: Semantic image segmentation with deep convolutional nets, atrous convolution, and fully connected crfs},
  author={Chen, Liang-Chieh and Papandreou, George and Kokkinos, Iasonas and Murphy, Kevin and Yuille, Alan L},
  journal={IEEE transactions on pattern analysis and machine intelligence},
  volume={40},
  number={4},
  pages={834--848},
  year={2017},
  publisher={IEEE}
}
@inproceedings{long2015fully,
  title={Fully convolutional networks for semantic segmentation},
  author={Long, Jonathan and Shelhamer, Evan and Darrell, Trevor},
  booktitle={Proceedings of the IEEE Conference on Computer Vision and Pattern Recognition},
  pages={3431--3440},
  year={2015}
}
@inproceedings{moosavi2017universal,
  title={Universal adversarial perturbations},
  author={Moosavi-Dezfooli, Seyed-Mohsen and Fawzi, Alhussein and Fawzi, Omar and Frossard, Pascal},
  booktitle={Proceedings of the IEEE Conference on Computer Vision and Pattern Recognition},
  pages={1765--1773},
  year={2017}
}
@article{baluja2017adversarial,
  title={Adversarial transformation networks: Learning to generate adversarial examples},
  author={Baluja, Shumeet and Fischer, Ian},
  journal={arXiv preprint arXiv:1703.09387},
  year={2017}
}
@article{kurakin2016adversarial,
  title={Adversarial examples in the physical world},
  author={Kurakin, Alexey and Goodfellow, Ian and Bengio, Samy},
  journal={arXiv preprint arXiv:1607.02533},
  year={2016}
}
@inproceedings{papernot2016distillation,
  title={Distillation as a defense to adversarial perturbations against deep neural networks},
  author={Papernot, Nicolas and McDaniel, Patrick and Wu, Xi and Jha, Somesh and Swami, Ananthram},
  booktitle={2016 IEEE Symposium on Security and Privacy (SP)},
  pages={582--597},
  year={2016},
  organization={IEEE}
}
@inproceedings{carlini2017towards,
  title={Towards evaluating the robustness of neural networks},
  author={Carlini, Nicholas and Wagner, David},
  booktitle={2017 IEEE Symposium on Security and Privacy (SP)},
  pages={39--57},
  year={2017},
  organization={IEEE}
}
@article{tramer2017ensemble,
  title={Ensemble adversarial training: Attacks and defenses},
  author={Tram{\`e}r, Florian and Kurakin, Alexey and Papernot, Nicolas and Goodfellow, Ian and Boneh, Dan and McDaniel, Patrick},
  journal={arXiv preprint arXiv:1705.07204},
  year={2017}
}
@article{vargas2016spectrum,
  title={Spectrum-diverse neuroevolution with unified neural models},
  author={Vargas, Danilo Vasconcellos and Murata, Junichi},
  journal={IEEE transactions on neural networks and learning systems},
  volume={28},
  number={8},
  pages={1759--1773},
  year={2016},
  publisher={IEEE}
}
@inproceedings{qin2018autofocus,
  title={Autofocus layer for semantic segmentation},
  author={Qin, Yao and Kamnitsas, Konstantinos and Ancha, Siddharth and Nanavati, Jay and Cottrell, Garrison and Criminisi, Antonio and Nori, Aditya},
  booktitle={International Conference on Medical Image Computing and Computer-Assisted Intervention},
  pages={603--611},
  year={2018},
  organization={Springer}
}
@article{dou2018pnp,
  title={Pnp-adanet: Plug-and-play adversarial domain adaptation network with a benchmark at cross-modality cardiac segmentation},
  author={Dou, Qi and Ouyang, Cheng and Chen, Cheng and Chen, Hao and Glocker, Ben and Zhuang, Xiahai and Heng, Pheng-Ann},
  journal={arXiv preprint arXiv:1812.07907},
  year={2018}
}

@inproceedings{paschali2018generalizability,
  title={Generalizability vs. robustness: investigating medical imaging networks using adversarial examples},
  author={Paschali, Magdalini and Conjeti, Sailesh and Navarro, Fernando and Navab, Nassir},
  booktitle={International Conference on Medical Image Computing and Computer-Assisted Intervention},
  pages={493--501},
  year={2018},
  organization={Springer}
}

@article{pena2015estimation,
  title={Estimation of the relative amount of hemoglobin in the cup and neuroretinal rim using stereoscopic color fundus images},
  author={Pena-Betancor, Cristina and Gonzalez-Hernandez, Marta and Fumero-Batista, Francisco and Sigut, Jose and Medina-Mesa, Erica and Alayon, Silvia and de la Rosa, Manuel Gonzalez},
  journal={Investigative Ophthalmology \& Visual Science},
  volume={56},
  number={3},
  pages={1562--1568},
  year={2015},
  publisher={The Association for Research in Vision and Ophthalmology}
}
@article{finlayson2019adversarial,
  title={Adversarial attacks on medical machine learning},
  author={Finlayson, Samuel G and Bowers, John D and Ito, Joichi and Zittrain, Jonathan L and Beam, Andrew L and Kohane, Isaac S},
  journal={Science},
  volume={363},
  number={6433},
  pages={1287--1289},
  year={2019},
  publisher={American Association for the Advancement of Science}
}
@article{goodfellow2015explaining,
  title={Explaining and harnessing adversarial examples},
  author={Goodfellow, Ian J and Shlens, Jonathon and Szegedy, Christian},
  journal={International Conference on Learning Representations},
  year={2015}
}
@article{luofoveation,
  title={Foveation-based Mechanisms Alleviate Adversarial Examples},
  author={Luo, Yan and Boix, Xavier and Roig, Gemma and Poggio, Tomaso and Zhao, Qi},
  journal={Conference on Neural Information Processing Systems},
  year={2016}
}
@article{ma2019understanding,
  title={Understanding Adversarial Attacks on Deep Learning Based Medical Image Analysis Systems},
  author={Ma, Xingjun and Niu, Yuhao and Gu, Lin and Wang, Yisen and Zhao, Yitian and Bailey, James and Lu, Feng},
  journal={arXiv preprint arXiv:1907.10456},
  year={2019}
}
@article{madrytowards,
  title={Towards Deep Learning Models Resistant to Adversarial Attacks},
  author={Madry, Aleksander and Makelov, Aleksandar and Schmidt, Ludwig and Tsipras, Dimitris and Vladu, Adrian},
  journal={International Conference on Learning Representations},
  year={2018}
}
@inproceedings{szegedy2014intriguing,
  title={Intriguing properties of neural networks},
  author={Szegedy, Christian and Zaremba, Wojciech and Sutskever, Ilya and Estrach, Joan Bruna and Erhan, Dumitru and Goodfellow, Ian and Fergus, Robert},
  booktitle={International Conference on Learning Representations},
  year={2014}
}
@article{cui2021deattack,
  title={DEAttack: A differential evolution based attack method for the robustness evaluation of medical image segmentation},
  author={Cui, Xiangxiang and Chang, Shi and Li, Chen and Kong, Bin and Tian, Lihua and Wang, Hongqiang and Huang, Peng and Yang, Meng and Wu, Yenan and Li, Zhongyu},
  journal={Neurocomputing},
  volume={465},
  pages={38--52},
  year={2021},
  publisher={Elsevier}
}
%new
@article{singh2015adaptive,
  title={Adaptive gradient descent backpropagation for classification of breast tumors in ultrasound imaging},
  author={Singh, Bikesh Kumar and Verma, Kesari and Thoke, AS},
  journal={Procedia Computer Science},
  volume={46},
  pages={1601--1609},
  year={2015},
  publisher={Elsevier}
}
@article{mohammed2018neural,
  title={Neural network and multi-fractal dimension features for breast cancer classification from ultrasound images},
  author={Mohammed, Mazin Abed and Al-Khateeb, Belal and Rashid, Ahmed Noori and Ibrahim, Dheyaa Ahmed and Abd Ghani, Mohd Khanapi and Mostafa, Salama A},
  journal={Computers \& Electrical Engineering},
  volume={70},
  pages={871--882},
  year={2018},
  publisher={Elsevier}
}
@article{byra2018discriminant,
  title={Discriminant analysis of neural style representations for breast lesion classification in ultrasound},
  author={Byra, Micha{\l}},
  journal={biocybernetics and biomedical engineering},
  volume={38},
  number={3},
  pages={684--690},
  year={2018},
  publisher={Elsevier}
}
@article{yap2020breast,
  title={Breast ultrasound region of interest detection and lesion localisation},
  author={Yap, Moi Hoon and Goyal, Manu and Osman, Fatima and Mart{\'\i}, Robert and Denton, Erika and Juette, Arne and Zwiggelaar, Reyer},
  journal={Artificial Intelligence in Medicine},
  volume={107},
  pages={101880},
  year={2020},
  publisher={Elsevier}
}
@article{moon2020computer,
  title={Computer-aided diagnosis of breast ultrasound images using ensemble learning from convolutional neural networks},
  author={Moon, Woo Kyung and Lee, Yan-Wei and Ke, Hao-Hsiang and Lee, Su Hyun and Huang, Chiun-Sheng and Chang, Ruey-Feng},
  journal={Computer methods and programs in biomedicine},
  volume={190},
  pages={105361},
  year={2020},
  publisher={Elsevier}
}

@article{huang2020segmentation,
  title={Segmentation of breast ultrasound image with semantic classification of superpixels},
  author={Huang, Qinghua and Huang, Yonghao and Luo, Yaozhong and Yuan, Feiniu and Li, Xuelong},
  journal={Medical Image Analysis},
  volume={61},
  pages={101657},
  year={2020},
  publisher={Elsevier}
}
@article{jarosik2020breast,
  title={Breast lesion classification based on ultrasonic radio-frequency signals using convolutional neural networks},
  author={Jarosik, Piotr and Klimonda, Ziemowit and Lewandowski, Marcin and Byra, Michal},
  journal={Biocybernetics and Biomedical Engineering},
  volume={40},
  number={3},
  pages={977--986},
  year={2020},
  publisher={Elsevier}
}
@inproceedings{bocchi2012semiautomated,
  title={Semiautomated breast cancer classification from ultrasound video},
  author={Bocchi, Leonardo and Gritti, Francesca and Manfredi, Claudia and Giannotti, Elisabetta and Nori, Jakopo},
  booktitle={2012 9th IEEE International Symposium on Biomedical Imaging (ISBI)},
  pages={1112--1115},
  year={2012},
  organization={IEEE}
}
@article{chen2021domain,
  title={Domain Knowledge Powered Deep Learning for Breast Cancer Diagnosis Based on Contrast-Enhanced Ultrasound Videos},
  author={Chen, Chen and Wang, Yong and Niu, Jianwei and Liu, Xuefeng and Li, Qingfeng and Gong, Xuantong},
  journal={IEEE Transactions on Medical Imaging},
  volume={40},
  number={9},
  pages={2439--2451},
  year={2021},
  publisher={IEEE}
}
@inproceedings{tran2015learning,
  title={Learning spatiotemporal features with 3d convolutional networks},
  author={Tran, Du and Bourdev, Lubomir and Fergus, Rob and Torresani, Lorenzo and Paluri, Manohar},
  booktitle={Proceedings of the IEEE international conference on computer vision},
  pages={4489--4497},
  year={2015}
}
@inproceedings{tran2018closer,
  title={A closer look at spatiotemporal convolutions for action recognition},
  author={Tran, Du and Wang, Heng and Torresani, Lorenzo and Ray, Jamie and LeCun, Yann and Paluri, Manohar},
  booktitle={Proceedings of the IEEE conference on Computer Vision and Pattern Recognition},
  pages={6450--6459},
  year={2018}
}
@inproceedings{zhou2018temporal,
  title={Temporal relational reasoning in videos},
  author={Zhou, Bolei and Andonian, Alex and Oliva, Aude and Torralba, Antonio},
  booktitle={Proceedings of the European conference on computer vision (ECCV)},
  pages={803--818},
  year={2018}
}
@article{soomro2012ucf101,
  title={UCF101: A dataset of 101 human actions classes from videos in the wild},
  author={Soomro, Khurram and Zamir, Amir Roshan and Shah, Mubarak},
  journal={arXiv preprint arXiv:1212.0402},
  year={2012}
}
@inproceedings{kuehne2011hmdb,
  title={HMDB: a large video database for human motion recognition},
  author={Kuehne, Hildegard and Jhuang, Hueihan and Garrote, Est{\'\i}baliz and Poggio, Tomaso and Serre, Thomas},
  booktitle={2011 International conference on computer vision},
  pages={2556--2563},
  year={2011},
  organization={IEEE}
}
@article{kingma2013auto,
  title={Auto-encoding variational bayes},
  author={Kingma, Diederik P and Welling, Max},
  journal={arXiv preprint arXiv:1312.6114},
  year={2013}
}
@article{robertson2016essential,
  title={Essential medicines for cancer: WHO recommendations and national priorities},
  author={Robertson, Jane and Barr, Ronald and Shulman, Lawrence N and Forte, Gilles B and Magrini, Nicola},
  journal={Bulletin of the World Health Organization},
  volume={94},
  number={10},
  pages={735},
  year={2016},
  publisher={World Health Organization}
}
@article{lee2002screening,
  title={Screening mammography: proven benefit, continued controversy},
  author={Lee, Carol H},
  journal={Radiologic Clinics},
  volume={40},
  number={3},
  pages={395--407},
  year={2002},
  publisher={Elsevier}
}
@article{chapman2007autoantibodies,
  title={Autoantibodies in breast cancer: their use as an aid to early diagnosis},
  author={Chapman, Caroline and Murray, Andrea and Chakrabarti, J and Thorpe, A and Woolston, C and Sahin, U and Barnes, Anthony and Robertson, J},
  journal={Annals of oncology},
  volume={18},
  number={5},
  pages={868--873},
  year={2007},
  publisher={Elsevier}
}
