@inproceedings{bocchi2012semiautomated,
  title={Semiautomated breast cancer classification from ultrasound video},
  author={Bocchi, Leonardo and Gritti, Francesca and Manfredi, Claudia and Giannotti, Elisabetta and Nori, Jakopo},
  booktitle={2012 9th IEEE International Symposium on Biomedical Imaging (ISBI)},
  pages={1112--1115},
  year={2012},
  organization={IEEE}
}

@article{byra2018discriminant,
  title={Discriminant analysis of neural style representations for breast lesion classification in ultrasound},
  author={Byra, Micha{\l}},
  journal={biocybernetics and biomedical engineering},
  volume={38},
  number={3},
  pages={684--690},
  year={2018},
  publisher={Elsevier}
}

@article{chen2021domain,
  title={Domain Knowledge Powered Deep Learning for Breast Cancer Diagnosis Based on Contrast-Enhanced Ultrasound Videos},
  author={Chen, Chen and Wang, Yong and Niu, Jianwei and Liu, Xuefeng and Li, Qingfeng and Gong, Xuantong},
  journal={IEEE Transactions on Medical Imaging},
  volume={40},
  number={9},
  pages={2439--2451},
  year={2021},
  publisher={IEEE}
}

@inproceedings{he2016deep,
  title={Deep residual learning for image recognition},
  author={He, Kaiming and Zhang, Xiangyu and Ren, Shaoqing and Sun, Jian},
  booktitle={Proceedings of the IEEE conference on computer vision and pattern recognition},
  pages={770--778},
  year={2016}
}

@article{huang2020segmentation,
  title={Segmentation of breast ultrasound image with semantic classification of superpixels},
  author={Huang, Qinghua and Huang, Yonghao and Luo, Yaozhong and Yuan, Feiniu and Li, Xuelong},
  journal={Medical Image Analysis},
  volume={61},
  pages={101657},
  year={2020},
  publisher={Elsevier}
}

@article{jarosik2020breast,
  title={Breast lesion classification based on ultrasonic radio-frequency signals using convolutional neural networks},
  author={Jarosik, Piotr and Klimonda, Ziemowit and Lewandowski, Marcin and Byra, Michal},
  journal={Biocybernetics and Biomedical Engineering},
  volume={40},
  number={3},
  pages={977--986},
  year={2020},
  publisher={Elsevier}
}

@article{mohammed2018neural,
  title={Neural network and multi-fractal dimension features for breast cancer classification from ultrasound images},
  author={Mohammed, Mazin Abed and Al-Khateeb, Belal and Rashid, Ahmed Noori and Ibrahim, Dheyaa Ahmed and Abd Ghani, Mohd Khanapi and Mostafa, Salama A},
  journal={Computers \& Electrical Engineering},
  volume={70},
  pages={871--882},
  year={2018},
  publisher={Elsevier}
}

@article{moon2020computer,
  title={Computer-aided diagnosis of breast ultrasound images using ensemble learning from convolutional neural networks},
  author={Moon, Woo Kyung and Lee, Yan-Wei and Ke, Hao-Hsiang and Lee, Su Hyun and Huang, Chiun-Sheng and Chang, Ruey-Feng},
  journal={Computer methods and programs in biomedicine},
  volume={190},
  pages={105361},
  year={2020},
  publisher={Elsevier}
}

@article{singh2015adaptive,
  title={Adaptive gradient descent backpropagation for classification of breast tumors in ultrasound imaging},
  author={Singh, Bikesh Kumar and Verma, Kesari and Thoke, AS},
  journal={Procedia Computer Science},
  volume={46},
  pages={1601--1609},
  year={2015},
  publisher={Elsevier}
}

@inproceedings{tran2015learning,
  title={Learning spatiotemporal features with 3d convolutional networks},
  author={Tran, Du and Bourdev, Lubomir and Fergus, Rob and Torresani, Lorenzo and Paluri, Manohar},
  booktitle={Proceedings of the IEEE international conference on computer vision},
  pages={4489--4497},
  year={2015}
}

@inproceedings{tran2018closer,
  title={A closer look at spatiotemporal convolutions for action recognition},
  author={Tran, Du and Wang, Heng and Torresani, Lorenzo and Ray, Jamie and LeCun, Yann and Paluri, Manohar},
  booktitle={Proceedings of the IEEE conference on Computer Vision and Pattern Recognition},
  pages={6450--6459},
  year={2018}
}

@article{yap2020breast,
  title={Breast ultrasound region of interest detection and lesion localisation},
  author={Yap, Moi Hoon and Goyal, Manu and Osman, Fatima and Mart{\'\i}, Robert and Denton, Erika and Juette, Arne and Zwiggelaar, Reyer},
  journal={Artificial Intelligence in Medicine},
  volume={107},
  pages={101880},
  year={2020},
  publisher={Elsevier}
}

@inproceedings{zhou2018temporal,
  title={Temporal relational reasoning in videos},
  author={Zhou, Bolei and Andonian, Alex and Oliva, Aude and Torralba, Antonio},
  booktitle={Proceedings of the European conference on computer vision (ECCV)},
  pages={803--818},
  year={2018}
}

