@article{AppAgent,
  title={AppAgent: Multimodal Agents as Smartphone Users},
  author={China. Xiaoyan Zhang and Zhao Yang and Jiaxuan Liu and Yucheng Han and Xin Chen and Zebiao Huang and Bin Fu and Gang Yu},
  journal={ArXiv},
  year={2023},
  volume={abs/2312.13771},
  url={https://api.semanticscholar.org/CorpusID:266435868}
}

@article{CPT,
title = {CPT: Colorful Prompt Tuning for pre-trained vision-language models},
journal = {AI Open},
volume = {5},
pages = {30-38},
year = {2024},
issn = {2666-6510},
doi = {https://doi.org/10.1016/j.aiopen.2024.01.004},
url = {https://www.sciencedirect.com/science/article/pii/S2666651024000056},
author = {Yuan Yao and Ao Zhang and Zhengyan Zhang},
keywords = {Vision-language pre-training models, Prompt tuning},
}

@INPROCEEDINGS{Conditional-Prompt,
  author={Zhou, Kaiyang and Yang, Jingkang and Loy, Chen Change and Liu, Ziwei},
  booktitle={CVPR}, 
  title={Conditional Prompt Learning for Vision-Language Models}, 
  year={2022},
  volume={},
  number={},
  pages={16795-16804},
  keywords={Training;Representation learning;Adaptation models;Computer vision;Neural networks;Manuals;Market research;Representation learning},
  doi={10.1109/CVPR52688.2022.01631}}

@InProceedings{Ferret-UI,
author="You, Keen
and Zhang, Haotian
and Schoop, Eldon
",
title="Ferret-UI: Grounded Mobile UI Understanding with Multimodal LLMs",
booktitle="Computer Vision -- ECCV 2024",
year="2025",
publisher="Springer Nature Switzerland",
address="Cham",
pages="240--255",
isbn="978-3-031-73039-9"
}

@inproceedings{Prompting,
author = {Ju, Chen and Han, Tengda and Zheng, Kunhao and Zhang},
title = {Prompting
         Visual-Language Models for Efficient Video Understanding},
year = {2022},
isbn = {978-3-031-19832-8},
publisher = {Springer-Verlag},
address = {Berlin, Heidelberg},
url = {https://doi.org/10.1007/978-3-031-19833-5_7},
doi = {10.1007/978-3-031-19833-5_7},
booktitle = {ECCV 2022},
pages = {105–124},
numpages = {20},
location = {Tel Aviv, Israel}
}

@inproceedings{RWKV,
    title = "{RWKV}: Reinventing {RNN}s for the Transformer Era",
    author = "Peng, Bo  and
      Alcaide, Eric  and
      Anthony, Quentin  and
      Albalak, Alonz",
    booktitle = "Findings of the Association for Computational Linguistics: EMNLP 2023",
    month = dec,
    year = "2023",
    address = "Singapore",
    publisher = "Association for Computational Linguistics",
    url = "https://aclanthology.org/2023.findings-emnlp.936/",
    doi = "10.18653/v1/2023.findings-emnlp.936",
    pages = "14048--14077"
}

@article{Reinforcement-Learning,
  title={Reinforcement Learning on Web Interfaces Using Workflow-Guided Exploration},
  author={Evan Zheran Liu and Kelvin Guu and Panupong Pasupat and Tianlin Shi and Percy Liang},
  journal={ArXiv},
  year={2018},
  volume={abs/1802.08802},
  url={https://api.semanticscholar.org/CorpusID:3530344}
}

@misc{T-Rex,
      title={T-Rex: Counting by Visual Prompting}, 
      author={Qing Jiang and Feng Li and Tianhe Ren and Shilong Liu and Zhaoyang Zeng and Kent Yu and Lei Zhang},
      year={2023},
      eprint={2311.13596},
      archivePrefix={arXiv},
      primaryClass={cs.CV},
      url={https://arxiv.org/abs/2311.13596}, 
}

@InProceedings{T-Rex2,
author="Jiang, Qing
and Li, Feng
and Zeng, Zhaoyang
and Ren, Tianhe
and Liu, Shilong
and Zhang, Lei",
title="T-Rex2: Towards Generic Object Detection via Text-Visual Prompt Synergy",
booktitle="Computer Vision -- ECCV 2024",
year="2025",
publisher="Springer Nature Switzerland",
address="Cham",
pages="38--57"
}

@article{Texts,
  title={Texts as Images in Prompt Tuning for Multi-Label Image Recognition},
  author={Zixian Guo and Bowen Dong and Zhilong Ji and Jinfeng Bai and Yiwen Guo and Wangmeng Zuo},
  journal={CVPR},
  year={2022},
  pages={2808-2817},
  url={https://api.semanticscholar.org/CorpusID:253801830}
}

@inproceedings{VisualRWKV,
    title = "{V}isual{RWKV}: Exploring Recurrent Neural Networks for Visual Language Models",
    author = "Hou, Haowen  and
      Zeng, Peigen  and
      Ma, Fei  and
      Yu, Fei Richard",
    booktitle = "Proceedings of the 31st International Conference on Computational Linguistics",
    month = jan,
    year = "2025",
    address = "Abu Dhabi, UAE",
    publisher = "Association for Computational Linguistics",
    url = "https://aclanthology.org/2025.coling-main.694/",
    pages = "10423--10434"
}

