@inproceedings{abbe2023sgd,
  title={Sgd learning on neural networks: leap complexity and saddle-to-saddle dynamics},
  author={Abbe, Emmanuel and Adsera, Enric Boix and Misiakiewicz, Theodor},
  booktitle={The Thirty Sixth Annual Conference on Learning Theory},
  pages={2552--2623},
  year={2023},
  organization={PMLR}
}

@article{albuquerque2019generalizing,
  title={Generalizing to unseen domains via distribution matching},
  author={Albuquerque, Isabela and Monteiro, Jo{\~a}o and Darvishi, Mohammad and Falk, Tiago H and Mitliagkas, Ioannis},
  journal={arXiv preprint arXiv:1911.00804},
  year={2019}
}

@article{arora2019theoretical,
  title={A theoretical analysis of contrastive unsupervised representation learning},
  author={Arora, Sanjeev and Khandeparkar, Hrishikesh and Khodak, Mikhail and Plevrakis, Orestis and Saunshi, Nikunj},
  journal={arXiv preprint arXiv:1902.09229},
  year={2019}
}

@article{arous2021online,
  title={Online stochastic gradient descent on non-convex losses from high-dimensional inference},
  author={Ben Arous, Gerard  and Gheissari, Reza and Jagannath, Aukosh},
  journal={Journal of Machine Learning Research},
  volume={22},
  number={106},
  pages={1--51},
  year={2021}
}

@article{azar2024semi,
  title={Semi-Supervised Sparse Gaussian Classification: Provable Benefits of Unlabeled Data},
  author={Azar, Eyar and Nadler, Boaz},
  journal={arXiv preprint arXiv:2409.03335},
  year={2024}
}

@article{ba2024learning,
  title={Learning in the presence of low-dimensional structure: a spiked random matrix perspective},
  author={Ba, Jimmy and Erdogdu, Murat A and Suzuki, Taiji and Wang, Zhichao and Wu, Denny},
  journal={Advances in Neural Information Processing Systems},
  volume={36},
  year={2024}
}

@article{barbier2019optimal,
  title={Optimal errors and phase transitions in high-dimensional generalized linear models},
  author={Barbier, Jean and Krzakala, Florent and Macris, Nicolas and Miolane, L{\'e}o and Zdeborov{\'a}, Lenka},
  journal={Proceedings of the National Academy of Sciences},
  volume={116},
  number={12},
  pages={5451--5460},
  year={2019},
  publisher={National Acad Sciences}
}

@article{ben2010theory,
  title={A theory of learning from different domains},
  author={Ben-David, Shai and Blitzer, John and Crammer, Koby and Kulesza, Alex and Pereira, Fernando and Vaughan, Jennifer Wortman},
  journal={Machine learning},
  volume={79},
  pages={151--175},
  year={2010},
  publisher={Springer}
}

@article{bietti2023learning,
  title={On learning gaussian multi-index models with gradient flow},
  author={Bietti, Alberto and Bruna, Joan and Pillaud-Vivien, Loucas},
  journal={arXiv preprint arXiv:2310.19793},
  year={2023}
}

@article{candes2015phase,
  title={Phase retrieval via Wirtinger flow: Theory and algorithms},
  author={Candes, Emmanuel J and Li, Xiaodong and Soltanolkotabi, Mahdi},
  journal={IEEE Transactions on Information Theory},
  volume={61},
  number={4},
  pages={1985--2007},
  year={2015},
  publisher={IEEE}
}

@inproceedings{damian2022neural,
  title={Neural networks can learn representations with gradient descent},
  author={Damian, Alexandru and Lee, Jason and Soltanolkotabi, Mahdi},
  booktitle={Conference on Learning Theory},
  pages={5413--5452},
  year={2022},
  organization={PMLR}
}

@inproceedings{damian2024computational,
  title={Computational-statistical gaps in gaussian single-index models},
  author={Damian, Alex and Pillaud-Vivien, Loucas and Lee, Jason and Bruna, Joan},
  booktitle={The Thirty Seventh Annual Conference on Learning Theory},
  pages={1262--1262},
  year={2024},
  organization={PMLR}
}

@article{damian2024smoothing,
  title={Smoothing the landscape boosts the signal for sgd: Optimal sample complexity for learning single index models},
  author={Damian, Alex and Nichani, Eshaan and Ge, Rong and Lee, Jason D},
  journal={Advances in Neural Information Processing Systems},
  volume={36},
  year={2024}
}

@article{dandi2024benefits,
  title={The benefits of reusing batches for gradient descent in two-layer networks: Breaking the curse of information and leap exponents},
  author={Dandi, Yatin and Troiani, Emanuele and Arnaboldi, Luca and Pesce, Luca and Zdeborov{\'a}, Lenka and Krzakala, Florent},
  journal={arXiv preprint arXiv:2402.03220},
  year={2024}
}

@inproceedings{david2010impossibility,
  title={Impossibility theorems for domain adaptation},
  author={David, Shai Ben and Lu, Tyler and Luu, Teresa and P{\'a}l, D{\'a}vid},
  booktitle={Proceedings of the Thirteenth International Conference on Artificial Intelligence and Statistics},
  pages={129--136},
  year={2010},
  organization={JMLR Workshop and Conference Proceedings}
}

@inproceedings{dudeja2018learning,
  title={Learning single-index models in gaussian space},
  author={Dudeja, Rishabh and Hsu, Daniel},
  booktitle={Conference On Learning Theory},
  pages={1887--1930},
  year={2018},
  organization={PMLR}
}

@article{ganin2016domain,
  title={Domain-adversarial training of neural networks},
  author={Ganin, Yaroslav and Ustinova, Evgeniya and Ajakan, Hana and Germain, Pascal and Larochelle, Hugo and Laviolette, Fran{\c{c}}ois and March, Mario and Lempitsky, Victor},
  journal={Journal of machine learning research},
  volume={17},
  number={59},
  pages={1--35},
  year={2016}
}

@article{hanneke2019value,
  title={On the value of target data in transfer learning},
  author={Hanneke, Steve and Kpotufe, Samory},
  journal={Advances in Neural Information Processing Systems},
  volume={32},
  year={2019}
}

@article{heckman1979sample,
  title={Sample selection bias as a specification error},
  author={Heckman, James J},
  journal={Econometrica: Journal of the econometric society},
  pages={153--161},
  year={1979},
  publisher={JSTOR}
}

@article{huang2006correcting,
  title={Correcting sample selection bias by unlabeled data},
  author={Huang, Jiayuan and Gretton, Arthur and Borgwardt, Karsten and Sch{\"o}lkopf, Bernhard and Smola, Alex},
  journal={Advances in neural information processing systems},
  volume={19},
  year={2006}
}

@article{lee2021predicting,
  title={Predicting what you already know helps: Provable self-supervised learning},
  author={Lee, Jason D and Lei, Qi and Saunshi, Nikunj and Zhuo, Jiacheng},
  journal={Advances in Neural Information Processing Systems},
  volume={34},
  pages={309--323},
  year={2021}
}

@article{lee2024neural,
  title={Neural network learns low-dimensional polynomials with SGD near the information-theoretic limit},
  author={Lee, Jason D and Oko, Kazusato and Suzuki, Taiji and Wu, Denny},
  journal={arXiv preprint arXiv:2406.01581},
  year={2024}
}

@inproceedings{long2017deep,
  title={Deep transfer learning with joint adaptation networks},
  author={Long, Mingsheng and Zhu, Han and Wang, Jianmin and Jordan, Michael I},
  booktitle={International conference on machine learning},
  pages={2208--2217},
  year={2017},
  organization={PMLR}
}

@article{lu2020phase,
  title={Phase transitions of spectral initialization for high-dimensional non-convex estimation},
  author={Lu, Yue M and Li, Gen},
  journal={Information and Inference: A Journal of the IMA},
  volume={9},
  number={3},
  pages={507--541},
  year={2020},
  publisher={Oxford University Press}
}

@article{maillard2019landscape,
  title={Landscape complexity for the empirical risk of generalized linear models},
  author={Maillard, Antoine and Ben Arous, G{\'e}rard  and Biroli, Giulio},
  journal={arXiv preprint arXiv:1912.02143},
  year={2019}
}

@article{maillard2020phase,
  title={Phase retrieval in high dimensions: Statistical and computational phase transitions},
  author={Maillard, Antoine and Loureiro, Bruno and Krzakala, Florent and Zdeborov{\'a}, Lenka},
  journal={Advances in Neural Information Processing Systems},
  volume={33},
  pages={11071--11082},
  year={2020}
}

@article{maity2022minimax,
  title={Minimax optimal approaches to the label shift problem in non-parametric settings},
  author={Maity, Subha and Sun, Yuekai and Banerjee, Moulinath},
  journal={Journal of Machine Learning Research},
  volume={23},
  number={346},
  pages={1--45},
  year={2022}
}

@article{mousavi2023gradient,
  title={Gradient-based feature learning under structured data},
  author={Mousavi-Hosseini, Alireza and Wu, Denny and Suzuki, Taiji and Erdogdu, Murat A},
  journal={Advances in Neural Information Processing Systems},
  volume={36},
  pages={71449--71485},
  year={2023}
}

@book{quinonero2022dataset,
  title={Dataset shift in machine learning},
  author={Qui{\~n}onero-Candela, Joaquin and Sugiyama, Masashi and Schwaighofer, Anton and Lawrence, Neil D},
  year={2022},
  publisher={Mit Press}
}

@article{ren2024learning,
  title={Learning orthogonal multi-index models: A fine-grained information exponent analysis},
  author={Ren, Yunwei and Lee, Jason D},
  journal={arXiv preprint arXiv:2410.09678},
  year={2024}
}

@article{sagawa2019distributionally,
  title={Distributionally robust neural networks for group shifts: On the importance of regularization for worst-case generalization},
  author={Sagawa, Shiori and Koh, Pang Wei and Hashimoto, Tatsunori B and Liang, Percy},
  journal={arXiv preprint arXiv:1911.08731},
  year={2019}
}

@article{shimodaira2000improving,
  title={Improving predictive inference under covariate shift by weighting the log-likelihood function},
  author={Shimodaira, Hidetoshi},
  journal={Journal of statistical planning and inference},
  volume={90},
  number={2},
  pages={227--244},
  year={2000},
  publisher={Elsevier}
}

@article{storkey2008training,
  title={When training and test sets are different: characterizing learning transfer},
  author={Storkey, Amos},
  year={2008}
}

@article{sun2018geometric,
  title={A geometric analysis of phase retrieval},
  author={Sun, Ju and Qu, Qing and Wright, John},
  journal={Foundations of Computational Mathematics},
  volume={18},
  pages={1131--1198},
  year={2018},
  publisher={Springer}
}

@article{tachet2020domain,
  title={Domain adaptation with conditional distribution matching and generalized label shift},
  author={Tachet des Combes, Remi and Zhao, Han and Wang, Yu-Xiang and Gordon, Geoffrey J},
  journal={Advances in Neural Information Processing Systems},
  volume={33},
  pages={19276--19289},
  year={2020}
}

@article{tosh2021contrastive,
  title={Contrastive estimation reveals topic posterior information to linear models},
  author={Tosh, Christopher and Krishnamurthy, Akshay and Hsu, Daniel},
  journal={Journal of Machine Learning Research},
  volume={22},
  number={281},
  pages={1--31},
  year={2021}
}

@inproceedings{tosh2021contrastive2,
  title={Contrastive learning, multi-view redundancy, and linear models},
  author={Tosh, Christopher and Krishnamurthy, Akshay and Hsu, Daniel},
  booktitle={Algorithmic Learning Theory},
  pages={1179--1206},
  year={2021},
  organization={PMLR}
}

@inproceedings{wang2014active,
  title={Active transfer learning under model shift},
  author={Wang, Xuezhi and Huang, Tzu-Kuo and Schneider, Jeff},
  booktitle={International Conference on Machine Learning},
  pages={1305--1313},
  year={2014},
  organization={PMLR}
}

@inproceedings{wang2015generalization,
  title={Generalization Bounds for Transfer Learning under Model Shift.},
  author={Wang, Xuezhi and Schneider, Jeff G},
  booktitle={UAI},
  pages={922--931},
  year={2015}
}

@article{wei2021pretrained,
  title={Why do pretrained language models help in downstream tasks? an analysis of head and prompt tuning},
  author={Wei, Colin and Xie, Sang Michael and Ma, Tengyu},
  journal={Advances in Neural Information Processing Systems},
  volume={34},
  pages={16158--16170},
  year={2021}
}

@inproceedings{wu2019domain,
  title={Domain adaptation with asymmetrically-relaxed distribution alignment},
  author={Wu, Yifan and Winston, Ezra and Kaushik, Divyansh and Lipton, Zachary},
  booktitle={International conference on machine learning},
  pages={6872--6881},
  year={2019},
  organization={PMLR}
}

@article{zhai2023understanding,
  title={Understanding augmentation-based self-supervised representation learning via rkhs approximation and regression},
  author={Zhai, Runtian and Liu, Bingbin and Risteski, Andrej and Kolter, Zico and Ravikumar, Pradeep},
  journal={arXiv preprint arXiv:2306.00788},
  year={2023}
}

@article{zhang2021inductive,
  title={On the inductive bias of masked language modeling: From statistical to syntactic dependencies},
  author={Zhang, Tianyi and Hashimoto, Tatsunori},
  journal={arXiv preprint arXiv:2104.05694},
  year={2021}
}

@inproceedings{zhao2019learning,
  title={On learning invariant representations for domain adaptation},
  author={Zhao, Han and Des Combes, Remi Tachet and Zhang, Kun and Gordon, Geoffrey},
  booktitle={International conference on machine learning},
  pages={7523--7532},
  year={2019},
  organization={PMLR}
}

@article{zweig2024single,
  title={On Single-Index Models beyond Gaussian Data},
  author={Zweig, Aaron and Pillaud-Vivien, Loucas and Bruna, Joan},
  journal={Advances in Neural Information Processing Systems},
  volume={36},
  year={2024}
}

