@article{brohan2023rt,
  title={Rt-2: Vision-language-action models transfer web knowledge to robotic control},
  author={Brohan, Anthony and Brown, Noah and Carbajal, Justice and Chebotar, Yevgen and Chen, Xi and Choromanski, Krzysztof and Ding, Tianli and Driess, Danny and Dubey, Avinava and Finn, Chelsea and others},
  journal={arXiv preprint arXiv:2307.15818},
  year={2023}
}

@article{chang2024text2grasp,
  title={Text2Grasp: Grasp synthesis by text prompts of object grasping parts},
  author={Chang, Xiaoyun and Sun, Yi},
  journal={arXiv preprint arXiv:2404.15189},
  year={2024}
}

@article{fang2023anygrasp,
  title={Anygrasp: Robust and efficient grasp perception in spatial and temporal domains},
  author={Fang, Hao-Shu and Wang, Chenxi and Fang, Hongjie and Gou, Minghao and Liu, Jirong and Yan, Hengxu and Liu, Wenhai and Xie, Yichen and Lu, Cewu},
  journal={IEEE Transactions on Robotics},
  year={2023},
  publisher={IEEE}
}

@article{jang2017end,
  title={End-to-end learning of semantic grasping},
  author={Jang, Eric and Vijayanarasimhan, Sudheendra and Pastor, Peter and Ibarz, Julian and Levine, Sergey},
  journal={arXiv preprint arXiv:1707.01932},
  year={2017}
}

@article{li2024semgrasp,
  title={Semgrasp: Semantic grasp generation via language aligned discretization},
  author={Li, Kailin and Wang, Jingbo and Yang, Lixin and Lu, Cewu and Dai, Bo},
  journal={arXiv preprint arXiv:2404.03590},
  year={2024}
}

@article{liu2024moka,
  title={Moka: Open-vocabulary robotic manipulation through mark-based visual prompting},
  author={Liu, Fangchen and Fang, Kuan and Abbeel, Pieter and Levine, Sergey},
  journal={arXiv preprint arXiv:2403.03174},
  year={2024}
}

@inproceedings{mousavian20196,
  title={6-dof graspnet: Variational grasp generation for object manipulation},
  author={Mousavian, Arsalan and Eppner, Clemens and Fox, Dieter},
  booktitle={Proceedings of the IEEE/CVF international conference on computer vision},
  pages={2901--2910},
  year={2019}
}

@inproceedings{murali2021same,
  title={Same object, different grasps: Data and semantic knowledge for task-oriented grasping},
  author={Murali, Adithyavairavan and Liu, Weiyu and Marino, Kenneth and Chernova, Sonia and Gupta, Abhinav},
  booktitle={Conference on robot learning},
  pages={1540--1557},
  year={2021},
  organization={PMLR}
}

@article{nasiriany2024pivot,
  title={Pivot: Iterative visual prompting elicits actionable knowledge for vlms},
  author={Nasiriany, Soroush and Xia, Fei and Yu, Wenhao and Xiao, Ted and Liang, Jacky and Dasgupta, Ishita and Xie, Annie and Driess, Danny and Wahid, Ayzaan and Xu, Zhuo and others},
  journal={arXiv preprint arXiv:2402.07872},
  year={2024}
}

@article{ramakrishnan2024does,
  title={Does Spatial Cognition Emerge in Frontier Models?},
  author={Ramakrishnan, Santhosh Kumar and Wijmans, Erik and Kraehenbuehl, Philipp and Koltun, Vladlen},
  journal={arXiv preprint arXiv:2410.06468},
  year={2024}
}

@inproceedings{sundermeyer2021contact,
  title={Contact-graspnet: Efficient 6-dof grasp generation in cluttered scenes},
  author={Sundermeyer, Martin and Mousavian, Arsalan and Triebel, Rudolph and Fox, Dieter},
  booktitle={2021 IEEE International Conference on Robotics and Automation (ICRA)},
  pages={13438--13444},
  year={2021},
  organization={IEEE}
}

@inproceedings{tang2023task,
  title={Task-oriented grasp prediction with visual-language inputs},
  author={Tang, Chao and Huang, Dehao and Meng, Lingxiao and Liu, Weiyu and Zhang, Hong},
  booktitle={2023 IEEE/RSJ International Conference on Intelligent Robots and Systems (IROS)},
  pages={4881--4888},
  year={2023},
  organization={IEEE}
}

@article{taunyazov2023grace,
  title={GRaCE: Optimizing Grasps to Satisfy Ranked Criteria in Complex Scenario},
  author={Taunyazov, Tasbolat and Lin, Kelvin and Soh, Harold},
  journal={arXiv preprint arXiv:2309.08887},
  year={2023}
}

@article{team2024octo,
  title={Octo: An open-source generalist robot policy},
  author={Team, Octo Model and Ghosh, Dibya and Walke, Homer and Pertsch, Karl and Black, Kevin and Mees, Oier and Dasari, Sudeep and Hejna, Joey and Kreiman, Tobias and Xu, Charles and others},
  journal={arXiv preprint arXiv:2405.12213},
  year={2024}
}

@inproceedings{urain2023se,
  title={Se (3)-diffusionfields: Learning smooth cost functions for joint grasp and motion optimization through diffusion},
  author={Urain, Julen and Funk, Niklas and Peters, Jan and Chalvatzaki, Georgia},
  booktitle={2023 IEEE International Conference on Robotics and Automation (ICRA)},
  pages={5923--5930},
  year={2023},
  organization={IEEE}
}

@article{weerakoon2024behav,
  title={BehAV: Behavioral Rule Guided Autonomy Using VLMs for Robot Navigation in Outdoor Scenes},
  author={Weerakoon, Kasun and Elnoor, Mohamed and Seneviratne, Gershom and Rajagopal, Vignesh and Arul, Senthil Hariharan and Liang, Jing and Jaffar, Mohamed Khalid M and Manocha, Dinesh},
  journal={arXiv preprint arXiv:2409.16484},
  year={2024}
}

@article{wu2024helpful,
  title={Helpful DoggyBot: Open-World Object Fetching using Legged Robots and Vision-Language Models},
  author={Wu, Qi and Fu, Zipeng and Cheng, Xuxin and Wang, Xiaolong and Finn, Chelsea},
  journal={arXiv preprint arXiv:2410.00231},
  year={2024}
}

