@article{aji2017sparse,
  title={Sparse communication for distributed gradient descent},
  author={Aji, Alham Fikri and Heafield, Kenneth},
  journal={arXiv preprint arXiv:1704.05021},
  year={2017}
}

@article{alistarh2017qsgd,
  title={QSGD: Communication-efficient SGD via gradient quantization and encoding},
  author={Alistarh, Dan and Grubic, Demjan and Li, Jerry and Tomioka, Ryota and Vojnovic, Milan},
  journal={Advances in neural information processing systems},
  volume={30},
  year={2017}
}

@article{alistarh2018convergence,
  title={The convergence of sparsified gradient methods},
  author={Alistarh, Dan and Hoefler, Torsten and Johansson, Mikael and Konstantinov, Nikola and Khirirat, Sarit and Renggli, C{\'e}dric},
  journal={Advances in Neural Information Processing Systems},
  volume={31},
  year={2018}
}

@inproceedings{bernstein2018signsgd,
  title={signSGD: Compressed optimisation for non-convex problems},
  author={Bernstein, Jeremy and Wang, Yu-Xiang and Azizzadenesheli, Kamyar and Anandkumar, Animashree},
  booktitle={International Conference on Machine Learning},
  pages={560--569},
  year={2018},
  organization={PMLR}
}

@article{chen2019communication,
  title={Communication-efficient federated deep learning with layerwise asynchronous model update and temporally weighted aggregation},
  author={Chen, Yang and Sun, Xiaoyan and Jin, Yaochu},
  journal={IEEE transactions on neural networks and learning systems},
  volume={31},
  number={10},
  pages={4229--4238},
  year={2019},
  publisher={IEEE}
}

@article{chen2021communication,
  title={Communication-efficient federated learning},
  author={Chen, Mingzhe and Shlezinger, Nir and Poor, H Vincent and Eldar, Yonina C and Cui, Shuguang},
  journal={Proceedings of the National Academy of Sciences},
  volume={118},
  number={17},
  pages={e2024789118},
  year={2021},
  publisher={National Acad Sciences}
}

@article{denil2013predicting,
  title={Predicting parameters in deep learning},
  author={Denil, Misha and Shakibi, Babak and Dinh, Laurent and Ranzato, Marc'Aurelio and De Freitas, Nando},
  journal={Advances in neural information processing systems},
  volume={26},
  year={2013}
}

@article{goetz2020federated,
  title={Federated learning via synthetic data},
  author={Goetz, Jack and Tewari, Ambuj},
  journal={arXiv preprint arXiv:2008.04489},
  year={2020}
}

@article{hu2022fedsynth,
  title={FedSynth: Gradient Compression via Synthetic Data in Federated Learning},
  author={Hu, Shengyuan and Goetz, Jack and Malik, Kshitiz and Zhan, Hongyuan and Liu, Zhe and Liu, Yue},
  journal={arXiv preprint arXiv:2204.01273},
  year={2022}
}

@article{li2021communication,
  title={Communication-efficient federated learning based on compressed sensing},
  author={Li, Chengxi and Li, Gang and Varshney, Pramod K},
  journal={IEEE Internet of Things Journal},
  volume={8},
  number={20},
  pages={15531--15541},
  year={2021},
  publisher={IEEE}
}

@article{lin2017deep,
  title={Deep gradient compression: Reducing the communication bandwidth for distributed training},
  author={Lin, Yujun and Han, Song and Mao, Huizi and Wang, Yu and Dally, William J},
  journal={arXiv preprint arXiv:1712.01887},
  year={2017}
}

@article{sahu2021rethinking,
  title={Rethinking gradient sparsification as total error minimization},
  author={Sahu, Atal and Dutta, Aritra and M Abdelmoniem, Ahmed and Banerjee, Trambak and Canini, Marco and Kalnis, Panos},
  journal={Advances in Neural Information Processing Systems},
  volume={34},
  pages={8133--8146},
  year={2021}
}

@inproceedings{seide20141,
  title={1-bit stochastic gradient descent and its application to data-parallel distributed training of speech dnns},
  author={Seide, Frank and Fu, Hao and Droppo, Jasha and Li, Gang and Yu, Dong},
  booktitle={Fifteenth annual conference of the international speech communication association},
  year={2014}
}

@article{wangni2018gradient,
  title={Gradient sparsification for communication-efficient distributed optimization},
  author={Wangni, Jianqiao and Wang, Jialei and Liu, Ji and Zhang, Tong},
  journal={Advances in Neural Information Processing Systems},
  volume={31},
  year={2018}
}

@article{wu2022communication,
  title={Communication-efficient federated learning via knowledge distillation},
  author={Wu, Chuhan and Wu, Fangzhao and Lyu, Lingjuan and Huang, Yongfeng and Xie, Xing},
  journal={Nature communications},
  volume={13},
  number={1},
  pages={1--8},
  year={2022},
  publisher={Nature Publishing Group}
}

@article{zhou2021communication,
  title={Communication-efficient federated learning with compensated overlap-fedavg},
  author={Zhou, Yuhao and Ye, Qing and Lv, Jiancheng},
  journal={IEEE Transactions on Parallel and Distributed Systems},
  volume={33},
  number={1},
  pages={192--205},
  year={2021},
  publisher={IEEE}
}

