@article{albelwi2022survey,
  title={Survey on self-supervised learning: auxiliary pretext tasks and contrastive learning methods in imaging},
  author={Albelwi, Saleh},
  journal={Entropy},
  volume={24},
  number={4},
  pages={551},
  year={2022},
  publisher={MDPI}
}

@article{carlini2021poisoning,
  title={Poisoning and backdooring contrastive learning},
  author={Carlini, Nicholas and Terzis, Andreas},
  journal={arXiv preprint arXiv:2106.09667},
  year={2021}
}

@inproceedings{carlini2022membership,
  title={Membership inference attacks from first principles},
  author={Carlini, Nicholas and Chien, Steve and Nasr, Milad and Song, Shuang and Terzis, Andreas and Tramer, Florian},
  booktitle={2022 IEEE Symposium on Security and Privacy (SP)},
  pages={1897--1914},
  year={2022},
  organization={IEEE}
}

@article{caron2020unsupervised,
  title={Unsupervised learning of visual features by contrasting cluster assignments},
  author={Caron, Mathilde and Misra, Ishan and Mairal, Julien and Goyal, Priya and Bojanowski, Piotr and Joulin, Armand},
  journal={Advances in neural information processing systems},
  volume={33},
  pages={9912--9924},
  year={2020}
}

@inproceedings{caron2021emerging,
  title={Emerging properties in self-supervised vision transformers},
  author={Caron, Mathilde and Touvron, Hugo and Misra, Ishan and J{\'e}gou, Herv{\'e} and Mairal, Julien and Bojanowski, Piotr and Joulin, Armand},
  booktitle={Proceedings of the IEEE/CVF international conference on computer vision},
  pages={9650--9660},
  year={2021}
}

@inproceedings{chen2020simple,
  title={A simple framework for contrastive learning of visual representations},
  author={Chen, Ting and Kornblith, Simon and Norouzi, Mohammad and Hinton, Geoffrey},
  booktitle={International conference on machine learning},
  pages={1597--1607},
  year={2020},
  organization={PMLR}
}

@inproceedings{chen2021empirical,
  title={An empirical study of training self-supervised vision transformers},
  author={Chen, Xinlei and Xie, Saining and He, Kaiming},
  booktitle={Proceedings of the IEEE/CVF international conference on computer vision},
  pages={9640--9649},
  year={2021}
}

@inproceedings{chen2021exploring,
  title={Exploring simple siamese representation learning},
  author={Chen, Xinlei and He, Kaiming},
  booktitle={Proceedings of the IEEE/CVF conference on computer vision and pattern recognition},
  pages={15750--15758},
  year={2021}
}

@inproceedings{chen2021refit,
  title={Refit: a unified watermark removal framework for deep learning systems with limited data},
  author={Chen, Xinyun and Wang, Wenxiao and Bender, Chris and Ding, Yiming and Jia, Ruoxi and Li, Bo and Song, Dawn},
  booktitle={Proceedings of the 2021 ACM Asia Conference on Computer and Communications Security},
  pages={321--335},
  year={2021}
}

@article{choi2024tools,
  title={Tools for Verifying Neural Models' Training Data},
  author={Choi, Dami and Shavit, Yonadav and Duvenaud, David K},
  journal={Advances in Neural Information Processing Systems},
  volume={36},
  year={2024}
}

@inproceedings{choquette2021label,
  title={Label-only membership inference attacks},
  author={Choquette-Choo, Christopher A and Tramer, Florian and Carlini, Nicholas and Papernot, Nicolas},
  booktitle={International conference on machine learning},
  pages={1964--1974},
  year={2021},
  organization={PMLR}
}

@inproceedings{deng2009imagenet,
  title={Imagenet: A large-scale hierarchical image database},
  author={Deng, Jia and Dong, Wei and Socher, Richard and Li, Li-Jia and Li, Kai and Fei-Fei, Li},
  booktitle={2009 IEEE conference on computer vision and pattern recognition},
  pages={248--255},
  year={2009},
  organization={Ieee}
}

@article{dziedzic2022dataset,
  title={Dataset inference for self-supervised models},
  author={Dziedzic, Adam and Duan, Haonan and Kaleem, Muhammad Ahmad and Dhawan, Nikita and Guan, Jonas and Cattan, Yannis and Boenisch, Franziska and Papernot, Nicolas},
  journal={Advances in Neural Information Processing Systems},
  volume={35},
  pages={12058--12070},
  year={2022}
}

@inproceedings{fang2023proof,
  title={Proof-of-learning is currently more broken than you think},
  author={Fang, Congyu and Jia, Hengrui and Thudi, Anvith and Yaghini, Mohammad and Choquette-Choo, Christopher A and Dullerud, Natalie and Chandrasekaran, Varun and Papernot, Nicolas},
  booktitle={2023 IEEE 8th European Symposium on Security and Privacy (EuroS\&P)},
  pages={797--816},
  year={2023},
  organization={IEEE}
}

@inproceedings{gao2022disco,
  title={Disco: Remedying self-supervised learning on lightweight models with distilled contrastive learning},
  author={Gao, Yuting and Zhuang, Jia-Xin and Lin, Shaohui and Cheng, Hao and Sun, Xing and Li, Ke and Shen, Chunhua},
  booktitle={European Conference on Computer Vision},
  pages={237--253},
  year={2022},
  organization={Springer}
}

@article{grill2020bootstrap,
  title={Bootstrap your own latent-a new approach to self-supervised learning},
  author={Grill, Jean-Bastien and Strub, Florian and Altch{\'e}, Florent and Tallec, Corentin and Richemond, Pierre and Buchatskaya, Elena and Doersch, Carl and Avila Pires, Bernardo and Guo, Zhaohan and Gheshlaghi Azar, Mohammad and others},
  journal={Advances in neural information processing systems},
  volume={33},
  pages={21271--21284},
  year={2020}
}

@article{guo2023domain,
  title={Domain watermark: Effective and harmless dataset copyright protection is closed at hand},
  author={Guo, Junfeng and Li, Yiming and Wang, Lixu and Xia, Shu-Tao and Huang, Heng and Liu, Cong and Li, Bo},
  journal={Advances in Neural Information Processing Systems},
  volume={36},
  year={2023}
}

@inproceedings{hayase2021spectre,
  title={Spectre: Defending against backdoor attacks using robust statistics},
  author={Hayase, Jonathan and Kong, Weihao and Somani, Raghav and Oh, Sewoong},
  booktitle={International Conference on Machine Learning},
  pages={4129--4139},
  year={2021},
  organization={PMLR}
}

@inproceedings{he2020momentum,
  title={Momentum contrast for unsupervised visual representation learning},
  author={He, Kaiming and Fan, Haoqi and Wu, Yuxin and Xie, Saining and Girshick, Ross},
  booktitle={Proceedings of the IEEE/CVF conference on computer vision and pattern recognition},
  pages={9729--9738},
  year={2020}
}

@article{hu2022membership,
  title={Membership inference attacks on machine learning: A survey},
  author={Hu, Hongsheng and Salcic, Zoran and Sun, Lichao and Dobbie, Gillian and Yu, Philip S and Zhang, Xuyun},
  journal={ACM Computing Surveys (CSUR)},
  volume={54},
  number={11s},
  pages={1--37},
  year={2022},
  publisher={ACM New York, NY}
}

@inproceedings{jia2021proof,
  title={Proof-of-learning: Definitions and practice},
  author={Jia, Hengrui and Yaghini, Mohammad and Choquette-Choo, Christopher A and Dullerud, Natalie and Thudi, Anvith and Chandrasekaran, Varun and Papernot, Nicolas},
  booktitle={2021 IEEE Symposium on Security and Privacy (SP)},
  pages={1039--1056},
  year={2021},
  organization={IEEE}
}

@article{kwon2021defending,
  title={Defending deep neural networks against backdoor attack by using de-trigger autoencoder},
  author={Kwon, Hyun},
  journal={IEEE Access},
  year={2021},
  publisher={IEEE}
}

@article{li2022untargeted,
  title={Untargeted backdoor watermark: Towards harmless and stealthy dataset copyright protection},
  author={Li, Yiming and Bai, Yang and Jiang, Yong and Yang, Yong and Xia, Shu-Tao and Li, Bo},
  journal={Advances in Neural Information Processing Systems},
  volume={35},
  pages={13238--13250},
  year={2022}
}

@article{li2023black,
  title={Black-box dataset ownership verification via backdoor watermarking},
  author={Li, Yiming and Zhu, Mingyan and Yang, Xue and Jiang, Yong and Wei, Tao and Xia, Shu-Tao},
  journal={IEEE Transactions on Information Forensics and Security},
  year={2023},
  publisher={IEEE}
}

@inproceedings{li2023embarrassingly,
  title={An embarrassingly simple backdoor attack on self-supervised learning},
  author={Li, Changjiang and Pang, Ren and Xi, Zhaohan and Du, Tianyu and Ji, Shouling and Yao, Yuan and Wang, Ting},
  booktitle={Proceedings of the IEEE/CVF International Conference on Computer Vision},
  pages={4367--4378},
  year={2023}
}

@inproceedings{liu2021encodermi,
  title={EncoderMI: Membership inference against pre-trained encoders in contrastive learning},
  author={Liu, Hongbin and Jia, Jinyuan and Qu, Wenjie and Gong, Neil Zhenqiang},
  booktitle={Proceedings of the 2021 ACM SIGSAC Conference on Computer and Communications Security},
  pages={2081--2095},
  year={2021}
}

@inproceedings{liu2021wdnet,
  title={Wdnet: Watermark-decomposition network for visible watermark removal},
  author={Liu, Yang and Zhu, Zhen and Bai, Xiang},
  booktitle={Proceedings of the IEEE/CVF Winter Conference on Applications of Computer Vision},
  pages={3685--3693},
  year={2021}
}

@article{maini2021dataset,
  title={Dataset inference: Ownership resolution in machine learning},
  author={Maini, Pratyush and Yaghini, Mohammad and Papernot, Nicolas},
  journal={arXiv preprint arXiv:2104.10706},
  year={2021}
}

@inproceedings{sanyal2022towards,
  title={Towards data-free model stealing in a hard label setting},
  author={Sanyal, Sunandini and Addepalli, Sravanti and Babu, R Venkatesh},
  booktitle={Proceedings of the IEEE/CVF conference on computer vision and pattern recognition},
  pages={15284--15293},
  year={2022}
}

@inproceedings{sha2023can,
  title={Can't steal? Cont-steal! Contrastive stealing attacks against image encoders},
  author={Sha, Zeyang and He, Xinlei and Yu, Ning and Backes, Michael and Zhang, Yang},
  booktitle={Proceedings of the IEEE/CVF Conference on Computer Vision and Pattern Recognition},
  pages={16373--16383},
  year={2023}
}

@inproceedings{shen2022model,
  title={Model stealing attacks against inductive graph neural networks},
  author={Shen, Yun and He, Xinlei and Han, Yufei and Zhang, Yang},
  booktitle={2022 IEEE Symposium on Security and Privacy (SP)},
  pages={1175--1192},
  year={2022},
  organization={IEEE}
}

@inproceedings{shokri2017membership,
  title={Membership inference attacks against machine learning models},
  author={Shokri, Reza and Stronati, Marco and Song, Congzheng and Shmatikov, Vitaly},
  booktitle={2017 IEEE symposium on security and privacy (SP)},
  pages={3--18},
  year={2017},
  organization={IEEE}
}

@inproceedings{sun2023defending,
  title={Defending against backdoor attacks in natural language generation},
  author={Sun, Xiaofei and Li, Xiaoya and Meng, Yuxian and Ao, Xiang and Lyu, Lingjuan and Li, Jiwei and Zhang, Tianwei},
  booktitle={Proceedings of the AAAI Conference on Artificial Intelligence},
  volume={37},
  number={4},
  pages={5257--5265},
  year={2023}
}

@article{tang2023did,
  title={Did you train on my dataset? towards public dataset protection with cleanlabel backdoor watermarking},
  author={Tang, Ruixiang and Feng, Qizhang and Liu, Ninghao and Yang, Fan and Hu, Xia},
  journal={ACM SIGKDD Explorations Newsletter},
  volume={25},
  number={1},
  pages={43--53},
  year={2023},
  publisher={ACM New York, NY, USA}
}

@inproceedings{zhang2024data,
  title={Data Poisoning based Backdoor Attacks to Contrastive Learning},
  author={Zhang, Jinghuai and Liu, Hongbin and Jia, Jinyuan and Gong, Neil Zhenqiang},
  booktitle={Proceedings of the IEEE/CVF Conference on Computer Vision and Pattern Recognition},
  pages={24357--24366},
  year={2024}
}

@article{zhao2024proof,
  title={Proof-of-Learning with Incentive Security},
  author={Zhao, Zishuo and Fang, Zhixuan and Wang, Xuechao and Zhou, Yuan},
  journal={arXiv preprint arXiv:2404.09005},
  year={2024}
}

