@inproceedings{chen2020simple,
  title={A simple framework for contrastive learning of visual representations},
  author={Chen, Ting and Kornblith, Simon and Norouzi, Mohammad and Hinton, Geoffrey},
  booktitle={International conference on machine learning},
  pages={1597--1607},
  year={2020},
  organization={PMLR}
}

@inproceedings{chen2021exploring,
  title={Exploring simple siamese representation learning},
  author={Chen, Xinlei and He, Kaiming},
  booktitle={Proceedings of the IEEE/CVF conference on computer vision and pattern recognition},
  pages={15750--15758},
  year={2021}
}

@inproceedings{chen2021empirical,
  title={An empirical study of training self-supervised vision transformers},
  author={Chen, Xinlei and Xie, Saining and He, Kaiming},
  booktitle={Proceedings of the IEEE/CVF international conference on computer vision},
  pages={9640--9649},
  year={2021}
}

@article{caron2020unsupervised,
  title={Unsupervised learning of visual features by contrasting cluster assignments},
  author={Caron, Mathilde and Misra, Ishan and Mairal, Julien and Goyal, Priya and Bojanowski, Piotr and Joulin, Armand},
  journal={Advances in neural information processing systems},
  volume={33},
  pages={9912--9924},
  year={2020}
}

@inproceedings{xie2021detco,
  title={Detco: Unsupervised contrastive learning for object detection},
  author={Xie, Enze and Ding, Jian and Wang, Wenhai and Zhan, Xiaohang and Xu, Hang and Sun, Peize and Li, Zhenguo and Luo, Ping},
  booktitle={Proceedings of the IEEE/CVF international conference on computer vision},
  pages={8392--8401},
  year={2021}
}

@inproceedings{hu2021region,
  title={Region-aware contrastive learning for semantic segmentation},
  author={Hu, Hanzhe and Cui, Jinshi and Wang, Liwei},
  booktitle={Proceedings of the IEEE/CVF International Conference on Computer Vision},
  pages={16291--16301},
  year={2021}
}

@inproceedings{wang2022contrastmask,
  title={Contrastmask: Contrastive learning to segment every thing},
  author={Wang, Xuehui and Zhao, Kai and Zhang, Ruixin and Ding, Shouhong and Wang, Yan and Shen, Wei},
  booktitle={Proceedings of the IEEE/CVF Conference on Computer Vision and Pattern Recognition},
  pages={11604--11613},
  year={2022}
}

@article{rim2021adversarial,
  title={Adversarial training with contrastive learning in nlp},
  author={Rim, Daniela N and Heo, DongNyeong and Choi, Heeyoul},
  journal={arXiv preprint arXiv:2109.09075},
  year={2021}
}

@inproceedings{zhang2022contrastive,
  title={Contrastive data and learning for natural language processing},
  author={Zhang, Rui and Ji, Yangfeng and Zhang, Yue and Passonneau, Rebecca J},
  booktitle={Proceedings of the 2022 Conference of the North American Chapter of the Association for Computational Linguistics: Human Language Technologies: Tutorial Abstracts},
  pages={39--47},
  year={2022}
}

@inproceedings{kopuklu2021driver,
  title={Driver anomaly detection: A dataset and contrastive learning approach},
  author={Kopuklu, Okan and Zheng, Jiapeng and Xu, Hang and Rigoll, Gerhard},
  booktitle={Proceedings of the IEEE/CVF Winter Conference on Applications of Computer Vision},
  pages={91--100},
  year={2021}
}

@inproceedings{zhu2021improving,
  title={Improving contrastive learning by visualizing feature transformation},
  author={Zhu, Rui and Zhao, Bingchen and Liu, Jingen and Sun, Zhenglong and Chen, Chang Wen},
  booktitle={Proceedings of the IEEE/CVF International Conference on Computer Vision},
  pages={10306--10315},
  year={2021}
}

@article{liu2021understand,
  title={Understand and improve contrastive learning methods for visual representation: A review},
  author={Liu, Ran},
  journal={arXiv preprint arXiv:2106.03259},
  year={2021}
}

@article{rezende2020facial,
  title={Facial recognition in police hands: Assessing the ‘Clearview case’from a European perspective},
  author={Rezende, Isadora Neroni},
  journal={New Journal of European Criminal Law},
  volume={11},
  number={3},
  pages={375--389},
  year={2020},
  publisher={SAGE Publications Sage UK: London, England}
}

@article{frenkel2023not,
  title={'Not for Machines to Harvest': Data Revolts Break Out Against AI},
  author={Frenkel, Sheera and Thompson, Stuart A},
  journal={International New York Times},
  pages={NA--NA},
  year={2023},
  publisher={International Herald Tribune}
}

@article{li2023black,
  title={Black-box dataset ownership verification via backdoor watermarking},
  author={Li, Yiming and Zhu, Mingyan and Yang, Xue and Jiang, Yong and Wei, Tao and Xia, Shu-Tao},
  journal={IEEE Transactions on Information Forensics and Security},
  year={2023},
  publisher={IEEE}
}

@article{guo2023domain,
  title={Domain watermark: Effective and harmless dataset copyright protection is closed at hand},
  author={Guo, Junfeng and Li, Yiming and Wang, Lixu and Xia, Shu-Tao and Huang, Heng and Liu, Cong and Li, Bo},
  journal={Advances in Neural Information Processing Systems},
  volume={36},
  year={2023}
}

@article{li2022untargeted,
  title={Untargeted backdoor watermark: Towards harmless and stealthy dataset copyright protection},
  author={Li, Yiming and Bai, Yang and Jiang, Yong and Yang, Yong and Xia, Shu-Tao and Li, Bo},
  journal={Advances in Neural Information Processing Systems},
  volume={35},
  pages={13238--13250},
  year={2022}
}

@article{li2018decision,
  title={On the decision boundary of deep neural networks},
  author={Li, Yu and Ding, Lizhong and Gao, Xin},
  journal={arXiv preprint arXiv:1808.05385},
  year={2018}
}

@article{karimi2019characterizing,
  title={Characterizing the decision boundary of deep neural networks},
  author={Karimi, Hamid and Derr, Tyler and Tang, Jiliang},
  journal={arXiv preprint arXiv:1912.11460},
  year={2019}
}

@inproceedings{karimi2020decision,
  title={Decision boundary of deep neural networks: Challenges and opportunities},
  author={Karimi, Hamid and Tang, Jiliang},
  booktitle={Proceedings of the 13th International Conference on Web Search and Data Mining},
  pages={919--920},
  year={2020}
}

@book{hogg2013introduction,
  title={Introduction to mathematical statistics},
  author={Hogg, Robert V and McKean, Joseph W and Craig, Allen T and others},
  year={2013},
  publisher={Pearson Education India}
}

@article{howard2019smaller,
  title={A smaller subset of 10 easily classified classes from Imagenet, and a little more french},
  author={Howard, Jeremy},
  journal={URL https://github.com/fastai/imagenette},
  year={2019}
}

@article{krizhevsky2009learning,
  title={Learning multiple layers of features from tiny images},
  author={Krizhevsky, Alex and Hinton, Geoffrey and others},
  year={2009},
  publisher={Toronto, ON, Canada}
}

@inproceedings{netzer2011reading,
  title={Reading digits in natural images with unsupervised feature learning},
  author={Netzer, Yuval and Wang, Tao and Coates, Adam and Bissacco, Alessandro and Wu, Baolin and Ng, Andrew Y and others},
  booktitle={NIPS workshop on deep learning and unsupervised feature learning},
  volume={2011},
  number={5},
  pages={7},
  year={2011},
  organization={Granada, Spain}
}

@inproceedings{deng2009imagenet,
  title={Imagenet: A large-scale hierarchical image database},
  author={Deng, Jia and Dong, Wei and Socher, Richard and Li, Li-Jia and Li, Kai and Fei-Fei, Li},
  booktitle={2009 IEEE conference on computer vision and pattern recognition},
  pages={248--255},
  year={2009},
  organization={Ieee}
}

@article{vapnik1994measuring,
  title={Measuring the VC-dimension of a learning machine},
  author={Vapnik, Vladimir and Levin, Esther and Le Cun, Yann},
  journal={Neural computation},
  volume={6},
  number={5},
  pages={851--876},
  year={1994},
  publisher={MIT Press}
}

@article{vapnik1991principles,
  title={Principles of risk minimization for learning theory},
  author={Vapnik, Vladimir},
  journal={Advances in neural information processing systems},
  volume={4},
  year={1991}
}

@inproceedings{jia2021proof,
  title={Proof-of-learning: Definitions and practice},
  author={Jia, Hengrui and Yaghini, Mohammad and Choquette-Choo, Christopher A and Dullerud, Natalie and Thudi, Anvith and Chandrasekaran, Varun and Papernot, Nicolas},
  booktitle={2021 IEEE Symposium on Security and Privacy (SP)},
  pages={1039--1056},
  year={2021},
  organization={IEEE}
}

@article{choi2024tools,
  title={Tools for Verifying Neural Models' Training Data},
  author={Choi, Dami and Shavit, Yonadav and Duvenaud, David K},
  journal={Advances in Neural Information Processing Systems},
  volume={36},
  year={2024}
}

@article{anwar2024foundational,
  title={Foundational challenges in assuring alignment and safety of large language models},
  author={Anwar, Usman and Saparov, Abulhair and Rando, Javier and Paleka, Daniel and Turpin, Miles and Hase, Peter and Lubana, Ekdeep Singh and Jenner, Erik and Casper, Stephen and Sourbut, Oliver and others},
  journal={arXiv preprint arXiv:2404.09932},
  year={2024}
}

@article{jain2023contextual,
  title={Contextual Confidence and Generative AI},
  author={Jain, Shrey and Hitzig, Zo{\"e} and Mishkin, Pamela},
  journal={arXiv preprint arXiv:2311.01193},
  year={2023}
}

@article{tang2023did,
  title={Did you train on my dataset? towards public dataset protection with cleanlabel backdoor watermarking},
  author={Tang, Ruixiang and Feng, Qizhang and Liu, Ninghao and Yang, Fan and Hu, Xia},
  journal={ACM SIGKDD Explorations Newsletter},
  volume={25},
  number={1},
  pages={43--53},
  year={2023},
  publisher={ACM New York, NY, USA}
}

@article{gu2017badnets,
  title={Badnets: Identifying vulnerabilities in the machine learning model supply chain},
  author={Gu, Tianyu and Dolan-Gavitt, Brendan and Garg, Siddharth},
  journal={arXiv preprint arXiv:1708.06733},
  year={2017}
}

@inproceedings{bagdasaryan2021blind,
  title={Blind backdoors in deep learning models},
  author={Bagdasaryan, Eugene and Shmatikov, Vitaly},
  booktitle={30th USENIX Security Symposium (USENIX Security 21)},
  pages={1505--1521},
  year={2021}
}

@article{turner2019label,
  title={Label-consistent backdoor attacks},
  author={Turner, Alexander and Tsipras, Dimitris and Madry, Aleksander},
  journal={arXiv preprint arXiv:1912.02771},
  year={2019}
}

@inproceedings{jiang2023color,
  title={Color backdoor: A robust poisoning attack in color space},
  author={Jiang, Wenbo and Li, Hongwei and Xu, Guowen and Zhang, Tianwei},
  booktitle={Proceedings of the IEEE/CVF Conference on Computer Vision and Pattern Recognition},
  pages={8133--8142},
  year={2023}
}

@article{nguyen2021wanet,
  title={Wanet--imperceptible warping-based backdoor attack},
  author={Nguyen, Anh and Tran, Anh},
  journal={arXiv preprint arXiv:2102.10369},
  year={2021}
}

@article{xu2020defending,
  title={Defending against backdoor attack on deep neural networks},
  author={Xu, Kaidi and Liu, Sijia and Chen, Pin-Yu and Zhao, Pu and Lin, Xue},
  journal={arXiv preprint arXiv:2002.12162},
  year={2020}
}

@inproceedings{sun2023defending,
  title={Defending against backdoor attacks in natural language generation},
  author={Sun, Xiaofei and Li, Xiaoya and Meng, Yuxian and Ao, Xiang and Lyu, Lingjuan and Li, Jiwei and Zhang, Tianwei},
  booktitle={Proceedings of the AAAI Conference on Artificial Intelligence},
  volume={37},
  number={4},
  pages={5257--5265},
  year={2023}
}

@article{kwon2021defending,
  title={Defending deep neural networks against backdoor attack by using de-trigger autoencoder},
  author={Kwon, Hyun},
  journal={IEEE Access},
  year={2021},
  publisher={IEEE}
}

@inproceedings{hayase2021spectre,
  title={Spectre: Defending against backdoor attacks using robust statistics},
  author={Hayase, Jonathan and Kong, Weihao and Somani, Raghav and Oh, Sewoong},
  booktitle={International Conference on Machine Learning},
  pages={4129--4139},
  year={2021},
  organization={PMLR}
}

@inproceedings{liu2018fine,
  title={Fine-pruning: Defending against backdooring attacks on deep neural networks},
  author={Liu, Kang and Dolan-Gavitt, Brendan and Garg, Siddharth},
  booktitle={International symposium on research in attacks, intrusions, and defenses},
  pages={273--294},
  year={2018},
  organization={Springer}
}

@article{maini2021dataset,
  title={Dataset inference: Ownership resolution in machine learning},
  author={Maini, Pratyush and Yaghini, Mohammad and Papernot, Nicolas},
  journal={arXiv preprint arXiv:2104.10706},
  year={2021}
}

@article{dziedzic2022dataset,
  title={Dataset inference for self-supervised models},
  author={Dziedzic, Adam and Duan, Haonan and Kaleem, Muhammad Ahmad and Dhawan, Nikita and Guan, Jonas and Cattan, Yannis and Boenisch, Franziska and Papernot, Nicolas},
  journal={Advances in Neural Information Processing Systems},
  volume={35},
  pages={12058--12070},
  year={2022}
}

@inproceedings{sha2023can,
  title={Can't steal? Cont-steal! Contrastive stealing attacks against image encoders},
  author={Sha, Zeyang and He, Xinlei and Yu, Ning and Backes, Michael and Zhang, Yang},
  booktitle={Proceedings of the IEEE/CVF Conference on Computer Vision and Pattern Recognition},
  pages={16373--16383},
  year={2023}
}

@inproceedings{sanyal2022towards,
  title={Towards data-free model stealing in a hard label setting},
  author={Sanyal, Sunandini and Addepalli, Sravanti and Babu, R Venkatesh},
  booktitle={Proceedings of the IEEE/CVF conference on computer vision and pattern recognition},
  pages={15284--15293},
  year={2022}
}

@inproceedings{shen2022model,
  title={Model stealing attacks against inductive graph neural networks},
  author={Shen, Yun and He, Xinlei and Han, Yufei and Zhang, Yang},
  booktitle={2022 IEEE Symposium on Security and Privacy (SP)},
  pages={1175--1192},
  year={2022},
  organization={IEEE}
}

@article{yuan2022attack,
  title={Es attack: Model stealing against deep neural networks without data hurdles},
  author={Yuan, Xiaoyong and Ding, Leah and Zhang, Lan and Li, Xiaolin and Wu, Dapeng Oliver},
  journal={IEEE Transactions on Emerging Topics in Computational Intelligence},
  volume={6},
  number={5},
  pages={1258--1270},
  year={2022},
  publisher={IEEE}
}

@inproceedings{chen2021refit,
  title={Refit: a unified watermark removal framework for deep learning systems with limited data},
  author={Chen, Xinyun and Wang, Wenxiao and Bender, Chris and Ding, Yiming and Jia, Ruoxi and Li, Bo and Song, Dawn},
  booktitle={Proceedings of the 2021 ACM Asia Conference on Computer and Communications Security},
  pages={321--335},
  year={2021}
}

@inproceedings{liu2021wdnet,
  title={Wdnet: Watermark-decomposition network for visible watermark removal},
  author={Liu, Yang and Zhu, Zhen and Bai, Xiang},
  booktitle={Proceedings of the IEEE/CVF Winter Conference on Applications of Computer Vision},
  pages={3685--3693},
  year={2021}
}

@inproceedings{sablayrolles2020radioactive,
  title={Radioactive data: tracing through training},
  author={Sablayrolles, Alexandre and Douze, Matthijs and Schmid, Cordelia and J{\'e}gou, Herv{\'e}},
  booktitle={International Conference on Machine Learning},
  pages={8326--8335},
  year={2020},
  organization={PMLR}
}

@inproceedings{liu2021encodermi,
  title={EncoderMI: Membership inference against pre-trained encoders in contrastive learning},
  author={Liu, Hongbin and Jia, Jinyuan and Qu, Wenjie and Gong, Neil Zhenqiang},
  booktitle={Proceedings of the 2021 ACM SIGSAC Conference on Computer and Communications Security},
  pages={2081--2095},
  year={2021}
}

@inproceedings{shokri2017membership,
  title={Membership inference attacks against machine learning models},
  author={Shokri, Reza and Stronati, Marco and Song, Congzheng and Shmatikov, Vitaly},
  booktitle={2017 IEEE symposium on security and privacy (SP)},
  pages={3--18},
  year={2017},
  organization={IEEE}
}

@inproceedings{choquette2021label,
  title={Label-only membership inference attacks},
  author={Choquette-Choo, Christopher A and Tramer, Florian and Carlini, Nicholas and Papernot, Nicolas},
  booktitle={International conference on machine learning},
  pages={1964--1974},
  year={2021},
  organization={PMLR}
}

@inproceedings{carlini2022membership,
  title={Membership inference attacks from first principles},
  author={Carlini, Nicholas and Chien, Steve and Nasr, Milad and Song, Shuang and Terzis, Andreas and Tramer, Florian},
  booktitle={2022 IEEE Symposium on Security and Privacy (SP)},
  pages={1897--1914},
  year={2022},
  organization={IEEE}
}

@inproceedings{he2022masked,
  title={Masked autoencoders are scalable vision learners},
  author={He, Kaiming and Chen, Xinlei and Xie, Saining and Li, Yanghao and Doll{\'a}r, Piotr and Girshick, Ross},
  booktitle={Proceedings of the IEEE/CVF conference on computer vision and pattern recognition},
  pages={16000--16009},
  year={2022}
}

@inproceedings{he2020momentum,
  title={Momentum contrast for unsupervised visual representation learning},
  author={He, Kaiming and Fan, Haoqi and Wu, Yuxin and Xie, Saining and Girshick, Ross},
  booktitle={Proceedings of the IEEE/CVF conference on computer vision and pattern recognition},
  pages={9729--9738},
  year={2020}
}

@article{grill2020bootstrap,
  title={Bootstrap your own latent-a new approach to self-supervised learning},
  author={Grill, Jean-Bastien and Strub, Florian and Altch{\'e}, Florent and Tallec, Corentin and Richemond, Pierre and Buchatskaya, Elena and Doersch, Carl and Avila Pires, Bernardo and Guo, Zhaohan and Gheshlaghi Azar, Mohammad and others},
  journal={Advances in neural information processing systems},
  volume={33},
  pages={21271--21284},
  year={2020}
}

@article{dosovitskiy2020image,
  title={An image is worth 16x16 words: Transformers for image recognition at scale},
  author={Dosovitskiy, Alexey and Beyer, Lucas and Kolesnikov, Alexander and Weissenborn, Dirk and Zhai, Xiaohua and Unterthiner, Thomas and Dehghani, Mostafa and Minderer, Matthias and Heigold, Georg and Gelly, Sylvain and others},
  journal={arXiv preprint arXiv:2010.11929},
  year={2020}
}

@inproceedings{caron2021emerging,
  title={Emerging properties in self-supervised vision transformers},
  author={Caron, Mathilde and Touvron, Hugo and Misra, Ishan and J{\'e}gou, Herv{\'e} and Mairal, Julien and Bojanowski, Piotr and Joulin, Armand},
  booktitle={Proceedings of the IEEE/CVF international conference on computer vision},
  pages={9650--9660},
  year={2021}
}

@article{simonyan2014very,
  title={Very deep convolutional networks for large-scale image recognition},
  author={Simonyan, Karen and Zisserman, Andrew},
  journal={arXiv preprint arXiv:1409.1556},
  year={2014}
}

@inproceedings{he2016deep,
  title={Deep residual learning for image recognition},
  author={He, Kaiming and Zhang, Xiangyu and Ren, Shaoqing and Sun, Jian},
  booktitle={Proceedings of the IEEE conference on computer vision and pattern recognition},
  pages={770--778},
  year={2016}
}

@article{albelwi2022survey,
  title={Survey on self-supervised learning: auxiliary pretext tasks and contrastive learning methods in imaging},
  author={Albelwi, Saleh},
  journal={Entropy},
  volume={24},
  number={4},
  pages={551},
  year={2022},
  publisher={MDPI}
}

@inproceedings{gao2022disco,
  title={Disco: Remedying self-supervised learning on lightweight models with distilled contrastive learning},
  author={Gao, Yuting and Zhuang, Jia-Xin and Lin, Shaohui and Cheng, Hao and Sun, Xing and Li, Ke and Shen, Chunhua},
  booktitle={European Conference on Computer Vision},
  pages={237--253},
  year={2022},
  organization={Springer}
}

@inproceedings{shen2020powernorm,
  title={Powernorm: Rethinking batch normalization in transformers},
  author={Shen, Sheng and Yao, Zhewei and Gholami, Amir and Mahoney, Michael and Keutzer, Kurt},
  booktitle={International conference on machine learning},
  pages={8741--8751},
  year={2020},
  organization={PMLR}
}

@inproceedings{hoyer2022daformer,
  title={Daformer: Improving network architectures and training strategies for domain-adaptive semantic segmentation},
  author={Hoyer, Lukas and Dai, Dengxin and Van Gool, Luc},
  booktitle={Proceedings of the IEEE/CVF Conference on Computer Vision and Pattern Recognition},
  pages={9924--9935},
  year={2022}
}

@article{lubana2021beyond,
  title={Beyond batchnorm: Towards a unified understanding of normalization in deep learning},
  author={Lubana, Ekdeep S and Dick, Robert and Tanaka, Hidenori},
  journal={Advances in Neural Information Processing Systems},
  volume={34},
  pages={4778--4791},
  year={2021}
}

@article{zhang2024lookaround,
  title={Lookaround Optimizer: $ k $ steps around, 1 step average},
  author={Zhang, Jiangtao and Liu, Shunyu and Song, Jie and Zhu, Tongtian and Xu, Zhengqi and Song, Mingli},
  journal={Advances in Neural Information Processing Systems},
  volume={36},
  year={2023}
}

@inproceedings{li2023embarrassingly,
  title={An embarrassingly simple backdoor attack on self-supervised learning},
  author={Li, Changjiang and Pang, Ren and Xi, Zhaohan and Du, Tianyu and Ji, Shouling and Yao, Yuan and Wang, Ting},
  booktitle={Proceedings of the IEEE/CVF International Conference on Computer Vision},
  pages={4367--4378},
  year={2023}
}

@inproceedings{xie2022simmim,
  title={Simmim: A simple framework for masked image modeling},
  author={Xie, Zhenda and Zhang, Zheng and Cao, Yue and Lin, Yutong and Bao, Jianmin and Yao, Zhuliang and Dai, Qi and Hu, Han},
  booktitle={Proceedings of the IEEE/CVF conference on computer vision and pattern recognition},
  pages={9653--9663},
  year={2022}
}

@inproceedings{girdhar2023omnimae,
  title={Omnimae: Single model masked pretraining on images and videos},
  author={Girdhar, Rohit and El-Nouby, Alaaeldin and Singh, Mannat and Alwala, Kalyan Vasudev and Joulin, Armand and Misra, Ishan},
  booktitle={Proceedings of the IEEE/CVF conference on computer vision and pattern recognition},
  pages={10406--10417},
  year={2023}
}

@article{liu2023pixmim,
  title={Pixmim: Rethinking pixel reconstruction in masked image modeling},
  author={Liu, Yuan and Zhang, Songyang and Chen, Jiacheng and Chen, Kai and Lin, Dahua},
  journal={arXiv preprint arXiv:2303.02416},
  year={2023}
}

@article{peng2208beit,
  title={Beit v2: Masked image modeling with vector-quantized visual tokenizers. arXiv 2022},
  author={Peng, Z and Dong, L and Bao, H and Ye, Q and Wei, F},
  journal={arXiv preprint arXiv:2208.06366},
  year={2022}
}

@inproceedings{boneh2001identity,
  title={Identity-based encryption from the Weil pairing},
  author={Boneh, Dan and Franklin, Matt},
  booktitle={Annual international cryptology conference},
  pages={213--229},
  year={2001},
  organization={Springer}
}

@article{khamitkarsurvey,
  title={A survey on Fully Homomorphic Encryption},
  author={Khamitkar, Siddhi},
  journal={IOSR Journal of Computer Engineering (IOSR-JCE) e-ISSN},
  pages={2278--0661}
}

@inproceedings{dwork2006differential,
  title={Differential privacy},
  author={Dwork, Cynthia},
  booktitle={International colloquium on automata, languages, and programming},
  pages={1--12},
  year={2006},
  organization={Springer}
}

@inproceedings{abadi2016deep,
  title={Deep learning with differential privacy},
  author={Abadi, Martin and Chu, Andy and Goodfellow, Ian and McMahan, H Brendan and Mironov, Ilya and Talwar, Kunal and Zhang, Li},
  booktitle={Proceedings of the 2016 ACM SIGSAC conference on computer and communications security},
  pages={308--318},
  year={2016}
}

@article{cox2002digital,
  title={Digital watermarking},
  author={Cox, Ingemar and Miller, Matthew and Bloom, Jeffrey and Honsinger, Chris},
  journal={Journal of Electronic Imaging},
  volume={11},
  number={3},
  pages={414--414},
  year={2002},
  publisher={Society of Photo-Optical Instrumentation Engineers}
}

@article{podilchuk2001digital,
  title={Digital watermarking: algorithms and applications},
  author={Podilchuk, Christine I and Delp, Edward J},
  journal={IEEE signal processing Magazine},
  volume={18},
  number={4},
  pages={33--46},
  year={2001},
  publisher={IEEE}
}

@article{kadian2021robust,
  title={Robust digital watermarking techniques for copyright protection of digital data: A survey},
  author={Kadian, Poonam and Arora, Shiafali M and Arora, Nidhi},
  journal={Wireless Personal Communications},
  volume={118},
  pages={3225--3249},
  year={2021},
  publisher={Springer}
}

@inproceedings{zhou2022mimco,
  title={Mimco: Masked image modeling pre-training with contrastive teacher},
  author={Zhou, Qiang and Yu, Chaohui and Luo, Hao and Wang, Zhibin and Li, Hao},
  booktitle={Proceedings of the 30th ACM International Conference on Multimedia},
  pages={4487--4495},
  year={2022}
}

@article{papernot2018scalable,
  title={Scalable private learning with pate},
  author={Papernot, Nicolas and Song, Shuang and Mironov, Ilya and Raghunathan, Ananth and Talwar, Kunal and Erlingsson, {\'U}lfar},
  journal={arXiv preprint arXiv:1802.08908},
  year={2018}
}

@inproceedings{liu2022stolenencoder,
  title={Stolenencoder: stealing pre-trained encoders in self-supervised learning},
  author={Liu, Yupei and Jia, Jinyuan and Liu, Hongbin and Gong, Neil Zhenqiang},
  booktitle={Proceedings of the 2022 ACM SIGSAC Conference on Computer and Communications Security},
  pages={2115--2128},
  year={2022}
}

@article{qu2023reaas,
  title={REaaS: Enabling Adversarially Robust Downstream Classifiers via Robust Encoder as a Service},
  author={Qu, Wenjie and Jia, Jinyuan and Gong, Neil Zhenqiang},
  journal={arXiv preprint arXiv:2301.02905},
  year={2023}
}

@inproceedings{dziedzic2022difficulty,
  title={On the difficulty of defending self-supervised learning against model extraction},
  author={Dziedzic, Adam and Dhawan, Nikita and Kaleem, Muhammad Ahmad and Guan, Jonas and Papernot, Nicolas},
  booktitle={International Conference on Machine Learning},
  pages={5757--5776},
  year={2022},
  organization={PMLR}
}

@inproceedings{fang2023proof,
  title={Proof-of-learning is currently more broken than you think},
  author={Fang, Congyu and Jia, Hengrui and Thudi, Anvith and Yaghini, Mohammad and Choquette-Choo, Christopher A and Dullerud, Natalie and Chandrasekaran, Varun and Papernot, Nicolas},
  booktitle={2023 IEEE 8th European Symposium on Security and Privacy (EuroS\&P)},
  pages={797--816},
  year={2023},
  organization={IEEE}
}

@article{zhao2024proof,
  title={Proof-of-Learning with Incentive Security},
  author={Zhao, Zishuo and Fang, Zhixuan and Wang, Xuechao and Zhou, Yuan},
  journal={arXiv preprint arXiv:2404.09005},
  year={2024}
}

@article{hu2022membership,
  title={Membership inference attacks on machine learning: A survey},
  author={Hu, Hongsheng and Salcic, Zoran and Sun, Lichao and Dobbie, Gillian and Yu, Philip S and Zhang, Xuyun},
  journal={ACM Computing Surveys (CSUR)},
  volume={54},
  number={11s},
  pages={1--37},
  year={2022},
  publisher={ACM New York, NY}
}

@inproceedings{zhang2024data,
  title={Data Poisoning based Backdoor Attacks to Contrastive Learning},
  author={Zhang, Jinghuai and Liu, Hongbin and Jia, Jinyuan and Gong, Neil Zhenqiang},
  booktitle={Proceedings of the IEEE/CVF Conference on Computer Vision and Pattern Recognition},
  pages={24357--24366},
  year={2024}
}

@article{carlini2021poisoning,
  title={Poisoning and backdooring contrastive learning},
  author={Carlini, Nicholas and Terzis, Andreas},
  journal={arXiv preprint arXiv:2106.09667},
  year={2021}
}