@inproceedings{agostini2024bayesian,
  title={{A Bayesian Spatial Model to Correct Under-Reporting in Urban Crowdsourcing}},
  author={Agostini, Gabriel and Pierson, Emma and Garg, Nikhil},
  booktitle={Proceedings of the AAAI Conference on Artificial Intelligence},
  volume={38},
  number={20},
  pages={21888--21896},
  year={2024}
}

@inproceedings{almada2019human,
  title={Human intervention in automated decision-making: Toward the construction of contestable systems},
  author={Almada, Marco},
  booktitle={Proceedings of the Seventeenth International Conference on artificial intelligence and law},
  pages={2--11},
  year={2019}
}

@article{cenai,
  title={AI Auditing and the Access Question: Exploring Black-box Auditing and its Connection to Hypothesis Testing},
  author={Cen, Sarah H and Alur, Rohan},
year={2024}
}

@article{cherian2023statistical,
  title={Statistical inference for fairness auditing},
  author={Cherian, John J and Cand{\`e}s, Emmanuel J},
  journal={arXiv preprint arXiv:2305.03712},
  year={2023}
}

@article{chugg2024auditing,
  title={Auditing Fairness by Betting},
  author={Chugg, Ben and Cortes-Gomez, Santiago and Wilder, Bryan and Ramdas, Aaditya},
  journal={Advances in Neural Information Processing Systems},
  volume={36},
  year={2024}
}

@inproceedings{feng2024monitoring,
  title={Monitoring machine learning-based risk prediction algorithms in the presence of performativity},
  author={Feng, Jean and Gossmann, Alexej and Pennello, Gene A and Petrick, Nicholas and Sahiner, Berkman and Pirracchio, Romain},
  booktitle={International Conference on Artificial Intelligence and Statistics},
  pages={919--927},
  year={2024},
  organization={PMLR}
}

@inproceedings{globus2022algorithmic,
  title={An algorithmic framework for bias bounties},
  author={Globus-Harris, Ira and Kearns, Michael and Roth, Aaron},
  booktitle={Proceedings of the 2022 ACM Conference on Fairness, Accountability, and Transparency},
  pages={1106--1124},
  year={2022}
}

@article{karimi2022survey,
  title={A survey of algorithmic recourse: contrastive explanations and consequential recommendations},
  author={Karimi, Amir-Hossein and Barthe, Gilles and Sch{\"o}lkopf, Bernhard and Valera, Isabel},
  journal={ACM Computing Surveys},
  volume={55},
  number={5},
  pages={1--29},
  year={2022},
  publisher={ACM New York, NY}
}

@article{landau2024challenging,
  title={{Challenging the Machine: Contestability in Government AI Systems}},
  author={Landau, Susan and Dempsey, James X and Kamar, Ece and Bellovin, Steven M and Pool, Robert},
  journal={arXiv preprint arXiv:2406.10430},
  year={2024}
}

@inproceedings{liu2022equity,
  title={Equity in resident crowdsourcing: Measuring under-reporting without ground truth data},
  author={Liu, Zhi and Garg, Nikhil},
  booktitle={Proceedings of the 23rd ACM Conference on Economics and Computation},
  pages={1016--1017},
  year={2022}
}

@article{liu2024quantifying,
  title={Quantifying spatial under-reporting disparities in resident crowdsourcing},
  author={Liu, Zhi and Bhandaram, Uma and Garg, Nikhil},
  journal={Nature Computational Science},
  volume={4},
  number={1},
  pages={57--65},
  year={2024},
  publisher={Nature Publishing Group US New York}
}

@article{shanmugam2024quantifying,
  title={Quantifying disparities in intimate partner violence: a machine learning method to correct for underreporting},
  author={Shanmugam, Divya and Hou, Kaihua and Pierson, Emma},
  journal={npj Women's Health},
  volume={2},
  number={1},
  pages={15},
  year={2024},
  publisher={Nature Publishing Group UK London}
}

@article{sharifi2019average,
  title={Average individual fairness: Algorithms, generalization and experiments},
  author={Sharifi-Malvajerdi, Saeed and Kearns, Michael and Roth, Aaron},
  journal={Advances in Neural information Processing Systems},
  volume={32},
  year={2019}
}

@inproceedings{ustun2019actionable,
  title={Actionable recourse in linear classification},
  author={Ustun, Berk and Spangher, Alexander and Liu, Yang},
  booktitle={Proceedings of the conference on Fairness, Accountability, and Transparency},
  pages={10--19},
  year={2019}
}

@inproceedings{vaccaro2019contestability,
  title={Contestability in algorithmic systems},
  author={Vaccaro, Kristen and Karahalios, Karrie and Mulligan, Deirdre K and Kluttz, Daniel and Hirsch, Tad},
  booktitle={Companion Publication of the 2019 Conference on Computer Supported Cooperative Work and Social Computing},
  pages={523--527},
  year={2019}
}

@inproceedings{wu2022fairness,
  title={Fairness-aware model-agnostic positive and unlabeled learning},
  author={Wu, Ziwei and He, Jingrui},
  booktitle={Proceedings of the 2022 ACM Conference on Fairness, Accountability, and Transparency},
  pages={1698--1708},
  year={2022}
}

