@article{spinks2019contemporary,
  title={Contemporary housing discrimination: Facebook, targeted advertising, and the Fair Housing Act},
  author={Spinks, Chandler Nicholle},
  journal={Hous. L. Rev.},
  volume={57},
  pages={925},
  year={2019},
  publisher={HeinOnline}
}

@legal{paris,
entrysubtype = {piltreaty},
title = {Paris Agreement},
shorthand = {Paris Agreement},
execution = {adopted=2015-12-12 and inforce=2016-11-04},
pagination = {article},
journaltitle = {United Nations Treaty Collection, Chapter XXVII 7. d},
url = {https://treaties.un.org/pages/ViewDetails.aspx?src=TREATY&mtdsg_no=XXVII-7-d&chapter=27&clang=_en},
urldate = {2019-03-28}
}
@misc{ai_code_of_practice,
    title = {First Draft General-Purpose AI Code of Practice},
    author={European Commission},
    year={2024},
    url={https://digital-strategy.ec.europa.eu/en/library/first-draft-general-purpose-ai-code-practice-published-written-independent-experts}
}

@legal{eu_ai_act_art73,
    title = {AI Act, Article 73},
    author={European Commission},
    execution = {adopted=2024-06-13 and inforce=2026-08-02},
    pagination = {article},
    url={https://artificialintelligenceact.eu/article/73/}
}

@misc{un_report_ai_interim,
    title = {Governing AI for Humanity - Interim Report},
    author={United Nations Secretary-Generalâ€™s High-level Advisory Body on Artificial Intelligence},
    year={2023},
    url={https://www.un.org/sites/un2.un.org/files/un_ai_advisory_body_governing_ai_for_humanity_interim_report.pdf}
}

@legal{un-ai-res,
    title = {Seizing the opportunities of safe, secure and trustworthy artificial intelligence systems for sustainable development},
    shorthand = {AI Resolution},
    execution = {adopted=2024-03-11}, 
    journaltitle = {United Nations, Seventy-eighth session, Agenda item 13},
    author = {UN General Assembly},
year = {2024}, 
    url ={https://documents.un.org/doc/undoc/ltd/n24/065/92/pdf/n2406592.pdf}
}


@misc{OECD_AIM,
      title={OECD AI Incidents Monitor (AIM)}, 
      author={OECD},
      year={2018},
      url = {https://oecd.ai/en/incidents-methodology}
}


@misc{OECD_incidents_report,
      title={Defining AI incidents and related terms}, 
      author={OECD},
      publisher = {OECD Artificial Intelligence Papers},
      year={2024},
      url = {https://www.oecd.org/en/publications/defining-ai-incidents-and-related-terms_d1a8d965-en.html}
}

@misc{youtube_regrets,
      title={YouTube Regrets: A crowdsourced investigation into YouTube's recommendation algorithm}, 
      author={Mozilla},
      year={2021},
      url = {https://foundation.mozilla.org/en/youtube/findings/}
}


@article{biden2023executive,
  title={Executive order on the safe, secure, and trustworthy development and use of artificial intelligence},
  author={Biden, Joseph R},
  year={2023}
}

@article{ojewale2024towards,
  title={Towards AI Accountability Infrastructure: Gaps and Opportunities in AI Audit Tooling},
  author={Ojewale, Victor and Steed, Ryan and Vecchione, Briana and Birhane, Abeba and Raji, Inioluwa Deborah},
  journal={arXiv preprint arXiv:2402.17861},
  year={2024}
}

@article{martin2020participatory,
  title={Participatory problem formulation for fairer machine learning through community based system dynamics},
  author={Martin Jr, Donald and Prabhakaran, Vinodkumar and Kuhlberg, Jill and Smart, Andrew and Isaac, William S},
  journal={arXiv preprint arXiv:2005.07572},
  year={2020}
}

@article{cenai,
  title={AI Auditing and the Access Question: Exploring Black-box Auditing and its Connection to Hypothesis Testing},
  author={Cen, Sarah H and Alur, Rohan},
year={2024}
}


@inproceedings{mcgregor2021preventing,
  title={{Preventing repeated real world AI failures by cataloging incidents: The AI incident database}},
  author={McGregor, Sean},
  booktitle={Proceedings of the AAAI Conference on Artificial Intelligence},
  volume={35},
  number={17},
  pages={15458--15463},
  year={2021}
}

@article{oster2022myocarditis,
  title={Myocarditis cases reported after mRNA-based COVID-19 vaccination in the US from December 2020 to August 2021},
  author={Oster, Matthew E and Shay, David K and Su, John R and Gee, Julianne and Creech, C Buddy and Broder, Karen R and Edwards, Kathryn and Soslow, Jonathan H and Dendy, Jeffrey M and Schlaudecker, Elizabeth and others},
  journal={Jama},
  volume={327},
  number={4},
  pages={331--340},
  year={2022},
  publisher={American Medical Association}
}

@inproceedings{raji2022outsider,
  title={Outsider oversight: Designing a third party audit ecosystem for ai governance},
  author={Raji, Inioluwa Deborah and Xu, Peggy and Honigsberg, Colleen and Ho, Daniel},
  booktitle={Proceedings of the 2022 AAAI/ACM Conference on AI, Ethics, and Society},
  pages={557--571},
  year={2022}
}

@inproceedings{feffer2023ai,
  title={{The AI Incident Database as an Educational Tool to Raise Awareness of AI Harms: A Classroom Exploration of Efficacy, Limitations, \& Future Improvements}},
  author={Feffer, Michael and Martelaro, Nikolas and Heidari, Hoda},
  booktitle={Proceedings of the 3rd ACM Conference on Equity and Access in Algorithms, Mechanisms, and Optimization},
  pages={1--11},
  year={2023}
}

@inproceedings{turri2023we,
  title={Why We Need to Know More: Exploring the State of AI Incident Documentation Practices},
  author={Turri, Violet and Dzombak, Rachel},
  booktitle={Proceedings of the 2023 AAAI/ACM Conference on AI, Ethics, and Society},
  pages={576--583},
  year={2023}
}


@inproceedings{ustun2019actionable,
  title={Actionable recourse in linear classification},
  author={Ustun, Berk and Spangher, Alexander and Liu, Yang},
  booktitle={Proceedings of the conference on Fairness, Accountability, and Transparency},
  pages={10--19},
  year={2019}
}

@article{sharifi2019average,
  title={Average individual fairness: Algorithms, generalization and experiments},
  author={Sharifi-Malvajerdi, Saeed and Kearns, Michael and Roth, Aaron},
  journal={Advances in Neural information Processing Systems},
  volume={32},
  year={2019}
}

@article{ross2023denied,
  title={Denied by AI: how Medicare Advantage plans use algorithms to cut off care for seniors in need},
  author={Ross, Casey and Herman, Bob},
  journal={STAT},
  volume={13},
  year={2023}
}

@inproceedings{delgado2023participatory,
  title={The participatory turn in ai design: Theoretical foundations and the current state of practice},
  author={Delgado, Fernando and Yang, Stephen and Madaio, Michael and Yang, Qian},
  booktitle={Proceedings of the 3rd ACM Conference on Equity and Access in Algorithms, Mechanisms, and Optimization},
  pages={1--23},
  year={2023}
}

@inproceedings{cutkosky2018black,
  title={Black-box reductions for parameter-free online learning in banach spaces},
  author={Cutkosky, Ashok and Orabona, Francesco},
  booktitle={Conference On Learning Theory},
  pages={1493--1529},
  year={2018},
  organization={PMLR}
}

@article{birhane2022power,
  title={Power to the people? opportunities and challenges for participatory AI},
  author={Birhane, Abeba and Isaac, William and Prabhakaran, Vinodkumar and Diaz, Mark and Elish, Madeleine Clare and Gabriel, Iason and Mohamed, Shakir},
  journal={Equity and Access in Algorithms, Mechanisms, and Optimization},
  pages={1--8},
  year={2022}
}

@article{hazan2007logarithmic,
  title={Logarithmic regret algorithms for online convex optimization},
  author={Hazan, Elad and Agarwal, Amit and Kale, Satyen},
  journal={Machine Learning},
  volume={69},
  number={2},
  pages={169--192},
  year={2007},
  publisher={Springer}
}

@inproceedings{feffer2023preference,
  title={From preference elicitation to participatory ml: A critical survey \& guidelines for future research},
  author={Feffer, Michael and Skirpan, Michael and Lipton, Zachary and Heidari, Hoda},
  booktitle={Proceedings of the 2023 AAAI/ACM Conference on AI, Ethics, and Society},
  pages={38--48},
  year={2023}
}

@inproceedings{hebert2018multicalibration,
  title={Multicalibration: Calibration for the (computationally-identifiable) masses},
  author={H{\'e}bert-Johnson, Ursula and Kim, Michael and Reingold, Omer and Rothblum, Guy},
  booktitle={International Conference on Machine Learning},
  pages={1939--1948},
  year={2018},
  organization={PMLR}
}

@inproceedings{von2022fairness,
  title={On the fairness of causal algorithmic recourse},
  author={von K{\"u}gelgen, Julius and Karimi, Amir-Hossein and Bhatt, Umang and Valera, Isabel and Weller, Adrian and Sch{\"o}lkopf, Bernhard},
  booktitle={Proceedings of the AAAI Conference on Artificial Intelligence},
  volume={36},
  number={9},
  pages={9584--9594},
  year={2022}
}

@article{cover1991universal,
  title={Universal portfolios},
  author={Cover, Thomas M},
  journal={Mathematical finance},
  volume={1},
  number={1},
  pages={1--29},
  year={1991},
  publisher={Wiley Online Library}
}

@inproceedings{zinkevich2003online,
  title={Online convex programming and generalized infinitesimal gradient ascent},
  author={Zinkevich, Martin},
  booktitle={Proceedings of the 20th International Conference on Machine Learning},
  pages={928--936},
  year={2003}
}

@article{shimabukuro2015safety,
  title={Safety monitoring in the vaccine adverse event reporting system (VAERS)},
  author={Shimabukuro, Tom T and Nguyen, Michael and Martin, David and DeStefano, Frank},
  journal={Vaccine},
  volume={33},
  number={36},
  pages={4398--4405},
  year={2015},
  publisher={Elsevier}
}

@case{barry2016,
  title = {Barry v. Lyon, US Court of Appeals, First Circuit},
  number = {No. 15-1390},
  court = {United States Court of Appeals, First Circuit},
  year = {2016},
  url = {https://law.justia.com/cases/federal/appellate-courts/ca1/15-1390/15-1390-2016-05-24.html},
}



@inproceedings{oakden2020hidden,
  title={Hidden stratification causes clinically meaningful failures in machine learning for medical imaging},
  author={Oakden-Rayner, Luke and Dunnmon, Jared and Carneiro, Gustavo and R{\'e}, Christopher},
  booktitle={Proceedings of the ACM conference on health, inference, and learning},
  pages={151--159},
  year={2020}
}

@inproceedings{coston2021characterizing,
  title={Characterizing fairness over the set of good models under selective labels},
  author={Coston, Amanda and Rambachan, Ashesh and Chouldechova, Alexandra},
  booktitle={International Conference on Machine Learning},
  pages={2144--2155},
  year={2021},
  organization={PMLR}
}

@inproceedings{lakkaraju2017selective,
  title={The selective labels problem: Evaluating algorithmic predictions in the presence of unobservables},
  author={Lakkaraju, Himabindu and Kleinberg, Jon and Leskovec, Jure and Ludwig, Jens and Mullainathan, Sendhil},
  booktitle={Proceedings of the 23rd ACM SIGKDD International Conference on Knowledge Discovery and Data Mining},
  pages={275--284},
  year={2017}
}

@article{chugg2024auditing,
  title={Auditing Fairness by Betting},
  author={Chugg, Ben and Cortes-Gomez, Santiago and Wilder, Bryan and Ramdas, Aaditya},
  journal={Advances in Neural Information Processing Systems},
  volume={36},
  year={2024}
}


@inproceedings{fleisher2021s,
  title={What's fair about individual fairness?},
  author={Fleisher, Will},
  booktitle={Proceedings of the 2021 AAAI/ACM Conference on AI, Ethics, and Society},
  pages={480--490},
  year={2021}
}


@inproceedings{binns2020apparent,
  title={On the apparent conflict between individual and group fairness},
  author={Binns, Reuben},
  booktitle={Proceedings of the 2020 conference on fairness, accountability, and transparency},
  pages={514--524},
  year={2020}
}

@article{sohoni2020no,
  title={No subclass left behind: Fine-grained robustness in coarse-grained classification problems},
  author={Sohoni, Nimit and Dunnmon, Jared and Angus, Geoffrey and Gu, Albert and R{\'e}, Christopher},
  journal={Advances in Neural Information Processing Systems},
  volume={33},
  pages={19339--19352},
  year={2020}
}

@article{movva2023coarse,
  title={Coarse race data conceals disparities in clinical risk score performance},
  author={Movva, Rajiv and Shanmugam, Divya and Hou, Kaihua and Pathak, Priya and Guttag, John and Garg, Nikhil and Pierson, Emma},
  journal={arXiv preprint arXiv:2304.09270},
  year={2023}
}

@inproceedings{hanna2020towards,
  title={Towards a critical race methodology in algorithmic fairness},
  author={Hanna, Alex and Denton, Emily and Smart, Andrew and Smith-Loud, Jamila},
  booktitle={Proceedings of the 2020 conference on fairness, accountability, and transparency},
  pages={501--512},
  year={2020}
}

@inproceedings{kearns2018preventing,
  title={Preventing fairness gerrymandering: Auditing and learning for subgroup fairness},
  author={Kearns, Michael and Neel, Seth and Roth, Aaron and Wu, Zhiwei Steven},
  booktitle={International conference on machine learning},
  pages={2564--2572},
  year={2018},
  organization={PMLR}
}

@inproceedings{barocas2021designing,
  title={Designing disaggregated evaluations of ai systems: Choices, considerations, and tradeoffs},
  author={Barocas, Solon and Guo, Anhong and Kamar, Ece and Krones, Jacquelyn and Morris, Meredith Ringel and Vaughan, Jennifer Wortman and Wadsworth, W Duncan and Wallach, Hanna},
  booktitle={Proceedings of the 2021 AAAI/ACM Conference on AI, Ethics, and Society},
  pages={368--378},
  year={2021}
}

@book{bowker2000sorting,
  title={Sorting things out: Classification and its consequences},
  author={Bowker, Geoffrey C and Star, Susan Leigh},
  year={2000},
  publisher={MIT press}
}

@inproceedings{gordon2021disagreement,
  title={The disagreement deconvolution: Bringing machine learning performance metrics in line with reality},
  author={Gordon, Mitchell L and Zhou, Kaitlyn and Patel, Kayur and Hashimoto, Tatsunori and Bernstein, Michael S},
  booktitle={Proceedings of the 2021 CHI Conference on Human Factors in Computing Systems},
  pages={1--14},
  year={2021}
}

@article{malt2003universality,
  title={Universality and language specificity in object naming},
  author={Malt, Barbara C and Sloman, Steven A and Gennari, Silvia P},
  journal={Journal of memory and language},
  volume={49},
  number={1},
  pages={20--42},
  year={2003},
  publisher={Elsevier}
}

@inproceedings{kim2019multiaccuracy,
  title={Multiaccuracy: Black-box post-processing for fairness in classification},
  author={Kim, Michael P and Ghorbani, Amirata and Zou, James},
  booktitle={Proceedings of the 2019 AAAI/ACM Conference on AI, Ethics, and Society},
  pages={247--254},
  year={2019}
}

@article{karimi2022survey,
  title={A survey of algorithmic recourse: contrastive explanations and consequential recommendations},
  author={Karimi, Amir-Hossein and Barthe, Gilles and Sch{\"o}lkopf, Bernhard and Valera, Isabel},
  journal={ACM Computing Surveys},
  volume={55},
  number={5},
  pages={1--29},
  year={2022},
  publisher={ACM New York, NY}
}

@misc{wager2017estimation,
      title={Estimation and Inference of Heterogeneous Treatment Effects using Random Forests}, 
      author={Stefan Wager and Susan Athey},
      year={2017},
      eprint={1510.04342},
      archivePrefix={arXiv},
      primaryClass={stat.ME}
}

@article{witberg2021myocarditis,
  title={{Myocarditis after Covid-19 vaccination in a large health care organization}},
  author={Witberg, Guy and Barda, Noam and Hoss, Sara and Richter, Ilan and Wiessman, Maya and Aviv, Yaron and Grinberg, Tzlil and Auster, Oren and Dagan, Noa and Balicer, Ran D and others},
  journal={New England Journal of Medicine},
  volume={385},
  number={23},
  pages={2132--2139},
  year={2021},
  publisher={Mass Medical Soc}
}

@article{dagan2021adverse,
  title={Adverse effects after BNT162b2 vaccine and SARS-CoV-2 infection, according to age and sex},
  author={Dagan, Noa and Barda, Noam and Balicer, Ran D},
  journal={New England Journal of Medicine},
  volume={385},
  number={24},
  pages={2299--2299},
  year={2021},
  publisher={Mass Medical Soc}
}

@article{rambachan2022counterfactual,
  title={Counterfactual risk assessments under unmeasured confounding},
  author={Rambachan, Ashesh and Coston, Amanda and Kennedy, Edward},
  journal={arXiv preprint arXiv:2212.09844},
  year={2022}
}

@misc{guo2021multi,
      title={Multi-Source Causal Inference Using Control Variates}, 
      author={Wenshuo Guo and Serena Wang and Peng Ding and Yixin Wang and Michael I. Jordan},
      year={2021},
      eprint={2103.16689},
      archivePrefix={arXiv},
      primaryClass={cs.LG}
}

@article{bidil,
author = {Brody, Howard and Hunt, Linda},
year = {2006},
month = {11},
pages = {556-60},
title = {BiDil: Assessing a Race-Based Pharmaceutical},
volume = {4},
journal = {Annals of family medicine},
doi = {10.1370/afm.582}
}

@article{aspirin,
author = {N/A},
year = {1988},
title = {Randomised trial of intravenous streptokinase, oral aspirin, both, or neither among 17,187 cases of suspected acute myocardial infarction: ISIS-2.},
journal = {Lancet}
}

@article{kulldorff2011maximized,
  title={A maximized sequential probability ratio test for drug and vaccine safety surveillance},
  author={Kulldorff, Martin and Davis, Robert L and Kolczak, Margarette and Lewis, Edwin and Lieu, Tracy and Platt, Richard},
  journal={Sequential analysis},
  volume={30},
  number={1},
  pages={58--78},
  year={2011},
  publisher={Taylor \& Francis}
}

@article{adam2024should,
  title={{Should I Stop or Should I Go: Early Stopping with Heterogeneous Populations}},
  author={Adam, Hammaad and Yin, Fan and Hu, Huibin and Tenenholtz, Neil and Crawford, Lorin and Mackey, Lester and Koenecke, Allison},
  journal={Advances in Neural Information Processing Systems},
  volume={36},
  year={2024}
}

@article{zhang2018subgroup,
  title={Subgroup identification in clinical trials: an overview of available methods and their implementations with R},
  author={Zhang, Zhongheng and Seibold, Heidi and Vettore, Mario V and Song, Woo-Jung and Fran{\c{c}}ois, Vieille},
  journal={Annals of translational medicine},
  volume={6},
  number={7},
  year={2018},
  publisher={AME Publications}
}

@article{bartroff2014sequential,
  title={Sequential tests of multiple hypotheses controlling type I and II familywise error rates},
  author={Bartroff, Jay and Song, Jinlin},
  journal={Journal of statistical planning and inference},
  volume={153},
  pages={100--114},
  year={2014},
  publisher={Elsevier}
}

@inproceedings{dwork2015generalization,
  title={Generalization in adaptive data analysis and holdout reuse},
  author={Dwork, Cynthia and Feldman, Vitaly and Hardt, Moritz and Pitassi, Toni and Reingold, Omer and Roth, Aaron},
  booktitle={Advances in Neural Information Processing Systems (NIPS)},
  pages={2350--2358},
  year={2015}
}

@inproceedings{dwork2006calibrating,
  title={Calibrating noise to sensitivity in private data analysis},
  author={Dwork, Cynthia and McSherry, Frank and Nissim, Kobbi and Smith, Adam},
  booktitle={Theory of Cryptography Conference},
  pages={265--284},
  year={2006},
  organization={Springer}
}

@article{bozkurt2021myocarditis,
  title={Myocarditis with COVID-19 mRNA vaccines},
  author={Bozkurt, Biykem and Kamat, Ishan and Hotez, Peter J},
  journal={Circulation},
  volume={144},
  number={6},
  pages={471--484},
  year={2021},
  publisher={Am Heart Assoc}
}


@article{chen1994vaccine,
  title={The vaccine adverse event reporting system (VAERS)},
  author={Chen, Robert T and Rastogi, Suresh C and Mullen, John R and Hayes, Scott W and Cochi, Stephen L and Donlon, Jerome A and Wassilak, Steven G},
  journal={Vaccine},
  volume={12},
  number={6},
  pages={542--550},
  year={1994},
  publisher={Elsevier}
}

@inproceedings{byun2024auditing,
  title={Auditing Fairness under Unobserved Confounding},
  author={Byun, Yewon and Sam, Dylan and Oberst, Michael and Lipton, Zachary and Wilder, Bryan},
  booktitle={International Conference on Artificial Intelligence and Statistics},
  pages={4339--4347},
  year={2024},
  organization={PMLR}
}

@article{cherian2023statistical,
  title={Statistical inference for fairness auditing},
  author={Cherian, John J and Cand{\`e}s, Emmanuel J},
  journal={arXiv preprint arXiv:2305.03712},
  year={2023}
}

@article{martinez2021secret,
  title={The secret bias hidden in mortgage-approval algorithms},
  author={Martinez, Emmanuel and Kirchner, Lauren},
  journal={The Markup},
  year={2021}
}

@inproceedings{globus2022algorithmic,
  title={An algorithmic framework for bias bounties},
  author={Globus-Harris, Ira and Kearns, Michael and Roth, Aaron},
  booktitle={Proceedings of the 2022 ACM Conference on Fairness, Accountability, and Transparency},
  pages={1106--1124},
  year={2022}
}

@inproceedings{agostini2024bayesian,
  title={{A Bayesian Spatial Model to Correct Under-Reporting in Urban Crowdsourcing}},
  author={Agostini, Gabriel and Pierson, Emma and Garg, Nikhil},
  booktitle={Proceedings of the AAAI Conference on Artificial Intelligence},
  volume={38},
  number={20},
  pages={21888--21896},
  year={2024}
}

@article{lee2023gender,
  title={A Gender Hypothesis of sex disparities in adverse drug events},
  author={Lee, Katharine MN and Rushovich, Tamara and Gompers, Annika and Boulicault, Marion and Worthington, Steven and Lockhart, Jeffrey W and Richardson, Sarah S},
  journal={Social Science \& Medicine},
  volume={339},
  pages={116385},
  year={2023},
  publisher={Elsevier}
}

@article{whitley2009sex,
  title={Sex-based differences in drug activity},
  author={Whitley, Heather P and Lindsey, Wesley},
  journal={American family physician},
  volume={80},
  number={11},
  pages={1254--1258},
  year={2009}
}

@article{waudby2024estimating,
  title={Estimating means of bounded random variables by betting},
  author={Waudby-Smith, Ian and Ramdas, Aaditya},
  journal={Journal of the Royal Statistical Society Series B: Statistical Methodology},
  volume={86},
  number={1},
  pages={1--27},
  year={2024},
  publisher={Oxford University Press US}
}

@article{vovk2021values,
  title={E-values: Calibration, combination and applications},
  author={Vovk, Vladimir and Wang, Ruodu},
  journal={The Annals of Statistics},
  volume={49},
  number={3},
  pages={1736--1754},
  year={2021},
  publisher={Institute of Mathematical Statistics}
}

 @misc{Gilbert_2023, title={Workday AI Biased Against Black, Older Applicants, Suit Says}, url={https://news.bloomberglaw.com/daily-labor-report/workday-ai-biased-against-black-disabled-applicants-suit-says}, 
journal={Bloomberg Law}, author={Gilbert, Annelise}, year={2023}, month={February}, language={en} }

 @misc{pazanowski, title={{SafeRent's \$2.3 Million Deal in AI Screening Tool Suit Approved}}, url={https://news.bloomberglaw.com/us-law-week/saferents-2-3-million-deal-in-ai-screening-tool-suit-approved?context=search&index=0}, 
journal={Bloomberg Law}, author={Pazanowski, Gilbert}, year={2024}, month={November}, language={en} }


@article{dahl2007multiple,
  title={Multiple hypothesis testing by clustering treatment effects},
  author={Dahl, David B and Newton, Michael A},
  journal={Journal of the American Statistical Association},
  volume={102},
  number={478},
  pages={517--526},
  year={2007},
  publisher={Taylor \& Francis}
}

@article{shanmugam2024quantifying,
  title={Quantifying disparities in intimate partner violence: a machine learning method to correct for underreporting},
  author={Shanmugam, Divya and Hou, Kaihua and Pierson, Emma},
  journal={npj Women's Health},
  volume={2},
  number={1},
  pages={15},
  year={2024},
  publisher={Nature Publishing Group UK London}
}

@article{draglia1999multihypothesis,
  title={Multihypothesis sequential probability ratio tests. I. Asymptotic optimality},
  author={Dragalin, VP and Tartakovsky, Alexander G and Veeravalli, Venugopal V},
  journal={IEEE Transactions on Information Theory},
  volume={45},
  number={7},
  pages={2448--2461},
  year={1999},
  publisher={IEEE}
}

@article{dragalin2000multihypothesis,
  title={Multihypothesis sequential probability ratio tests. II. Accurate asymptotic expansions for the expected sample size},
  author={Dragalin, Vladimir P and Tartakovsky, Alexander G and Veeravalli, Venugopal V},
  journal={IEEE Transactions on Information Theory},
  volume={46},
  number={4},
  pages={1366--1383},
  year={2000},
  publisher={IEEE}
}

@article{baum1994sequential,
  title={A sequential procedure for multihypothesis testing},
  author={Baum, Carl W and Veeravalli, Venugopal V},
  journal={IEEE Transactions on Information Theory},
  volume={40},
  number={6},
  year={1994},
  publisher={IEEE}
}

@article{shafer2021testing,
  title={Testing by betting: A strategy for statistical and scientific communication},
  author={Shafer, Glenn},
  journal={Journal of the Royal Statistical Society Series A: Statistics in Society},
  volume={184},
  number={2},
  pages={407--431},
  year={2021},
  publisher={Oxford University Press}
}

@inproceedings{dwork2008differential,
  title={Differential privacy: A survey of results},
  author={Dwork, Cynthia},
  booktitle={International conference on theory and applications of models of computation},
  pages={1--19},
  year={2008},
  organization={Springer}
}

@inproceedings{zhang2022private,
  title={Private Sequential Hypothesis Testing for Statisticians: Privacy, Error Rates, and Sample Size},
  author={Zhang, Wanrong and Mei, Yajun and Cummings, Rachel},
  booktitle={International Conference on Artificial Intelligence and Statistics},
  pages={11356--11373},
  year={2022},
  organization={PMLR}
}

@article{dwork2014algorithmic,
  title={The algorithmic foundations of differential privacy},
  author={Dwork, Cynthia and Roth, Aaron and others},
  journal={Foundations and Trends{\textregistered} in Theoretical Computer Science},
  volume={9},
  number={3--4},
  pages={211--407},
  year={2014},
  publisher={Now Publishers, Inc.}
}

@book{wainwright2019high,
  title={High-dimensional statistics: A non-asymptotic viewpoint},
  author={Wainwright, Martin J},
  volume={48},
  year={2019},
  publisher={Cambridge university press}
}

@article{hazan2016introduction,
  title={Introduction to online convex optimization},
  author={Hazan, Elad and others},
  journal={Foundations and Trends{\textregistered} in Optimization},
  volume={2},
  number={3-4},
  pages={157--325},
  year={2016},
  publisher={Now Publishers, Inc.}
}

@misc{choPeekingPEAKSequential2024,
  title = {Peeking with {{PEAK}}: {{Sequential}}, {{Nonparametric Composite Hypothesis Tests}} for {{Means}} of {{Multiple Data Streams}}},
  shorttitle = {Peeking with {{PEAK}}},
  author = {Cho, Brian and Gan, Kyra and Kallus, Nathan},
  year = {2024},
  month = jun,
  number = {arXiv:2402.06122},
  eprint = {2402.06122},
  primaryclass = {cs, stat},
  publisher = {arXiv},
  doi = {10.48550/arXiv.2402.06122},
  urldate = {2024-11-04},
  archiveprefix = {arXiv}
}

@article{chi2022multiple,
  title={Multiple testing under negative dependence},
  author={Chi, Ziyu and Ramdas, Aaditya and Wang, Ruodu},
  journal={arXiv preprint arXiv:2212.09706},
  year={2022}
}

@inproceedings{feng2024monitoring,
  title={Monitoring machine learning-based risk prediction algorithms in the presence of performativity},
  author={Feng, Jean and Gossmann, Alexej and Pennello, Gene A and Petrick, Nicholas and Sahiner, Berkman and Pirracchio, Romain},
  booktitle={International Conference on Artificial Intelligence and Statistics},
  pages={919--927},
  year={2024},
  organization={PMLR}
}

@inproceedings{karusala2024understanding,
  title={{Understanding Contestability on the Margins: Implications for the Design of Algorithmic Decision-making in Public Services}},
  author={Karusala, Naveena and Upadhyay, Sohini and Veeraraghavan, Rajesh and Gajos, Krzysztof Z},
  booktitle={Proceedings of the CHI Conference on Human Factors in Computing Systems},
  pages={1--16},
  year={2024}
}

@inproceedings{almada2019human,
  title={Human intervention in automated decision-making: Toward the construction of contestable systems},
  author={Almada, Marco},
  booktitle={Proceedings of the Seventeenth International Conference on artificial intelligence and law},
  pages={2--11},
  year={2019}
}

@article{dai2024learning,
  title={Learning With Multi-Group Guarantees For Clusterable Subpopulations},
  author={Dai, Jessica and Haghtalab, Nika and Zhao, Eric},
  journal={arXiv preprint arXiv:2410.14588},
  year={2024}
}

@inproceedings{wu2022fairness,
  title={Fairness-aware model-agnostic positive and unlabeled learning},
  author={Wu, Ziwei and He, Jingrui},
  booktitle={Proceedings of the 2022 ACM Conference on Fairness, Accountability, and Transparency},
  pages={1698--1708},
  year={2022}
}

@article{liu2024quantifying,
  title={Quantifying spatial under-reporting disparities in resident crowdsourcing},
  author={Liu, Zhi and Bhandaram, Uma and Garg, Nikhil},
  journal={Nature Computational Science},
  volume={4},
  number={1},
  pages={57--65},
  year={2024},
  publisher={Nature Publishing Group US New York}
}

@inproceedings{liu2022equity,
  title={Equity in resident crowdsourcing: Measuring under-reporting without ground truth data},
  author={Liu, Zhi and Garg, Nikhil},
  booktitle={Proceedings of the 23rd ACM Conference on Economics and Computation},
  pages={1016--1017},
  year={2022}
}

@article{landau2024challenging,
  title={{Challenging the Machine: Contestability in Government AI Systems}},
  author={Landau, Susan and Dempsey, James X and Kamar, Ece and Bellovin, Steven M and Pool, Robert},
  journal={arXiv preprint arXiv:2406.10430},
  year={2024}
}

@inproceedings{vaccaro2019contestability,
  title={Contestability in algorithmic systems},
  author={Vaccaro, Kristen and Karahalios, Karrie and Mulligan, Deirdre K and Kluttz, Daniel and Hirsch, Tad},
  booktitle={Companion Publication of the 2019 Conference on Computer Supported Cooperative Work and Social Computing},
  pages={523--527},
  year={2019}
}

@inproceedings{jamieson2014lil,
  title={lilâ€™ucb: An optimal exploration algorithm for multi-armed bandits},
  author={Jamieson, Kevin and Malloy, Matthew and Nowak, Robert and Bubeck, S{\'e}bastien},
  booktitle={Conference on Learning Theory},
  pages={423--439},
  year={2014},
  organization={PMLR}
}

@article{balsubramani2014sharp,
  title={Sharp finite-time iterated-logarithm martingale concentration},
  author={Balsubramani, Akshay},
  journal={arXiv preprint arXiv:1405.2639},
  year={2014}
}

@article{pessach2022review,
  title={A review on fairness in machine learning},
  author={Pessach, Dana and Shmueli, Erez},
  journal={ACM Computing Surveys (CSUR)},
  volume={55},
  number={3},
  pages={1--44},
  year={2022},
  publisher={ACM New York, NY}
}

@misc{EUAIAct2023,
  author       = {{European Parliament}},
  title        = {{EU AI Act: First Regulation on Artificial Intelligence}},
  year         = {2023},
}

@article{mouch2021myocarditis,
  title={{Myocarditis following COVID-19 mRNA vaccination}},
  author={Mouch, Saif Abu and Roguin, Ariel and Hellou, Elias and Ishai, Amorina and Shoshan, Uri and Mahamid, Lamis and Zoabi, Marwan and Aisman, Marina and Goldschmid, Nimrod and Yanay, Noa Berar},
  journal={vaccine},
  volume={39},
  number={29},
  pages={3790--3793},
  year={2021},
  publisher={Elsevier}
}

@article{larson2021myocarditis,
  title={Myocarditis after BNT162b2 and mRNA-1273 vaccination},
  author={Larson, Kathryn F and Ammirati, Enrico and Adler, Eric D and Cooper Jr, Leslie T and Hong, Kimberly N and Saponara, Gianluigi and Couri, Daniel and Cereda, Alberto and Procopio, Antonio and Cavalotti, Cristina and others},
  journal={Circulation},
  volume={144},
  number={6},
  pages={506--508},
  year={2021},
  publisher={Am Heart Assoc}
}

@article{marshall2021symptomatic,
  title={Symptomatic acute myocarditis in 7 adolescents after Pfizer-BioNTech COVID-19 vaccination},
  author={Marshall, Mayme and Ferguson, Ian D and Lewis, Paul and Jaggi, Preeti and Gagliardo, Christina and Collins, James Stewart and Shaughnessy, Robin and Caron, Rachel and Fuss, Cristina and Corbin, Kathleen Jo E and others},
  journal={Pediatrics},
  volume={148},
  number={3},
  year={2021},
  publisher={American Academy of Pediatrics}
}

@article{barda2021safety,
  title={Safety of the BNT162b2 mRNA Covid-19 vaccine in a nationwide setting},
  author={Barda, Noam and Dagan, Noa and Ben-Shlomo, Yatir and Kepten, Eldad and Waxman, Jacob and Ohana, Reut and Hern{\'a}n, Miguel A and Lipsitch, Marc and Kohane, Isaac and Netzer, Doron and others},
  journal={New England Journal of Medicine},
  volume={385},
  number={12},
  pages={1078--1090},
  year={2021},
  publisher={Mass Medical Soc}
}

@misc{lovelace2021fda,
  title={{FDA Permits Use of the Pfizer-BioNTech Covid Vaccine in Kids Ages 12 to 15}},
  author={Lovelace, B},
  year={2021},
  publisher={CNBC, Englewood Cliffs, New Jersey, USA},
url={https://www.cnbc.com/2021/05/10/pfizer-covid-vaccine-fda-clears-use-in-kids-ages-12-to-15.html}
}

@book{bertsekas2008introduction,
  title={Introduction to probability},
  author={Bertsekas, Dimitri and Tsitsiklis, John N},
  volume={1},
  year={2008},
  publisher={Athena Scientific}
}

@misc{koolen2017quick,
  title={A quick and dirty finite time law of the iterated logarithm result},
  author={Koolen, Wouter M},
  year={2017},
url={https://blog.wouterkoolen.info/QnD_LIL/post.html}
}

@book{ville1939etude,
  title={Etude critique de la notion de collectif},
  author={Ville, Jean},
  year={1939},
  publisher={Gauthier-Villars Paris}
}