
@ARTICLE{frontnet,
  author={Palossi, Daniele and others},
  journal={IEEE Internet of Things Journal}, 
  title={Fully Onboard {AI}-powered Human-Drone Pose Estimation on Ultra-low Power Autonomous Flying Nano-{UAVs}}, 
  year={2021},
  volume={},
  number={},
  pages={1-1},
  doi={10.1109/JIOT.2021.3091643}
 }
 
 @ARTICLE{nava-self,
  author={Nava, Mirko and others},
  journal={IEEE Robotics and Automation Letters}, 
  title={Learning Visual Localization of a Quadrotor Using Its Noise as Self-Supervision}, 
  year={2022},
  volume={7},
  number={2},
  pages={2218-2225},
  doi={10.1109/LRA.2022.3143565}}


@article{SAIDMOHAMED2021971,
title = {Smart farming for improving agricultural management},
journal = {The Egyptian Journal of Remote Sensing and Space Science},
volume = {24},
number = {3, Part 2},
pages = {971-981},
year = {2021},
issn = {1110-9823},
doi = {https://doi.org/10.1016/j.ejrs.2021.08.007},
url = {https://www.sciencedirect.com/science/article/pii/S1110982321000582},
author = {Elsayed {Said Mohamed} and AA. Belal and Sameh {Kotb Abd-Elmabod} and Mohammed A El-Shirbeny and A. Gad and Mohamed B Zahran},
keywords = {IoT, Smart Agriculture, 5G, Decision support systems, Smart sensing}
}

@ARTICLE{9177181,
  author={Pretto, Alberto and Aravecchia, Stéphanie and Burgard, Wolfram and Chebrolu, Nived and Dornhege, Christian and Falck, Tillmann and Fleckenstein, Freya and Fontenla, Alessandra and Imperoli, Marco and Khanna, Raghav and Liebisch, Frank and Lottes, Philipp and Milioto, Andres and Nardi, Daniele and Nardi, Sandro and Pfeifer, Johannes and Popović, Marija and Potena, Ciro and Pradalier, Cédric and Rothacker-Feder, Elisa and Sa, Inkyu and Schaefer, Alexander and Siegwart, Roland and Stachniss, Cyrill and Walter, Achim and Winterhalter, Wera and Wu, Xiaolong and Nieto, Juan},
  journal={IEEE Robotics \& Automation Magazine}, 
  title={Building an Aerial–Ground Robotics System for Precision Farming: An Adaptable Solution}, 
  year={2021},
  volume={28},
  number={3},
  pages={29-49},
  keywords={Agriculture;Robot kinematics;Cameras;Robot vision systems},
  doi={10.1109/MRA.2020.3012492}}

@INPROCEEDINGS{9474262,
  title={Distilling Tiny and Ultra-fast Deep Neural Networks for Autonomous Navigation on Nano-UAVs},
  author={Lamberti, Lorenzo and Bellone, Lorenzo and Macan, Luka and Natalizio, Enrico and Conti, Francesco and Palossi, Daniele and Benini, Luca},
  journal={IEEE Internet of Things Journal},
  year={2024},
  publisher={IEEE}
}

@article{lamberti2024sim,
  title={A sim-to-real deep learning-based framework for autonomous nano-drone racing},
  author={Lamberti, Lorenzo and Cereda, Elia and Abbate, Gabriele and Bellone, Lorenzo and Morinigo, Victor Javier Kartsch and Barci{\'s}, Micha{\l} and Barci{\'s}, Agata and Giusti, Alessandro and Conti, Francesco and Palossi, Daniele},
  journal={IEEE Robotics and Automation Letters},
  year={2024},
  publisher={IEEE}
}

@INPROCEEDINGS{monocular-6d-ml,  author={Breitenmoser, Andreas and others},  booktitle={2011 IEEE/RSJ International Conference on Intelligent Robots and Systems},   title={A monocular vision-based system for 6D relative robot localization},   year={2011},  volume={},  number={},  pages={79-85},  doi={10.1109/IROS.2011.6094851}}

@inproceedings{inproceedings_warehouse,
author = {Sales, Augusto and Mira, Pedro and Nascimento, Ana and Brandão, Alexandre Santos and Saska, Martin and Nascimento, Tiago},
year = {2023},
month = {06},
pages = {389-394},
title = {Heterogeneous Multi-Robot Systems Approach for Warehouse Inventory Management},
doi = {10.1109/ICUAS57906.2023.10155890}
}

@Article{applmech3030049,
AUTHOR = {Botta, Andrea and Cavallone, Paride and Baglieri, Lorenzo and Colucci, Giovanni and Tagliavini, Luigi and Quaglia, Giuseppe},
TITLE = {A Review of Robots, Perception, and Tasks in Precision Agriculture},
JOURNAL = {Applied Mechanics},
VOLUME = {3},
YEAR = {2022},
NUMBER = {3},
PAGES = {830--854},
URL = {https://www.mdpi.com/2673-3161/3/3/49},
ISSN = {2673-3161},
ABSTRACT = {This review reports the recent state of the art in the field of mobile robots applied to precision agriculture. After a brief introduction to precision agriculture, the review focuses on two main topics. First, it provides a broad overview of the most widely used technologies in agriculture related to crop, field, and soil monitoring. Second, the main robotic solutions, with a focus on land-based robots, and their salient features are described. Finally, a short case study about a robot developed by the authors is introduced. This work aims to collect and highlight the most significant trends in research on robotics applied to agriculture. This review shows that the most studied perception solutions are those based on vision and cloud point detection and, following the same trend, most robotic solutions are small robots dedicated exclusively to monitoring tasks. However, the robotisation of other agricultural tasks is growing.},
DOI = {10.3390/applmech3030049}
}

@inproceedings{crupi2024deep,
  title={A Deep Learning-based Pest Insect Monitoring System for Ultra-low Power Pocket-sized Drones},
  author={Crupi, Luca and Butera, Luca and Ferrante, Alberto and Palossi, Daniele},
  booktitle={2024 20th International Conference on Distributed Computing in Smart Systems and the Internet of Things (DCOSS-IoT)},
  pages={323--330},
  year={2024},
  organization={IEEE}
}

@INPROCEEDINGS{10471810,
  author={Nguyen, Quan M. and Pham, Duy A. and Pham, Dong T. and Le, An D. and H. Vo, Nguyen Q. and Vo, Hien B.},
  booktitle={2023 RIVF International Conference on Computing and Communication Technologies (RIVF)}, 
  title={SmartTrap: An On-Field Insect Monitoring System Empowered by Edge Computing Capabilities}, 
  year={2023},
  volume={},
  number={},
  pages={77-82},
  keywords={Insects;Spraying;Pesticides;Agriculture;Communications technology;Servers;Monitoring;fruit fly;environmental data;smart loT;edge computing;YOLOv7-tiny;Jetson Nano},
  doi={10.1109/RIVF60135.2023.10471810}}


@article{
tiny-ml,
author = {K. N. McGuire  and others},
title = {Minimal navigation solution for a swarm of tiny flying robots to explore an unknown environment},
journal = {Science Robotics},
volume = {4},
number = {35},
pages = {eaaw9710},
year = {2019},
doi = {10.1126/scirobotics.aaw9710},
URL = {https://www.science.org/doi/abs/10.1126/scirobotics.aaw9710},
eprint = {https://www.science.org/doi/pdf/10.1126/scirobotics.aaw9710}}


@INPROCEEDINGS{carrio_drone_2018,
  author={Carrio, Adrian and others},
  booktitle={2018 IEEE/RSJ International Conference on Intelligent Robots and Systems (IROS)}, 
  title={Drone Detection Using Depth Maps}, 
  year={2018},
  volume={},
  number={},
  pages={1034-1037},
  doi={10.1109/IROS.2018.8593405}}

@ARTICLE{9601235,
  title={Precise agriculture: Effective deep learning strategies to detect pest insects},
  author={Butera, Luca and Ferrante, Alberto and Jermini, Mauro and Prevostini, Mauro and Alippi, Cesare},
  journal={IEEE/CAA Journal of Automatica Sinica},
  volume={9},
  number={2},
  pages={246--258},
  year={2021},
  publisher={IEEE}
}


@ARTICLE{schilling_vision-based_2021,
  author={Schilling, Fabian and others},
  journal={IEEE Robotics and Automation Letters}, 
  title={Vision-Based Drone Flocking in Outdoor Environments}, 
  year={2021},
  volume={6},
  number={2},
  pages={2954-2961},
  doi={10.1109/LRA.2021.3062298}}



@article{shan_ultra-wideband_2022,
	title = {Ultra-{Wideband} {Swarm} {Ranging} {Protocol} for {Dynamic} and {Dense} {Networks}},
	issn = {1558-2566},
	doi = {10.1109/TNET.2022.3186071},
	journal = {IEEE/ACM Transactions on Networking},
	author = {Shan, Feng and others},
	year = {2022},
	note = {Conference Name: IEEE/ACM Transactions on Networking},
	pages = {1--15}}


@inproceedings{li_self-supervised_2022,
	title = {Self-supervised {Monocular} {Multi}-robot {Relative} {Localization} with {Efficient} {Deep} {Neural} {Networks}},
	doi = {10.1109/ICRA46639.2022.9812150},
	booktitle = {2022 {International} {Conference} on {Robotics} and {Automation} ({ICRA})},
	author = {Li, Shushuai and others},
	month = may,
	year = {2022},
	pages = {9689--9695}
}



@article{schuster_distributed_2019,
	title = {Distributed stereo vision-based {6D} localization and mapping for multi-robot teams},
	volume = {36},
	issn = {15564959},
	shorttitle = {Distributed stereo vision-based {6D} localization and mapping for multi-robot teams},
	url = {https://onlinelibrary.wiley.com/doi/10.1002/rob.21812},
	doi = {10.1002/rob.21812},
	language = {en},
	number = {2},
	urldate = {2022-08-30},
	journal = {J Field Robotics},
	author = {Schuster, Martin J. and others},
	month = mar,
	year = {2019},
	pages = {305--332}
}


@article{cocodataset,
  title={Microsoft {COCO}: Common objects in context},
  author={Lin, Tsung-Yi and Maire, Michael and Belongie, Serge and Hays, James and Perona, Pietro and Ramanan, Deva and Doll{\'a}r, Piotr and Zitnick, C Lawrence},
  booktitle={Computer Vision--ECCV 2014: 13th European Conference, Zurich, Switzerland, September 6-12, 2014, Proceedings, Part V 13},
  pages={740--755},
  year={2014},
  organization={Springer}
}

@article{milella_model-based_nodate,
	title = {Model-{Based} {Relative} {Localization} for {Cooperative} {Robots} {Using} {Stereo} {Vision}},
	language = {en},
 journal = {- },
 year={2005},
	author = {Milella, A and others},
	pages = {8},
	file = {Milella et al. - Model-Based Relative Localization for Cooperative .pdf:/home/nano/Zotero/storage/8USXX5KU/Milella et al. - Model-Based Relative Localization for Cooperative .pdf:application/pdf},
}

@inproceedings{wasik_lidar-based_2016,
    address = {Cham},
    title = {Lidar-{Based} {Relative} {Position} {Estimation} and {Tracking} for {Multi}-robot {Systems}},
    isbn = {978-3-319-27146-0},
    booktitle = {Robot 2015: {Second} {Iberian} {Robotics} {Conference}},
    publisher = {Springer International Publishing},
    author = {Wasik, Alicja and others},
    editor = {Reis, Luís Paulo and Moreira, António Paulo and Lima, Pedro U. and Montano, Luis and Muñoz-Martinez, Victor},
    year = {2016},
    pages = {3--16}
}

@Article{s16050666,
AUTHOR = {Vanegas, Fernando and others},
TITLE = {Enabling UAV Navigation with Sensor and Environmental Uncertainty in Cluttered and GPS-Denied Environments},
JOURNAL = {Sensors},
VOLUME = {16},
YEAR = {2016},
NUMBER = {5},
ARTICLE-NUMBER = {666},
URL = {https://www.mdpi.com/1424-8220/16/5/666},
ISSN = {1424-8220},
DOI = {10.3390/s16050666}
}

@inproceedings{pickem_robotarium_2017,
	title = {The {Robotarium}: {A} remotely accessible swarm robotics research testbed},
	shorttitle = {The {Robotarium}},
	doi = {10.1109/ICRA.2017.7989200},
	booktitle = {2017 {IEEE} {International} {Conference} on {Robotics} and {Automation} ({ICRA})},
	author = {Pickem, Daniel and others},
	month = may,
	year = {2017},
	keywords = {Collision avoidance, Hardware, Robot kinematics, Robot sensing systems, Safety, Servers},
	pages = {1699--1706}
}

@article{
nogps-3d-stereolaser-odom,
author = {Achtelik, Markus and others},
title = {Stereo vision and laser odometry for autonomous helicopters in GPS-denied indoor environments.},
journal = {The International Society for Optical Engineering},
year = {2009},
URL = {https://dspace.mit.edu/handle/1721.1/52660}
}

@article{3d-swarm-quadrotors,
author={Kushleyev, Alex
and others},
title={Towards a swarm of agile micro quadrotors},
journal={Autonomous Robots},
year={2013},
month={Nov},
day={01},
volume={35},
number={4},
pages={287-300},
issn={1573-7527},
doi={10.1007/s10514-013-9349-9},
url={https://doi.org/10.1007/s10514-013-9349-9}
}

@Article{3d-indoor-flying,
author={Roberts, James F.
and others},
title={3-D relative positioning sensor for indoor flying robots},
journal={Autonomous Robots},
year={2012},
month={Aug},
day={01},
volume={33},
number={1},
pages={5-20},
issn={1573-7527},
doi={10.1007/s10514-012-9277-0},
url={https://doi.org/10.1007/s10514-012-9277-0}
}

@article{infrared-indoor-3d,
author = {Kirchner, Nathan and others},
year = {2005},
month = {01},
pages = {},
journal = {- },
title = {Infrared Localisation for Indoor UAVs}
}

@Article{Everingham10,
   author = "Everingham, M. and others",
   title = "The Pascal Visual Object Classes (VOC) Challenge",
   journal = "International Journal of Computer Vision",
   volume = "88",
   year = "2010",
   number = "2",
   month = jun,
   pages = "303--338",
}

@ARTICLE{flocking-outdoor-jetson,
  author={Schilling, Fabian and others},
  journal={IEEE Robotics and Automation Letters}, 
  title={Vision-Based Drone Flocking in Outdoor Environments}, 
  year={2021},
  volume={6},
  number={2},
  pages={2954-2961},
  doi={10.1109/LRA.2021.3062298}}

    
@INPROCEEDINGS{depthmap-detection-jetson,
  author={Carrio, Adrian and others},
  booktitle={2018 IEEE/RSJ International Conference on Intelligent Robots and Systems (IROS)}, 
  title={Drone Detection Using Depth Maps}, 
  year={2018},
  volume={},
  number={},
  pages={1034-1037},
  doi={10.1109/IROS.2018.8593405}}

    

@INPROCEEDINGS{offboard-ultravioletled,
    author={Walter, Viktor and others},  booktitle={2018 International Conference on Unmanned Aircraft Systems (ICUAS)},   title={Fast Mutual Relative Localization of UAVs using Ultraviolet LED Markers},   year={2018},  volume={},  number={},  pages={1217-1226},  doi={10.1109/ICUAS.2018.8453331}
    }

@article{R2_note_91,
  title={A note on a general definition of the coefficient of determination},
  author={Nagelkerke, Nico JD and others},
  journal={Biometrika},
  volume={78},
  number={3},
  pages={691--692},
  year={1991},
  publisher={Citeseer}
}

@inproceedings{sigrist2016rocketlogger,
  title={Rocketlogger: Mobile power logger for prototyping iot devices: Demo abstract},
  author={Sigrist, Lukas and others},
  booktitle={Proceedings of the 14th ACM Conference on Embedded Network Sensor Systems CD-ROM},
  pages={288--289},
  year={2016}
}

@ARTICLE{9606685,
  author={Niculescu, Vlad and others},
  journal={IEEE Journal on Emerging and Selected Topics in Circuits and Systems}, 
  title={Improving Autonomous Nano-Drones Performance via Automated End-to-End Optimization and Deployment of DNNs}, 
  year={2021},
  volume={11},
  number={4},
  pages={548-562},
  doi={10.1109/JETCAS.2021.3126259}}
  
  @INPROCEEDINGS{ai-deck,
  author={Palossi, Daniele and others},
  booktitle={2019 15th International Conference on Distributed Computing in Sensor Systems (DCOSS)}, 
  title={An Open Source and Open Hardware Deep Learning-Powered Visual Navigation Engine for Autonomous Nano-UAVs}, 
  year={2019},
  volume={},
  number={},
  pages={604-611},
  doi={10.1109/DCOSS.2019.00111}}
  
  @inproceedings{palossi2017target,
  title={Target following on nano-scale unmanned aerial vehicles},
  author={Palossi, Daniele and others},
  booktitle={2017 7th IEEE international workshop on advances in sensors and interfaces (IWASI)},
  pages={170--175},
  year={2017},
  organization={IEEE}
}

@inproceedings{liu2016ssd,
  title={Ssd: Single shot multibox detector},
  author={Liu, Wei and others},
  booktitle={Computer Vision--ECCV 2016: 14th European Conference, Amsterdam, The Netherlands, October 11--14, 2016, Proceedings, Part I 14},
  pages={21--37},
  year={2016},
  organization={Springer}
}


@inproceedings{sandler2018mobilenetv2,
  title={Mobilenetv2: Inverted residuals and linear bottlenecks},
  author={Sandler, Mark and Howard, Andrew and Zhu, Menglong and Zhmoginov, Andrey and Chen, Liang-Chieh},
  booktitle={Proceedings of the IEEE conference on computer vision and pattern recognition},
  pages={4510--4520},
  year={2018}
}


@inproceedings{howard2019searching,
  title={Searching for mobilenetv3},
  author={Howard, Andrew and Sandler, Mark and Chu, Grace and Chen, Liang-Chieh and Chen, Bo and Tan, Mingxing and Wang, Weijun and Zhu, Yukun and Pang, Ruoming and Vasudevan, Vijay and others},
  booktitle={Proceedings of the IEEE/CVF international conference on computer vision},
  pages={1314--1324},
  year={2019}
}


@ARTICLE{9756977,
  author={Niculescu, Vlad and others},
  journal={IEEE Internet of Things Journal}, 
  title={Energy-efficient, Precise UWB-based 3-D Localization of Sensor Nodes with a Nano-UAV}, 
  year={2022},
  volume={},
  number={},
  pages={1-1},
  doi={10.1109/JIOT.2022.3166651}}
  
@inproceedings{mahendran20173d,
  title={3d pose regression using convolutional neural networks},
  author={Mahendran, Siddharth and others},
  booktitle={Proceedings of the IEEE International Conference on Computer Vision Workshops},
  pages={2174--2182},
  year={2017}
}

@article{zhao2020learning,
  title={Learning-based bias correction for ultra-wideband localization of resource-constrained mobile robots},
  author={Zhao, Wenda and others},
  journal={arXiv preprint arXiv:2003.09371},
  year={2020}
}

@ARTICLE{dory,  author={Burrello, Alessio and others},  journal={IEEE Transactions on Computers},   title={DORY: Automatic End-to-End Deployment of Real-World DNNs on Low-Cost IoT MCUs},   year={2021},  volume={70},  number={8},  pages={1253-1268},  doi={10.1109/TC.2021.3066883}}

@article{nemo,
  author    = {Francesco Conti},
  title     = {Technical Report: {NEMO} {DNN} Quantization for Deployment Model},
  journal   = {CoRR},
  volume    = {abs/2004.05930},
  year      = {2020},
  url       = {https://arxiv.org/abs/2004.05930},
  eprinttype = {arXiv},
  eprint    = {2004.05930},
  timestamp = {Thu, 16 Apr 2020 14:52:54 +0200},
  biburl    = {https://dblp.org/rec/journals/corr/abs-2004-05930.bib},
  bibsource = {dblp computer science bibliography, https://dblp.org}
}

@article{choi2018pact,
  title={Pact: Parameterized clipping activation for quantized neural networks},
  author={Choi, Jungwook and others},
  journal={arXiv preprint arXiv:1805.06085},
  year={2018}
}

@article{DLEntomology,
  title={Deep learning and computer vision will transform entomology},
  author={H{\o}ye, Toke T and {\"A}rje, Johanna and Bjerge, Kim and Hansen, Oskar LP and Iosifidis, Alexandros and Leese, Florian and Mann, Hjalte MR and Meissner, Kristian and Melvad, Claus and Raitoharju, Jenni},
  journal={Proceedings of the National Academy of Sciences},
  volume={118},
  number={2},
  pages={e2002545117},
  year={2021},
  publisher={National Acad Sciences}
}

@article{EPPO,
  title={Pest categorisation of Popillia japonica},
  author={EFSA Panel on Plant Health (PLH) and Bragard, Claude and Dehnen-Schmutz, Katharina and Di Serio, Francesco and Gonthier, Paolo and Jacques, Marie-Agn{\`e}s and Jaques Miret, Josep Anton and Justesen, Annemarie Fejer and Magnusson, Christer Sven and Milonas, Panagiotis and others},
  journal={Efsa Journal},
  volume={16},
  number={11},
  pages={e05438},
  year={2018},
  publisher={Wiley Online Library}
}

@online{eppo-popillia,
  title={EPPO Datasheet: Popillia japonica},
  author={EFSA Panel on Plant Health (PLH)},
  URL={https://gd.eppo.int/taxon/POPIJA/download/datasheet_pdf},
  year={2020},
}

@inproceedings{10.1145/3666025.3699337, author = {Sharma, Suryansh and Lica, Robert and Prasad, Venkatesha and Mottola, Luca and Ambroziak, Leszek}, title = {Acoustic Side-Channel Communications for Aerial Drones with HUM}, year = {2024}, publisher = {Association for Computing Machinery}, pages = {267–280}}

@Article{ijerph18126202,
AUTHOR = {Ivošević, Jurica and Ganić, Emir and Petošić, Antonio and Radišić, Tomislav},
TITLE = {Comparative UAV Noise-Impact Assessments through Survey and Noise Measurements},
JOURNAL = {International Journal of Environmental Research and Public Health},
VOLUME = {18},
YEAR = {2021},
NUMBER = {12},
ARTICLE-NUMBER = {6202},
ISSN = {1660-4601}
}

@INPROCEEDINGS{9811834,
  author={Olejnik, Diana A. and Wang, Sunyi and Dupeyroux, Julien and Stroobants, Stein and Karasek, Matej and De Wagter, Christophe and de Croon, Guido},
  booktitle={2022 International Conference on Robotics and Automation (ICRA)}, 
  title={An Experimental Study of Wind Resistance and Power Consumption in MAVs with a Low-Speed Multi-Fan Wind System}, 
  year={2022},
  volume={},
  number={},
  pages={2989-2994},
  keywords={Resistance;Performance evaluation;Fans;Power demand;Wind speed;Voltage;Open source software},
  doi={10.1109/ICRA46639.2022.9811834}}


@article{SmartTrap,
  title={Remote insects trap monitoring system using deep learning framework and IoT},
  author={Ramalingam, Balakrishnan and Mohan, Rajesh Elara and Pookkuttath, Sathian and G{\'o}mez, Braulio F{\'e}lix and Sairam Borusu, Charan Satya Chandra and Wee Teng, Tey and Tamilselvam, Yokhesh Krishnasamy},
  journal={Sensors},
  volume={20},
  number={18},
  pages={5280},
  year={2020},
  publisher={MDPI}
}

@article{BETTISORBELLI2023108228,
title = {YOLO-based detection of Halyomorpha halys in orchards using RGB cameras and drones},
journal = {Computers and Electronics in Agriculture},
volume = {213},
pages = {108228},
year = {2023},
issn = {0168-1699},
doi = {https://doi.org/10.1016/j.compag.2023.108228},
url = {https://www.sciencedirect.com/science/article/pii/S0168169923006166},
author = {Francesco {Betti Sorbelli} and others},
}

@Article{agriculture12101745,
AUTHOR = {Dhanaraju, Muthumanickam and Chenniappan, Poongodi and Ramalingam, Kumaraperumal and Pazhanivelan, Sellaperumal and Kaliaperumal, Ragunath},
TITLE = {Smart Farming: Internet of Things (IoT)-Based Sustainable Agriculture},
JOURNAL = {Agriculture},
VOLUME = {12},
YEAR = {2022},
NUMBER = {10},
ARTICLE-NUMBER = {1745},
URL = {https://www.mdpi.com/2077-0472/12/10/1745},
ISSN = {2077-0472},
DOI = {10.3390/agriculture12101745}
}


@misc{Zimmerman2023fully,
    title={Fully Onboard Low-Power Localization with Semantic Sensor Fusion on a  Nano-UAV using Floor Plans},
    author={Nicky Zimmerman and others},
    year={2023},
    month={9},
    eprint={2310.12536},
    archivePrefix={arXiv},
    primaryClass={cs.RO}
}

@INPROCEEDINGS{10160369,
  author={Cereda, E. and others},
  booktitle={2023 IEEE International Conference on Robotics and Automation (ICRA)}, 
  title={Deep Neural Network Architecture Search for Accurate Visual Pose Estimation aboard Nano-UAVs}, 
  year={2023},
  volume={},
  number={},
  pages={6065-6071},
  keywords={Performance evaluation;Visualization;Power demand;Pose estimation;Throughput;Real-time systems;System-on-chip},
  doi={10.1109/ICRA48891.2023.10160369}}

@INPROCEEDINGS{10342162,
  title={Sim-to-Real Vision-Depth Fusion CNNs for Robust Pose Estimation Aboard Autonomous Nano-quadcopters},
  author={Crupi, Luca and Cereda, Elia and Giusti, Alessandro and Palossi, Daniele},
  booktitle={2023 IEEE/RSJ International Conference on Intelligent Robots and Systems (IROS)},
  pages={7711--7717},
  year={2023},
  organization={IEEE}
}

@inproceedings{palossi2017self,
  title={Self-sustainability in nano unmanned aerial vehicles: A blimp case study},
  author={Palossi, Daniele and Gomez, Andres and Draskovic, Stefan and Keller, Kevin and Benini, Luca and Thiele, Lothar},
  booktitle={Proceedings of the computing frontiers conference},
  pages={79--88},
  year={2017}
}

@article{preti2021insect,
  title={Insect pest monitoring with camera-equipped traps: Strengths and limitations},
  author={Preti, Michele and Verheggen, Fran{\c{c}}ois and Angeli, Sergio},
  journal={Journal of pest science},
  volume={94},
  number={2},
  pages={203--217},
  year={2021},
  publisher={Springer}
}



@inproceedings{RCNN,
  title={Rich feature hierarchies for accurate object detection and semantic segmentation},
  author={Girshick, Ross and others},
  booktitle={Proceedings of the IEEE conference on computer vision and pattern recognition},
  pages={580--587},
  year={2014}
}

@inproceedings{FastRCNN,
  title={Fast r-cnn},
  author={Girshick, Ross},
  booktitle={Proceedings of the IEEE international conference on computer vision},
  pages={1440--1448},
  year={2015}
}

@article{FasterRCNN,
  title={Faster r-cnn: Towards real-time object detection with region proposal networks},
  author={Ren, Shaoqing and He, Kaiming and Girshick, Ross and Sun, Jian},
  journal={Advances in neural information processing systems},
  volume={28},
  year={2015}
}

@article{SurveyObjectDetection,
  title={Object detection in 20 years: A survey},
  author={Zou, Zhengxia and others},
  journal={Proceedings of the IEEE},
  year={2023},
  publisher={IEEE}
}

@inproceedings{FPN,
  title={Feature pyramid networks for object detection},
  author={Lin, Tsung-Yi and others},
  booktitle={Proceedings of the IEEE conference on computer vision and pattern recognition},
  pages={2117--2125},
  year={2017}
}

@inproceedings{YOLO,
  title={You only look once: Unified, real-time object detection},
  author={Redmon, Joseph and others},
  booktitle={Proceedings of the IEEE conference on computer vision and pattern recognition},
  pages={779--788},
  year={2016}
}

@inproceedings{SSD,
  title={Ssd: Single shot multibox detector},
  author={Liu, Wei and others},
  booktitle={Computer Vision--ECCV 2016: 14th European Conference, Amsterdam, The Netherlands, October 11--14, 2016, Proceedings, Part I 14},
  pages={21--37},
  year={2016},
  organization={Springer}
}

@inproceedings{RetinaNet,
  title={Focal loss for dense object detection},
  author={Lin, Tsung-Yi and others},
  booktitle={Proceedings of the IEEE international conference on computer vision},
  pages={2980--2988},
  year={2017}
}

@inproceedings{CornerNet,
  title={Cornernet: Detecting objects as paired keypoints},
  author={Law, Hei and others},
  booktitle={Proceedings of the European conference on computer vision (ECCV)},
  pages={734--750},
  year={2018}
}

@inproceedings{CenterNet,
  title={Centernet: Keypoint triplets for object detection},
  author={Duan, Kaiwen and others},
  booktitle={Proceedings of the IEEE/CVF international conference on computer vision},
  pages={6569--6578},
  year={2019}
}

@article{ViT,
  title={An image is worth 16x16 words: Transformers for image recognition at scale},
  author={Dosovitskiy, Alexey and others},
  journal={arXiv preprint arXiv:2010.11929},
  year={2020}
}

@inproceedings{DETR,
  title={End-to-end object detection with transformers},
  author={Carion, Nicolas and others},
  booktitle={European conference on computer vision},
  pages={213--229},
  year={2020},
  organization={Springer}
}

@article{RFCN,
  title={R-fcn: Object detection via region-based fully convolutional networks},
  author={Dai, Jifeng and others},
  journal={Advances in neural information processing systems},
  volume={29},
  year={2016}
}

@inproceedings{Swin,
  title={Swin transformer: Hierarchical vision transformer using shifted windows},
  author={Liu, Ze and others},
  booktitle={Proceedings of the IEEE/CVF international conference on computer vision},
  pages={10012--10022},
  year={2021}
}

@article{YOLOInsect1,
  title={Deep learning-based system development for black pine bast scale detection},
  author={Yun, Wonsub and others},
  journal={Scientific reports},
  volume={12},
  number={1},
  pages={606},
  year={2022},
  publisher={Nature Publishing Group UK London}
}

@article{YOLOInsect2,
  title={MD-YOLO: Multi-scale Dense YOLO for small target pest detection},
  author={Tian, Yunong and others},
  journal={Computers and Electronics in Agriculture},
  volume={213},
  pages={108233},
  year={2023},
  publisher={Elsevier}
}

@article{YOLOInsect3,
  title={A New Pest Detection Method Based on Improved YOLOv5m},
  author={Dai, Min and others},
  journal={Insects},
  volume={14},
  number={1},
  pages={54},
  year={2023},
  publisher={MDPI}
}

@article{ComparisonInsect1,
  title={Pest24: A large-scale very small object data set of agricultural pests for multi-target detection},
  author={Wang, Qi-Jin and others},
  journal={Computers and Electronics in Agriculture},
  volume={175},
  pages={105585},
  year={2020},
  publisher={Elsevier}
}

@article{FasterRCNNInsect1,
  title={Brown rice planthopper (Nilaparvata lugens Stal) detection based on deep learning},
  author={He, Yue and others},
  journal={Precision Agriculture},
  volume={21},
  number={6},
  pages={1385--1402},
  year={2020},
  publisher={Springer}
}

@article{FasterRCNNInsect2,
  title={Faster-PestNet: A Lightweight deep learning framework for crop pest detection and classification},
  author={Ali, Farooq and Qayyum, Huma and Iqbal, Muhammad Javed},
  journal={IEEE Access},
  year={2023},
  publisher={IEEE}
}

@article{SSDInsect1,
  title={Transfer Learning-Based Lightweight SSD Model for Detection of Pests in Citrus},
  author={Wang, Linhui and others},
  journal={Agronomy},
  volume={13},
  number={7},
  pages={1710},
  year={2023},
  publisher={MDPI}
}

@article{SSDInsect2,
  title={Precision Corn Pest Detection: Two-Step Transfer Learning for Beetles (Coleoptera) with MobileNet-SSD},
  author={Maican, Edmond and others},
  journal={Agriculture},
  volume={13},
  number={12},
  pages={2287},
  year={2023},
  publisher={MDPI}
}

@article{RetinaNetInsect1,
  title={Automatic in-trap pest detection using deep learning for pheromone-based Dendroctonus valens monitoring},
  author={Sun, Yu and others},
  journal={Biosystems engineering},
  volume={176},
  pages={140--150},
  year={2018},
  publisher={Elsevier}
}

@article{RFCNInsect1,
  title={Detection and identification of stored-grain insects using deep learning: A more effective neural network},
  author={Shi, Zhichao and others},
  journal={IEEE Access},
  volume={8},
  pages={163703--163714},
  year={2020},
  publisher={IEEE}
}

@article{TransformerInsect1,
  title={Improved Pest-YOLO: Real-time pest detection based on efficient channel attention mechanism and transformer encoder},
  author={Tang, Zhe and others},
  journal={Ecological Informatics},
  volume={78},
  pages={102340},
  year={2023},
  publisher={Elsevier}
}

@article{TransformerInsect2,
  title={RS Transformer: A Two-Stage Region Proposal Using Swin Transformer for Few-Shot Pest Detection in Automated Agricultural Monitoring Systems},
  author={Wu, Tengyue and others},
  journal={Applied Sciences},
  volume={13},
  number={22},
  pages={12206},
  year={2023},
  publisher={MDPI}
}

@article{PestNet,
  title={PestNet: An end-to-end deep learning approach for large-scale multi-class pest detection and classification},
  author={Liu, Liu and others},
  journal={Ieee Access},
  volume={7},
  pages={45301--45312},
  year={2019},
  publisher={Institute of Electrical and Electronics Engineers (IEEE)}
}

@article{TPestNet,
  title={Field detection of tiny pests from sticky trap images using deep learning in agricultural greenhouse},
  author={Li, Wenyong and Wang, Dujin and Li, Ming and Gao, Yulin and Wu, Jianwei and Yang, Xinting},
  journal={Computers and Electronics in Agriculture},
  volume={183},
  pages={106048},
  year={2021},
  publisher={Elsevier}
}

@article{GlobalLocalPestNet,
  title={Deep learning based automatic multiclass wild pest monitoring approach using hybrid global and local activated features},
  author={Liu, Liu and others},
  journal={IEEE Transactions on Industrial Informatics},
  volume={17},
  number={11},
  pages={7589--7598},
  year={2020},
  publisher={IEEE}
}

@article{SRPNNet,
  title={S-RPN: Sampling-balanced region proposal network for small crop pest detection},
  author={Wang, Rujing and others},
  journal={Computers and Electronics in Agriculture},
  volume={187},
  pages={106290},
  year={2021},
  publisher={Elsevier}
}

@article{PestDetectionSurvey,
  title={A Systematic Review on Automatic Insect Detection Using Deep Learning},
  author={Teixeira, Ana Cl{\'a}udia and Ribeiro, Jos{\'e} and Morais, Raul and Sousa, Joaquim J and Cunha, Ant{\'o}nio},
  journal={Agriculture},
  volume={13},
  number={3},
  pages={713},
  year={2023},
  publisher={MDPI}
}

@article{howard2017mobilenets,
  title={Mobilenets: Efficient convolutional neural networks for mobile vision applications},
  author={Howard, Andrew G and others},
  journal={arXiv preprint arXiv:1704.04861},
  year={2017}
}

@misc{torchinfo,
author = {Yep, Tyler},
month = {3},
title = {torchinfo},
url = {https://github.com/TylerYep/torchinfo},
year = {2020}
}

@inproceedings{rodic2012ambientally,
  title={Ambientally Aware Bi-Functional Ground-Aerial Robot-Sensor Networked System for Remote Environmental Surveillance and Monitoring Tasks},
  author={Rodic, Aleksandar and Mester, Gyula},
  booktitle={Proceedings of the 55th ETRAN Conference, Section Robotics, Vol. RO2},
  volume={5},
  pages={1--4},
  year={2012}
}

@ARTICLE{8955969,
  author={Krizmancic, Marko and Arbanas, Barbara and Petrovic, Tamara and Petric, Frano and Bogdan, Stjepan},
  journal={IEEE Robotics and Automation Letters}, 
  title={Cooperative Aerial-Ground Multi-Robot System for Automated Construction Tasks}, 
  year={2020},
  volume={5},
  number={2},
  pages={798-805},
  keywords={Task analysis;Robot kinematics;Planning;Multi-robot systems;Unmanned aerial vehicles;Collaboration;Multi-Robot systems;planning;robotics in construction;scheduling and coordination},
  doi={10.1109/LRA.2020.2965855}}


@Article{s16071018,
AUTHOR = {Roldán, Juan Jesús and Garcia-Aunon, Pablo and Garzón, Mario and De León, Jorge and Del Cerro, Jaime and Barrientos, Antonio},
TITLE = {Heterogeneous Multi-Robot System for Mapping Environmental Variables of Greenhouses},
JOURNAL = {Sensors},
VOLUME = {16},
YEAR = {2016},
NUMBER = {7},
ARTICLE-NUMBER = {1018},
URL = {https://www.mdpi.com/1424-8220/16/7/1018},
PubMedID = {27376297},
ISSN = {1424-8220},
ABSTRACT = {The productivity of greenhouses highly depends on the environmental conditions of crops, such as temperature and humidity. The control and monitoring might need large sensor networks, and as a consequence, mobile sensory systems might be a more suitable solution. This paper describes the application of a heterogeneous robot team to monitor environmental variables of greenhouses. The multi-robot system includes both ground and aerial vehicles, looking to provide flexibility and improve performance. The multi-robot sensory system measures the temperature, humidity, luminosity and carbon dioxide concentration in the ground and at different heights. Nevertheless, these measurements can be complemented with other ones (e.g., the concentration of various gases or images of crops) without a considerable effort. Additionally, this work addresses some relevant challenges of multi-robot sensory systems, such as the mission planning and task allocation, the guidance, navigation and control of robots in greenhouses and the coordination among ground and aerial vehicles. This work has an eminently practical approach, and therefore, the system has been extensively tested both in simulations and field experiments.},
DOI = {10.3390/s16071018}
}


@article{TransferLearning,
  title={A comprehensive survey on transfer learning},
  author={Zhuang, Fuzhen and others},
  journal={Proceedings of the IEEE},
  volume={109},
  number={1},
  pages={43--76},
  year={2020},
  publisher={IEEE}
}

@article{VGG,
  title={Very deep convolutional networks for large-scale image recognition},
  author={Simonyan, Karen and others},
  journal={arXiv preprint arXiv:1409.1556},
  year={2014}
}

@inproceedings{DenseNet,
  title={Densely connected convolutional networks},
  author={Huang, Gao and others},
  booktitle={Proceedings of the IEEE conference on computer vision and pattern recognition},
  pages={4700--4708},
  year={2017}
}

@inproceedings{ResNet,
  title={Deep residual learning for image recognition},
  author={He, Kaiming and others},
  booktitle={Proceedings of the IEEE conference on computer vision and pattern recognition},
  pages={770--778},
  year={2016}
}

% An example of a IEEEtran control entry which can change some IEEEtran.bst
% settings. An entry like this must be cited via \bstctlcite{} command
% before the first real \cite{}. The same entry key cannot be called twice
% (just like multiple \cite{} of the same entry key place only one entry
% in the bibliography.)
% The available control fields are:
% 
% CTLuse_article_number
% "no" turns off the display of the number for articles.
% "yes" enables
%
% CTLuse_paper
% "no" turns off the display of the paper and type fields in inproceedings.
% "yes" enables
% 
% CTLuse_forced_etal 
% "no" turns off the forced use of "et al."
% "yes" enables
% 
% CTLmax_names_forced_etal
% The maximum number of names that can be present beyond which an "et al."
% usage is forced. Be sure that CTLnames_show_etal (below)
% is not greater than this value!
% 
% CTLnames_show_etal
% The number of names that will be shown with a forced "et al.".
% Must be less than or equal to CTLmax_names_forced_etal
% 
% CTLuse_alt_spacing 
% "no" turns off the alternate interword spacing for entries with URLs.
% "yes" enables
% 
% CTLalt_stretch_factor
% If alternate interword spacing for entries with URLs is enabled, this is
% the interword spacing stretch factor that will be used. For example, the
% default "4" here means that the interword spacing in entries with URLs can
% stretch to four times normal. Does not have to be an integer.
% 
% CTLdash_repeated_names
% "no" turns off the "dashification" of repeated (i.e., identical to those
% of the previous entry) names. IEEE normally does this.
% "yes" enables
% 
% CTLname_format_string
% The name format control string as explained in the BibTeX style hacking
% guide.
% IEEE style "{f.~}{vv~}{ll}{, jj}" is the default,
% 
% CTL_name_latex_cmd
% A LaTeX command that each name will be fed to (e.g., "\textsc").
% Leave empty if no special font is desired for the names.
% The default is empty.
% 
% Those fields that are not to be changed can be left out or empty.
@IEEEtranBSTCTL{IEEEexample:BSTcontrol,
  CTLuse_article_number     = "yes",
  CTLuse_paper              = "yes",
  CTLuse_forced_etal        = "no",
  CTLmax_names_forced_etal  = "10",
  CTLnames_show_etal        = "1",
  CTLuse_alt_spacing        = "yes",
  CTLalt_stretch_factor     = "4",
  CTLdash_repeated_names    = "yes",
  CTLname_format_string     = "{f.~}{vv~}{ll}{, jj}",
  CTLname_latex_cmd         = ""
};


@inproceedings{lowe1999object,
  title={Object recognition from local scale-invariant features},
  author={Lowe, David G},
  booktitle={Proceedings of the seventh IEEE international conference on computer vision},
  volume={2},
  pages={1150--1157},
  year={1999},
  organization={Ieee}
}


#IOT OBJECT DETECTION



@article{RAHMAN2021100015,
title = {IoT Enabled Automated Object Recognition for the Visually Impaired},
journal = {Computer Methods and Programs in Biomedicine Update},
volume = {1},
pages = {100015},
year = {2021},
issn = {2666-9900},
doi = {https://doi.org/10.1016/j.cmpbup.2021.100015},
author = {Md. Atikur Rahman and others},
keywords = {Object Recognition, Visually Impaired, Single Shot Detection, Internet of Things (IoT), Currency Recognition}
}


@INPROCEEDINGS{10137154,
author={Lamberti, Lorenzo and others},
booktitle={2023 Design, Automation \& Test in Europe Conference \& Exhibition (DATE)}, 
title={Bio-inspired Autonomous Exploration Policies with CNN-based Object Detection on Nano-drones}, 
year={2023},
volume={},
number={},
pages={1-6},
keywords={Image sensors;Navigation;Microcontrollers;Object detection;Throughput;Search problems;Convolutional neural networks},
doi={10.23919/DATE56975.2023.10137154}}



@inproceedings{rusci2023parallel,
  title={Parallel Execution of the Viola-Jones Algorithm on MCUs for Low-Cost Automated Pest Detection},
  author={Rusci, Manuele and others},
  booktitle={2023 IEEE Conference on AgriFood Electronics (CAFE)},
  pages={35--39},
  year={2023},
  organization={IEEE}
}

@INPROCEEDINGS{10291634,
  author={Rusci, Manuele and others},
  booktitle={2023 IEEE Conference on AgriFood Electronics (CAFE)}, 
  title={Parallel Execution of the Viola-Jones Algorithm on MCUs for Low-Cost Automated Pest Detection}, 
  year={2023},
  volume={},
  number={},
  pages={35-39},
  keywords={Image sensors;Microcontrollers;Memory management;Pipelines;Smart cameras;Energy measurement;Detectors;Viola-Jones;MicroController;MCU;Pest Detection;Smart Agriculture;Codling Moth},
  doi={10.1109/CAFE58535.2023.10291634}}


@INPROCEEDINGS{9401730,

  author={Lamberti, Lorenzo and others},

  booktitle={2021 IEEE International Symposium on Circuits and Systems (ISCAS)}, 

  title={Low-Power License Plate Detection and Recognition on a RISC-V Multi-Core MCU-Based Vision System}, 

  year={2021},

  volume={},

  number={},

  pages={1-5},

  keywords={Visualization;Pipelines;License plate recognition;Turning;Optical character recognition software;Character recognition;Task analysis},

  doi={10.1109/ISCAS51556.2021.9401730}}


@ARTICLE{9740044,

  author={Liang, Siyuan and others},

  journal={IEEE Transactions on Intelligent Transportation Systems}, 

  title={Edge YOLO: Real-Time Intelligent Object Detection System Based on Edge-Cloud Cooperation in Autonomous Vehicles}, 

  year={2022},

  volume={23},

  number={12},

  pages={25345-25360},

  keywords={Image edge detection;Object detection;Edge computing;Cloud computing;Real-time systems;Computational modeling;Performance evaluation;Intelligent transportation system;deep learning;object detection;edge-cloud cooperation;convolutional neural networks},

  doi={10.1109/TITS.2022.3158253}}




# Se possibile cambiare con articoli conference

@misc{humes2023squeezed,
      title={Squeezed Edge YOLO: Onboard Object Detection on Edge Devices}, 
      author={Edward Humes and others},
      year={2023},
      eprint={2312.11716},
      archivePrefix={arXiv},
      primaryClass={cs.CV}
}

@article{JU2021104925,
  title={Insecticide resistance in the Cydia pomonella (L): Global status, mechanisms, and research directions},
  author={Ju, Di and Mota-Sanchez, David and Fuentes-Contreras, Eduardo and Zhang, Ya-Lin and Wang, Xiao-Qi and Yang, Xue-Qing},
  journal={Pesticide Biochemistry and Physiology},
  volume={178},
  pages={104925},
  year={2021},
  publisher={Elsevier}
}

% ROUTING
@article{cheikhrouhou2021comprehensive,
  title={A comprehensive survey on the Multiple Traveling Salesman Problem: Applications, approaches and taxonomy},
  author={Cheikhrouhou, Omar and Khoufi, Ines},
  journal={Computer Science Review},
  volume={40},
  pages={100369},
  year={2021},
  publisher={Elsevier}
}
@inproceedings{oberlin2009transformation,
  title={A transformation for a multiple depot, multiple traveling salesman problem},
  author={Oberlin, Paul and Rathinam, Sivakumar and Darbha, Swaroop},
  booktitle={2009 American Control Conference},
  pages={2636--2641},
  year={2009},
  organization={IEEE}
}
@article{sundar2017algorithms,
  title={Algorithms for heterogeneous, multiple depot, multiple unmanned vehicle path planning problems},
  author={Sundar, Kaarthik and Rathinam, Sivakumar},
  journal={Journal of Intelligent \& Robotic Systems},
  volume={88},
  pages={513--526},
  year={2017},
  publisher={Springer}
}
@inproceedings{al2019comparative,
  title={Comparative study of crossover operators for the MTSP},
  author={Al-Omeer, Maha Ata and Ahmed, Zakir Hussain},
  booktitle={2019 International Conference on Computer and Information Sciences (ICCIS)},
  pages={1--6},
  year={2019},
  organization={IEEE}
}


@misc{rajapakshe2023coll,
      title={Collaborative Ground-Aerial Multi-Robot System for Disaster Response Missions with a Low-Cost Drone Add-On for Off-the-Shelf Drones}, 
      author={Shalutha Rajapakshe and Dilanka Wickramasinghe and Sahan Gurusinghe and Deepana Ishtaweera and Bhanuka Silva and Peshala Jayasekara and Nick Panitz and Paul Flick and Navinda Kottege},
      year={2023},
      eprint={2304.06992},
      archivePrefix={arXiv},
      primaryClass={cs.RO},
      url={https://arxiv.org/abs/2304.06992}, 
}

@article{chatziparaschis2020aerial,
   title={Aerial and ground robot collaboration for autonomous mapping in search and rescue missions},
   author={Chatziparaschis, Dimitrios and Lagoudakis, Michail G and Partsinevelos, Panagiotis},
  journal={Drones},
   volume={4},
   number={4},
   pages={79},
   year={2020},
   publisher={MDPI}
 }

@article{tahmasebi2022autonomous,
  title={An autonomous pesticide sprayer robot with a color-based vision system},
  author={Tahmasebi, Mona and Gohari, Mohammad and Emami, Alireza},
  journal={International Journal of Robotics and Control Systems},
  volume={2},
  number={1},
  pages={115--123},
  year={2022}
}

@misc{müller2024gap9shield150gopsaicapableultralow,
      title={GAP9Shield: A 150GOPS AI-capable Ultra-low Power Module for Vision and Ranging Applications on Nano-drones}, 
      author={Hanna Müller and Victor Kartsch and Luca Benini},
      year={2024},
      eprint={2407.13706},
      archivePrefix={arXiv},
      primaryClass={cs.RO},
      url={https://arxiv.org/abs/2407.13706}, 
}

@INPROCEEDINGS{6630610,
  author={Guzzi, Jérôme and Giusti, Alessandro and Gambardella, Luca M. and Theraulaz, Guy and Di Caro, Gianni A.},
  booktitle={2013 IEEE International Conference on Robotics and Automation}, 
  title={Human-friendly robot navigation in dynamic environments}, 
  year={2013},
  volume={},
  number={},
  pages={423-430},
  keywords={Robot sensing systems;Collision avoidance;Navigation;Robot kinematics;Trajectory;Safety},
  doi={10.1109/ICRA.2013.6630610}}


@INPROCEEDINGS{10257228,
author={Pourjabar, Mahyar and AlKatheeri, Ahmed and Rusci, Manuele and Barcis, Agata and Niculescu, Vlad and Ferrante, Eliseo and Palossi, Daniele and Benini, Luca},
booktitle={2023 19th International Conference on Distributed Computing in Smart Systems and the Internet of Things (DCOSS-IoT)}, 
title={Land \& Localize: An Infrastructure-free and Scalable Nano-Drones Swarm with UWB-based Localization}, 
year={2023},
volume={},
number={},
pages={654-660},
keywords={Location awareness;Power demand;Costs;Internet of Things;Task analysis;Root mean square;Distributed computing;UAV;nano-drone swarm;ultra-wideband;on-board localization;indoor tracking},
doi={10.1109/DCOSS-IoT58021.2023.00104}}

@article{bolanos2015multiobjective,
  title={A multiobjective non-dominated sorting genetic algorithm (NSGA-II) for the Multiple Traveling Salesman Problem},
  author={Bola{\~n}os, Rub{\'e}n and Echeverry, Mauricio and Escobar, John},
  journal={Decision Science Letters},
  volume={4},
  number={4},
  pages={559--568},
  year={2015}
}
@article{yuan2013new,
  title={A new crossover approach for solving the multiple travelling salesmen problem using genetic algorithms},
  author={Yuan, Shuai and Skinner, Bradley and Huang, Shoudong and Liu, Dikai},
  journal={European journal of operational research},
  volume={228},
  number={1},
  pages={72--82},
  year={2013},
  publisher={Elsevier}
}
@article{wei2020particle,
  title={Particle swarm optimization for cooperative multi-robot task allocation: a multi-objective approach},
  author={Wei, Changyun and Ji, Ze and Cai, Boliang},
  journal={IEEE Robotics and Automation Letters},
  volume={5},
  number={2},
  pages={2530--2537},
  year={2020},
  publisher={IEEE}
}
@article{lu2019mission,
  title={Mission-oriented ant-team ACO for min--max MTSP},
  author={Lu, Li-Chih and Yue, Tai-Wen},
  journal={Applied Soft Computing},
  volume={76},
  pages={436--444},
  year={2019},
  publisher={Elsevier}
}
@article{venkatesh2015two,
  title={Two metaheuristic approaches for the multiple traveling salesperson problem},
  author={Venkatesh, Pandiri and Singh, Alok},
  journal={Applied Soft Computing},
  volume={26},
  pages={74--89},
  year={2015},
  publisher={Elsevier}
}
@article{kivelevitch2013market,
  title={A market-based solution to the multiple traveling salesmen problem},
  author={Kivelevitch, Elad and Cohen, Kelly and Kumar, Manish},
  journal={Journal of Intelligent \& Robotic Systems},
  volume={72},
  pages={21--40},
  year={2013},
  publisher={Springer}
}
@article{elango2011balancing,
  title={Balancing task allocation in multi-robot systems using K-means clustering and auction based mechanisms},
  author={Elango, Murugappan and Nachiappan, Subramanian and Tiwari, Manoj Kumar},
  journal={Expert Systems with Applications},
  volume={38},
  number={6},
  pages={6486--6491},
  year={2011},
  publisher={Elsevier}
}
@article{koubaa2017move,
  title={Move and improve: a market-based mechanism for the multiple depot multiple travelling salesmen problem},
  author={Koub{\^a}a, Anis and Cheikhrouhou, Omar and Bennaceur, Hachemi and Sriti, Mohamed-Foued and Javed, Yasir and Ammar, Adel},
  journal={Journal of Intelligent \& Robotic Systems},
  volume={85},
  pages={307--330},
  year={2017},
  publisher={Springer}
}
@article{wichmann2015smooth,
  title={Smooth path construction and adjustment for multiple mobile sinks in wireless sensor networks},
  author={Wichmann, Andrew and Korkmaz, Turgay},
  journal={Computer Communications},
  volume={72},
  pages={93--106},
  year={2015},
  publisher={Elsevier}
}
@inproceedings{hayat2017multi,
  title={Multi-objective UAV path planning for search and rescue},
  author={Hayat, Samira and Yanmaz, Ev{\c{s}}en and Brown, Timothy X and Bettstetter, Christian},
  booktitle={2017 IEEE international conference on robotics and automation (ICRA)},
  pages={5569--5574},
  year={2017},
  organization={IEEE}
}
@inproceedings{ma2019coordinated,
  title={Coordinated optimization algorithm combining GA with cluster for multi-UAVs to multi-tasks task assignment and path planning},
  author={Ma, Yunhong and Zhang, Heng and Zhang, Yaozhong and Gao, Ruizhou and Xu, Zhao and Yang, Jie},
  booktitle={2019 IEEE 15th International Conference on Control and Automation (ICCA)},
  pages={1026--1031},
  year={2019},
  organization={IEEE}
}
@inproceedings{chen2019multi,
  title={Multi-region coverage path planning for heterogeneous unmanned aerial vehicles systems},
  author={Chen, Jinchao and Du, Chenglie and Lu, Xu and Chen, Keke},
  booktitle={2019 IEEE International Conference on Service-Oriented System Engineering (SOSE)},
  pages={356--3565},
  year={2019},
  organization={IEEE}
}
@inproceedings{du2017precision,
  title={A precision spraying mission assignment and path planning performed by multi-quadcopters},
  author={Du, Baihui},
  booktitle={2017 2nd International Conference on Electrical, Control and Automation Engineering (ECAE 2017)},
  pages={233--237},
  year={2017},
  organization={Atlantis Press}
}
@article{hu2020reinforcement,
  title={A reinforcement learning approach for optimizing multiple traveling salesman problems over graphs},
  author={Hu, Yujiao and Yao, Yuan and Lee, Wee Sun},
  journal={Knowledge-Based Systems},
  volume={204},
  pages={106244},
  year={2020},
  publisher={Elsevier}
}
@article{hossain2022local,
  title={Local path planning for autonomous mobile robots by integrating modified dynamic-window approach and improved follow the gap method},
  author={Hossain, Tagor and Habibullah, Habibullah and Islam, Rafiqul and Padilla, Ricardo V},
  journal={Journal of Field Robotics},
  volume={39},
  number={4},
  pages={371--386},
  year={2022},
  publisher={Wiley Online Library}
}
@article{marin2018global,
  title={Global and local path planning study in a ROS-based research platform for autonomous vehicles},
  author={Marin-Plaza, Pablo and Hussein, Ahmed and Martin, David and Escalera, Arturo de la},
  journal={Journal of Advanced Transportation},
  volume={2018},
  number={1},
  pages={6392697},
  year={2018},
  publisher={Wiley Online Library}
}
@inproceedings{rosmann2013efficient,
  title={Efficient trajectory optimization using a sparse model},
  author={R{\"o}smann, Christoph and Feiten, Wendelin and W{\"o}sch, Thomas and Hoffmann, Frank and Bertram, Torsten},
  booktitle={2013 European Conference on Mobile Robots},
  pages={138--143},
  year={2013},
  organization={IEEE}
}
@article{sezer2012novel,
  title={A novel obstacle avoidance algorithm:“Follow the Gap Method”},
  author={Sezer, Volkan and Gokasan, Metin},
  journal={Robotics and Autonomous Systems},
  volume={60},
  number={9},
  pages={1123--1134},
  year={2012},
  publisher={Elsevier}
}
@article{fox1997dynamic,
  title={The dynamic window approach to collision avoidance},
  author={Fox, Dieter and Burgard, Wolfram and Thrun, Sebastian},
  journal={IEEE Robotics \& Automation Magazine},
  volume={4},
  number={1},
  pages={23--33},
  year={1997},
  publisher={IEEE}
}
@inproceedings{khatib1985real,
  title={Real-time obstacle avoidance for manipulators and mobile robots},
  author={Khatib, Oussama},
  booktitle={Proceedings. 1985 IEEE international conference on robotics and automation},
  volume={2},
  pages={500--505},
  year={1985},
  organization={IEEE}
}
@article{borenstein1991vector,
  title={The vector field histogram-fast obstacle avoidance for mobile robots},
  author={Borenstein, Johann and Koren, Yoram and others},
  journal={IEEE transactions on robotics and automation},
  volume={7},
  number={3},
  pages={278--288},
  year={1991}
}
@inproceedings{ulrich1998vfh+,
  title={VFH+: Reliable obstacle avoidance for fast mobile robots},
  author={Ulrich, Iwan and Borenstein, Johann},
  booktitle={Proceedings. 1998 IEEE international conference on robotics and automation (Cat. No. 98CH36146)},
  volume={2},
  pages={1572--1577},
  year={1998},
  organization={IEEE}
}
@inproceedings{ulrich2000vfh,
  title={VFH/sup*: Local obstacle avoidance with look-ahead verification},
  author={Ulrich, Iwan and Borenstein, Johann},
  booktitle={Proceedings 2000 ICRA. Millennium Conference. IEEE International Conference on Robotics and Automation. Symposia Proceedings (Cat. No. 00CH37065)},
  volume={3},
  pages={2505--2511},
  year={2000},
  organization={IEEE}
}
@article{hart1968formal,
  title={A formal basis for the heuristic determination of minimum cost paths},
  author={Hart, Peter E and Nilsson, Nils J and Raphael, Bertram},
  journal={IEEE transactions on Systems Science and Cybernetics},
  volume={4},
  number={2},
  pages={100--107},
  year={1968},
  publisher={IEEE}
}

@article{HALIN1969150,
title = {A theorem on n-connected graphs},
journal = {Journal of Combinatorial Theory},
volume = {7},
number = {2},
pages = {150-154},
year = {1969},
issn = {0021-9800},
doi = {https://doi.org/10.1016/S0021-9800(69)80049-9},
url = {https://www.sciencedirect.com/science/article/pii/S0021980069800499},
author = {R. Halin},
abstract = {The following result is proved: Every finite n-connected graph G contains either a vertex of valency n or an edge e such that the graph arising from G by the deletion of e remains n-connected.}
}

@ARTICLE{30720,
  author={Elfes, A.},
  journal={Computer}, 
  title={Using occupancy grids for mobile robot perception and navigation}, 
  year={1989},
  volume={22},
  number={6},
  pages={46-57},
  keywords={Mobile robots;Navigation;Robot sensing systems;Robustness;Service robots;Path planning;Robot kinematics;State estimation;Remotely operated vehicles;Decision making},
  doi={10.1109/2.30720}}

@inproceedings{palossi2019open,
  title={An open source and open hardware deep learning-powered visual navigation engine for autonomous nano-uavs},
  author={Palossi, Daniele and Conti, Francesco and Benini, Luca},
  booktitle={2019 15th International Conference on Distributed Computing in Sensor Systems (DCOSS)},
  pages={604--611},
  year={2019},
  organization={IEEE}
}




% Journals

% First the Full Name is given, then the abbreviation used in the AMS Math
% Reviews, with an indication if it could not be found there.
% Note the 2nd overwrites the 1st, so swap them if you want the full name.

 %{AMS}
 @String{AMSTrans = "American Mathematical Society Translations" }
 @String{AMSTrans = "Amer. Math. Soc. Transl." }
 @String{BullAMS = "Bulletin of the American Mathematical Society" }
 @String{BullAMS = "Bull. Amer. Math. Soc." }
 @String{ProcAMS = "Proceedings of the American Mathematical Society" }
 @String{ProcAMS = "Proc. Amer. Math. Soc." }
 @String{TransAMS = "Transactions of the American Mathematical Society" }
 @String{TransAMS = "Trans. Amer. Math. Soc." }

 %ACM
 @String{CACM = "Communications of the {ACM}" }
 @String{CACM = "Commun. {ACM}" }
 @String{CompServ = "Comput. Surveys" }
 @String{JACM = "J. ACM" }
 @String{ACMMathSoft = "{ACM} Transactions on Mathematical Software" }
 @String{ACMMathSoft = "{ACM} Trans. Math. Software" }
 @String{SIGNUM = "{ACM} {SIGNUM} Newsletter" }
 @String{SIGNUM = "{ACM} {SIGNUM} Newslett." }

 @String{AmerSocio = "American Journal of Sociology" }
 @String{AmerStatAssoc = "Journal of the American Statistical Association" }
 @String{AmerStatAssoc = "J. Amer. Statist. Assoc." }
 @String{ApplMathComp = "Applied Mathematics and Computation" }
 @String{ApplMathComp = "Appl. Math. Comput." }
 @String{AmerMathMonthly = "American Mathematical Monthly" }
 @String{AmerMathMonthly = "Amer. Math. Monthly" }
 @String{BIT = "{BIT}" }
 @String{BritStatPsych = "British Journal of Mathematical and Statistical
          Psychology" }
 @String{BritStatPsych = "Brit. J. Math. Statist. Psych." }
 @String{CanMathBull = "Canadian Mathematical Bulletin" }
 @String{CanMathBull = "Canad. Math. Bull." }
 @String{CompApplMath = "Journal of Computational and Applied Mathematics" }
 @String{CompApplMath = "J. Comput. Appl. Math." }
 @String{CompPhys = "Journal of Computational Physics" }
 @String{CompPhys = "J. Comput. Phys." }
 @String{CompStruct = "Computers and Structures" }
 @String{CompStruct = "Comput. \& Structures" }
 @String{CompJour = "The Computer Journal" }
 @String{CompJour = "Comput. J." }
 @String{CompSysSci = "Journal of Computer and System Sciences" }
 @String{CompSysSci = "J. Comput. System Sci." }
 @String{Computing = "Computing" }
 @String{ContempMath = "Contemporary Mathematics" }
 @String{ContempMath = "Contemp. Math." }
 @String{Crelle = "Crelle's Journal" }
 @String{GiornaleMath = "Giornale di Mathematiche" }
 @String{GiornaleMath = "Giorn. Mat." } % didn't find in AMS MR., ibid.

 %IEEE
 @String{Computer = "{IEEE} Computer" }
 @String{IEEETransComp = "{IEEE} Transactions on Computers" }
 @String{IEEETransComp = "{IEEE} Trans. Comput." }
 @String{IEEETransAC = "{IEEE} Transactions on Automatic Control" }
 @String{IEEETransAC = "{IEEE} Trans. Automat. Control" }
 @String{IEEESpec = "{IEEE} Spectrum" } % didn't find in AMS MR
 @String{ProcIEEE = "Proceedings of the {IEEE}" }
 @String{ProcIEEE = "Proc. {IEEE}" } % didn't find in AMS MR
 @String{IEEETransAeroElec = "{IEEE} Transactions on Aerospace and Electronic
     Systems" }
 @String{IEEETransAeroElec = "{IEEE} Trans. Aerospace Electron. Systems" }

 @String{IMANumerAna = "{IMA} Journal of Numerical Analysis" }
 @String{IMANumerAna = "{IMA} J. Numer. Anal." }
 @String{InfProcLet = "Information Processing Letters" }
 @String{InfProcLet = "Inform. Process. Lett." }
 @String{InstMathApp = "Journal of the Institute of Mathematics and
     its Applications" }
 @String{InstMathApp = "J. Inst. Math. Appl." }
 @String{IntControl = "International Journal of Control" }
 @String{IntControl = "Internat. J. Control" }
 @String{IntNumerEng = "International Journal for Numerical Methods in
     Engineering" }
 @String{IntNumerEng = "Internat. J. Numer. Methods Engrg." }
 @String{IntSuper = "International Journal of Supercomputing Applications" }
 @String{IntSuper = "Internat. J. Supercomputing Applic." } % didn't find
%% in AMS MR
 @String{Kibernetika = "Kibernetika" }
 @String{JResNatBurStand = "Journal of Research of the National Bureau
     of Standards" }
 @String{JResNatBurStand = "J. Res. Nat. Bur. Standards" }
 @String{LinAlgApp = "Linear Algebra and its Applications" }
 @String{LinAlgApp = "Linear Algebra Appl." }
 @String{MathAnaAppl = "Journal of Mathematical Analysis and Applications" }
 @String{MathAnaAppl = "J. Math. Anal. Appl." }
 @String{MathAnnalen = "Mathematische Annalen" }
 @String{MathAnnalen = "Math. Ann." }
 @String{MathPhys = "Journal of Mathematical Physics" }
 @String{MathPhys = "J. Math. Phys." }
 @String{MathComp = "Mathematics of Computation" }
 @String{MathComp = "Math. Comp." }
 @String{MathScand = "Mathematica Scandinavica" }
 @String{MathScand = "Math. Scand." }
 @String{TablesAidsComp = "Mathematical Tables and Other Aids to Computation" }
 @String{TablesAidsComp = "Math. Tables Aids Comput." }
 @String{NumerMath = "Numerische Mathematik" }
 @String{NumerMath = "Numer. Math." }
 @String{PacificMath = "Pacific Journal of Mathematics" }
 @String{PacificMath = "Pacific J. Math." }
 @String{ParDistComp = "Journal of Parallel and Distributed Computing" }
 @String{ParDistComp = "J. Parallel and Distrib. Comput." } % didn't find
%% in AMS MR
 @String{ParComputing = "Parallel Computing" }
 @String{ParComputing = "Parallel Comput." }
 @String{PhilMag = "Philosophical Magazine" }
 @String{PhilMag = "Philos. Mag." }
 @String{ProcNAS = "Proceedings of the National Academy of Sciences
                    of the USA" }
 @String{ProcNAS = "Proc. Nat. Acad. Sci. U. S. A." }
 @String{Psychometrika = "Psychometrika" }
 @String{QuartMath = "Quarterly Journal of Mathematics, Oxford, Series (2)" }
 @String{QuartMath = "Quart. J. Math. Oxford Ser. (2)" }
 @String{QuartApplMath = "Quarterly of Applied Mathematics" }
 @String{QuartApplMath = "Quart. Appl. Math." }
 @String{RevueInstStat = "Review of the International Statisical Institute" }
 @String{RevueInstStat = "Rev. Inst. Internat. Statist." }

 %SIAM
 @String{JSIAM = "Journal of the Society for Industrial and Applied
     Mathematics" }
 @String{JSIAM = "J. Soc. Indust. Appl. Math." }
 @String{JSIAMB = "Journal of the Society for Industrial and Applied
     Mathematics, Series B, Numerical Analysis" }
 @String{JSIAMB = "J. Soc. Indust. Appl. Math. Ser. B Numer. Anal." }
 @String{SIAMAlgMeth = "{SIAM} Journal on Algebraic and Discrete Methods" }
 @String{SIAMAlgMeth = "{SIAM} J. Algebraic Discrete Methods" }
 @String{SIAMAppMath = "{SIAM} Journal on Applied Mathematics" }
 @String{SIAMAppMath = "{SIAM} J. Appl. Math." }
 @String{SIAMComp = "{SIAM} Journal on Computing" }
 @String{SIAMComp = "{SIAM} J. Comput." }
 @String{SIAMMatrix = "{SIAM} Journal on Matrix Analysis and Applications" }
 @String{SIAMMatrix = "{SIAM} J. Matrix Anal. Appl." }
 @String{SIAMNumAnal = "{SIAM} Journal on Numerical Analysis" }
 @String{SIAMNumAnal = "{SIAM} J. Numer. Anal." }
 @String{SIAMReview = "{SIAM} Review" }
 @String{SIAMReview = "{SIAM} Rev." }
 @String{SIAMSciStat = "{SIAM} Journal on Scientific and Statistical
     Computing" }
 @String{SIAMSciStat = "{SIAM} J. Sci. Statist. Comput." }

 @String{SoftPracExp = "Software Practice and Experience" }
 @String{SoftPracExp = "Software Prac. Experience" } % didn't find in AMS MR
 @String{StatScience = "Statistical Science" }
 @String{StatScience = "Statist. Sci." }
 @String{Techno = "Technometrics" }
 @String{USSRCompMathPhys = "{USSR} Computational Mathematics and Mathematical
     Physics" }
 @String{USSRCompMathPhys = "{U. S. S. R.} Comput. Math. and Math. Phys." }
 @String{VLSICompSys = "Journal of {VLSI} and Computer Systems" }
 @String{VLSICompSys = "J. {VLSI} Comput. Syst." }
 @String{ZAngewMathMech = "Zeitschrift fur Angewandte Mathematik und
     Mechanik" }
 @String{ZAngewMathMech = "Z. Angew. Math. Mech." }
 @String{ZAngewMathPhys = "Zeitschrift fur Angewandte Mathematik und Physik" }
 @String{ZAngewMathPhys = "Z. Angew. Math. Phys." }

% Publishers % ================================================= |

 @String{Academic = "Academic Press" }
 @String{ACMPress = "{ACM} Press" }
 @String{AdamHilger = "Adam Hilger" }
 @String{AddisonWesley = "Addison-Wesley" }
 @String{AllynBacon = "Allyn and Bacon" }
 @String{AMS = "American Mathematical Society" }
 @String{Birkhauser = "Birkha{\"u}ser" }
 @String{CambridgePress = "Cambridge University Press" }
 @String{Chelsea = "Chelsea" }
 @String{ClaredonPress = "Claredon Press" }
 @String{DoverPub = "Dover Publications" }
 @String{Eyolles = "Eyolles" }
 @String{HoltRinehartWinston = "Holt, Rinehart and Winston" }
 @String{Interscience = "Interscience" }
 @String{JohnsHopkinsPress = "The Johns Hopkins University Press" }
 @String{JohnWileySons = "John Wiley and Sons" }
 @String{Macmillan = "Macmillan" }
 @String{MathWorks = "The Math Works Inc." }
 @String{McGrawHill = "McGraw-Hill" }
 @String{NatBurStd = "National Bureau of Standards" }
 @String{NorthHolland = "North-Holland" }
 @String{OxfordPress = "Oxford University Press" }  %address Oxford or London?
 @String{PergamonPress = "Pergamon Press" }
 @String{PlenumPress = "Plenum Press" }
 @String{PrenticeHall = "Prentice-Hall" }
 @String{SIAMPub = "{SIAM} Publications" }
 @String{Springer = "Springer-Verlag" }
 @String{TexasPress = "University of Texas Press" }
 @String{VanNostrand = "Van Nostrand" }
 @String{WHFreeman = "W. H. Freeman and Co." }

%Entries

@Article{Abril07,
  author        = "Patricia S. Abril and Robert Plant",
  title         = "The patent holder's dilemma: Buy, sell, or troll?",
  journal       = "Communications of the ACM",
  volume        = "50",
  number        = "1",
  month         = jan,
  year          = "2007",
  pages         = "36--44",
  doi           = "10.1145/1188913.1188915",
  url           = "http://doi.acm.org/10.1145/1219092.1219093",
  note          = "",
}

@Article{Cohen07,
  author        = "Sarah Cohen and Werner Nutt and Yehoshua Sagic",
  title         = "Deciding equivalances among conjunctive aggregate queries",
  journal       = JACM,
  articleno     = 5,
  numpages      = 50,
  volume        = 54,
  number        = 2,
  month         = apr,
  year          = 2007,
  doi           = "10.1145/1219092.1219093",
  url           = "http://doi.acm.org/10.1145/1219092.1219093",
  acmid         = 1219093,
}


@periodical{JCohen96,
  key =          "Cohen",
  editor =       "Jacques Cohen",
  title =        "Special issue: Digital Libraries",
  journal =      CACM,
  volume =       "39",
  number =       "11",
  month =        nov,
  year =         "1996",
}


@Book{Kosiur01,
  author =       "David Kosiur",
  title =        "Understanding Policy-Based Networking",
  publisher =    "Wiley",
  year =         "2001",
  address =      "New York, NY",
  edition =      "2nd.",
  editor =       "",
  volume =       "",
  number =       "",
  series =       "",
  month =        "",
  note =         "",
}


@Book{Harel79,
  author =       "David Harel",
  year =         "1979",
  title =        "First-Order Dynamic Logic",
  series =       "Lecture Notes in Computer Science",
  volume =       "68",
  address =      "New York, NY",
  publisher =    "Springer-Verlag",
  doi =          "10.1007/3-540-09237-4",
  url =          "http://dx.doi.org/10.1007/3-540-09237-4",
  editor =       "",
  number =       "",
  month =        "",
  note =         "",
}


@Inbook{Editor00,
  author =       "",
  editor =       "Ian Editor",
  title =        "The title of book one",
  subtitle =     "The book subtitle",
  series =       "The name of the series one",
  year =         "2007",
  volume =       "9",
  address =      "Chicago",
  edition =      "1st.",
  publisher =    "University of Chicago Press",
  doi =          "10.1007/3-540-09237-4",
  url =          "http://dx.doi.org/10.1007/3-540-09456-9",
  chapter =      "",
  pages =        "",
  number =       "",
  type =         "",
  month =        "",
  note =         "",
}

%
@InBook{Editor00a,
  author =       "",
  editor =       "Ian Editor",
  title =        "The title of book two",
  subtitle =     "The book subtitle",
  series =       "The name of the series two",
  year =         "2008",
  address =      "Chicago",
  edition =      "2nd.",
  publisher =    "University of Chicago Press",
  doi =          "10.1007/3-540-09237-4",
  url =          "http://dx.doi.org/10.1007/3-540-09456-9",
  volume =       "",
  chapter =      "100",
  pages =        "",
  number =       "",
  type =         "",
  month =        "",
  note =         "",
}


% incollection (has an editor, title, and possibly a booktitle)
@Incollection{Spector90,
  author =       "Asad Z. Spector",
  title =        "Achieving application requirements",
  booktitle =    "Distributed Systems",
  publisher =    "ACM Press",
  address =      "New York, NY",
  year =         "1990",
  edition =      "2nd.",
  chapter =      "",
  editor =       "Sape Mullender",
  pages =        "19--33",
  doi =          "10.1145/90417.90738",
  url =          "http://doi.acm.org/10.1145/90417.90738",
  volume =       "",
  number =       "",
  series =       "",
  type =         "",
  month =        "",
  note =         "",
}


% incollection (has an editor, title, and possibly a booktitle)
@Incollection{Douglass98,
  author =       "Bruce P. Douglass and David Harel and Mark B. Trakhtenbrot",
  title =        "Statecarts in use: structured analysis and object-orientation",
  series =       "Lecture Notes in Computer Science",
  booktitle =    "Lectures on Embedded Systems",
  publisher =    "Springer-Verlag",
  address =      "London",
  volume =       "1494",
  year =         "1998",
  chapter =      "",
  editor =       "Grzegorz Rozenberg and Frits W. Vaandrager",
  pages =        "368--394",
  doi =          "10.1007/3-540-65193-4_29",
  url =          "http://dx.doi.org/10.1007/3-540-65193-4_29",
  edition =      "",
  number =       "",
  type =         "",
  month =        "",
  note =         "",
}


@Book{Knuth97,
  author =       "Donald E. Knuth",
  title =        "The Art of Computer Programming, Vol. 1: Fundamental Algorithms (3rd. ed.)",
  publisher =    "Addison Wesley Longman Publishing Co., Inc.",
  year =         "1997",
  address =      "",
  edition =      "",
  editor =       "",
  volume =       "",
  number =       "",
  series =       "",
  month =        "",
  note =         "",
}


@Book{Knuth98,
  author =       "Donald E. Knuth",
  year =         "1998",
  title =        "The Art of Computer Programming",
  series =       "Fundamental Algorithms",
  volume =       "1",
  edition =      "3rd",
  address =      "",
  publisher =    "Addison Wesley Longman Publishing Co., Inc.",
  doi =          "",
  url =          "",
  editor =       "",
  number =       "",
  month =        "",
  note =         "(book)",
}

%Inbook{Knuth97,
%  author =       "Donald E. Knuth",
%  title =        "The Art of Computer Programming",
%  booktitle =    "the booktitle",
%  edition =      "3",
%  volume =       "1",
%  year =         "1997",
%  publisher =    "Addison Wesley Longman Publishing Co., Inc.",
%  editor =       "",
%  number =       "",
%  series =       "Fundamental Algorithms",
%  type =         "",
%  chapter =      "",
%  pages =        "",
%  address =      "",
%  month =        "",
%  note =         "(inbook)",
%}

%INBOOK{DK:73-inbook-full,
%   author = "Donald E. Knuth",
%   title = "Fundamental Algorithms (inbook w series)",
%   volume = 1,
%   series = "The Art of Computer Programming",
%   publisher = "Addison-Wesley",
%   address = "Reading, Massachusetts",
%   edition = "Second",
%   month = "10~" # jan,
%   year = "1973",
%   type = "Section",
%   chapter = "1.2",
%   pages = "10--119",
%   note = "Full INBOOK entry (w series)",
%}

%INcollection{DK:74-incoll,
%   author = "Donald E. Knuth",
%   title = "Fundamental Algorithms (incoll)",
%   volume = 1,
%   booktitle = "The Art of Computer Programming",
%   publisher = "Addison-Wesley",
%   address = "Reading, Massachusetts",
%   month = "10~" # jan,
%   year = "1974",
%   pages = "10--119",
%   editor = "Bernard Rous",
%   note = "This is a full incoll entry with an editor",
%}

%INcollection{DK:75-incollws,
%   author = "Donald E. Knuth",
%   title = "Fundamental Algorithms (incoll w series)",
%   volume = 1,
%   booktitle = "The Art of Computer Programming",
%   series = "The Art of Computer Programming",
%   publisher = "Addison-Wesley",
%   address = "Reading, Massachusetts",
%   month = "10~" # jan,
%   year = "1975",
%   pages = "10--119",
%   editor = "Bernard Rous",
%   note = "This is a full incoll entry with an editor and series",
%}


@incollection{GM05,
Author= "Dan Geiger and Christopher Meek",
Title= "Structured Variational Inference Procedures and their Realizations (as incol)",
Year= 2005,
Booktitle="Proceedings of Tenth International Workshop on Artificial Intelligence and Statistics, {\rm The Barbados}",
Publisher="The Society for Artificial Intelligence and Statistics",
Month= jan,
Editors= "Z. Ghahramani and R. Cowell"
}

@Inproceedings{Smith10,
  author =       "Stan W. Smith",
  title =        "An experiment in bibliographic mark-up: Parsing metadata for XML export",
  booktitle =    "Proceedings of the 3rd. annual workshop on Librarians and Computers",
  series =       "LAC '10",
  editor =       "Reginald N. Smythe and Alexander Noble",
  volume =       "3",
  year =         "2010",
  publisher =    "Paparazzi Press",
  address =      "Milan Italy",
  pages =        "422--431",
  doi =          "99.9999/woot07-S422",
  url =          "http://dx.doi.org/99.0000/woot07-S422",
  number =       "",
  month =        "",
  organization = "",
  note =         "",
}

@Inproceedings{VanGundy07,
  author =       "Matthew Van Gundy and Davide Balzarotti and Giovanni Vigna",
  year =         2007,
  title =        "Catch me, if you can: Evading network signatures with web-based polymorphic worms",
  booktitle =    "Proceedings of the first USENIX workshop on Offensive Technologies",
  series =       "WOOT '07",
  publisher =    "USENIX Association",
  address =      "Berkley, CA",
  articleno =    {Paper 7},
  numpages =     9,
}

@Inproceedings{VanGundy08,
  author =       "Matthew Van Gundy and Davide Balzarotti and Giovanni Vigna",
  year =         2008,
  title =        "Catch me, if you can: Evading network signatures with web-based polymorphic worms",
  booktitle =    "Proceedings of the first USENIX workshop on Offensive Technologies",
  series =       "WOOT '08",
  publisher =    "USENIX Association",
  address =      "Berkley, CA",
  articleno =    7,
  numpages =     2,
  pages =        "99-100",
}

@Inproceedings{VanGundy09,
  author =       "Matthew Van Gundy and Davide Balzarotti and Giovanni Vigna",
  year =         2009,
  title =        "Catch me, if you can: Evading network signatures with web-based polymorphic worms",
  booktitle =    "Proceedings of the first USENIX workshop on Offensive Technologies",
  series =       "WOOT '09",
  publisher =    "USENIX Association",
  address =      "Berkley, CA",
  pages =        "90--100",
}

@Inproceedings{Andler79,
  author =       "Sten Andler",
  title =        "Predicate Path expressions",
  booktitle =    "Proceedings of the 6th. ACM SIGACT-SIGPLAN symposium on Principles of Programming Languages",
  series =       "POPL '79",
  year =         "1979",
  publisher =    "ACM Press",
  address =      "New York, NY",
  pages =        "226--236",
  doi =          "10.1145/567752.567774",
  url =          "http://doi.acm.org/10.1145/567752.567774",
  editor =       "",
  volume =       "",
  number =       "",
  month =        "",
  organization = "",
  note =         "",
}

@Techreport{Harel78,
  author =       "David Harel",
  year =         "1978",
  title =        "LOGICS of Programs: AXIOMATICS and DESCRIPTIVE POWER",
  institution =  "Massachusetts Institute of Technology",
  type =         "MIT Research Lab Technical Report",
  number =       "TR-200",
  address =      "Cambridge, MA",
  month =        "",
  note =         "",
}

@MASTERSTHESIS{anisi03,
author = {David A. Anisi},
title = {Optimal Motion Control of a Ground Vehicle},
school = {Royal Institute of Technology (KTH), Stockholm, Sweden},
intitution = {FOI-R-0961-SE, Swedish Defence Research Agency (FOI)},
year = {2003},
}


@Phdthesis{Clarkson85,
  author =       "Kenneth L. Clarkson",
  year =         "1985",
  title =        "Algorithms for Closest-Point Problems (Computational Geometry)",
  school =       "Stanford University",
  address =      "Palo Alto, CA",
  note =         "UMI Order Number: AAT 8506171",
  type =         "",
  month =        "",
}


@online{Thornburg01,
  author =       "Harry Thornburg",
  year =         "2001",
  title =        "Introduction to Bayesian Statistics",
  url =          "http://ccrma.stanford.edu/~jos/bayes/bayes.html",
  month =        mar,
  lastaccessed = "March 2, 2005",
}


@online{Ablamowicz07,
  author =       "Rafal Ablamowicz and Bertfried Fauser",
  year =         "2007",
  title =        "CLIFFORD: a Maple 11 Package for Clifford Algebra Computations, version 11",
  url =          "http://math.tntech.edu/rafal/cliff11/index.html",
  lastaccessed = "February 28, 2008",
}


@misc{Poker06,
  author =       "Poker-Edge.Com",
  year =         "2006",
  month =        mar,
  title =        "Stats and Analysis",
  lastaccessed = "June 7, 2006",
  url =          "http://www.poker-edge.com/stats.php",
}

@misc{Obama08,
  author        = "Barack Obama",
  year          = "2008",
  title         = "A more perfect union",
  howpublished  = "Video",
  day           = "5",
  url           = "http://video.google.com/videoplay?docid=6528042696351994555",
  month         = mar,
  lastaccessed  = "March 21, 2008",
  note          =  "",
}

@misc{JoeScientist001,
  author =       "Joseph Scientist",
  year =         "2009",
  title =        "The fountain of youth",
  note =         "Patent No. 12345, Filed July 1st., 2008, Issued Aug. 9th., 2009",
  url =          "",
  howpublished = "",
  month =        aug,
  lastaccessed = "",
}


@Inproceedings{Novak03,
  author =       "Dave Novak",
  title =        "Solder man",
  booktitle =    "ACM SIGGRAPH 2003 Video Review on Animation theater Program: Part I - Vol. 145 (July 27--27, 2003)",
  year =         "2003",
  publisher =    "ACM Press",
  address =      "New York, NY",
  pages =        "4",
  month =        "March 21, 2008",
  doi =          "99.9999/woot07-S422",
  url =          "http://video.google.com/videoplay?docid=6528042696351994555",
  note =         "",
  howpublished = "Video",
  editor =       "",
  volume =       "",
  number =       "",
  series =       "",
  organization = "",
  distinctURL = 1
}


@article{Lee05,
  author =       "Newton Lee",
  year =         "2005",
  title =        "Interview with Bill Kinder: January 13, 2005",
  journal =      "Comput. Entertain.",
  eid =          "4",
  volume =       "3",
  number =       "1",
  month =        "Jan.-March",
  doi =          "10.1145/1057270.1057278",
  url =          "http://doi.acm.org/10.1145/1057270.1057278",
  howpublished = "Video",
  note =         "",
}

@article{rous08,
  author =       "Bernard Rous",
  year =         "2008",
  title =        "The Enabling of Digital Libraries",
  journal =      "Digital Libraries",
  volume =       "12",
  number =       "3",
  month =        jul,
  articleno =    "Article~5",
  doi =          "",
  url =          "",
  howpublished = "",
  note =         "To appear",
}

@article{384253,
 author = {Werneck,, Renato and Setubal,, Jo\~{a}o and da Conceic\~{a}o,, Arlindo},
 title = {(old) Finding minimum congestion spanning trees},
 journal = {J. Exp. Algorithmics},
 volume = {5},
 year = {2000},
 issn = {1084-6654},
 pages = {11},
 doi = {http://doi.acm.org/10.1145/351827.384253},
 publisher = {ACM},
 address = {New York, NY, USA},
 }


@article{Werneck:2000:FMC:351827.384253,
 author = {Werneck, Renato and Setubal, Jo\~{a}o and da Conceic\~{a}o, Arlindo},
 title = {(new) Finding minimum congestion spanning trees},
 journal = {J. Exp. Algorithmics},
 volume = 5,
 month = dec,
 year = 2000,
 issn = {1084-6654},
 articleno = 11,
 url = {http://portal.acm.org/citation.cfm?id=351827.384253},
 doi = {10.1145/351827.384253},
 acmid = 384253,
 publisher = {ACM},
 address = {New York, NY, USA},
}

@article{1555162,
 author = {Conti, Mauro and Di Pietro, Roberto and Mancini, Luigi V. and Mei, Alessandro},
 title = {(old) Distributed data source verification in wireless sensor networks},
 journal = {Inf. Fusion},
 volume = {10},
 number = {4},
 year = {2009},
 issn = {1566-2535},
 pages = {342--353},
 doi = {http://dx.doi.org/10.1016/j.inffus.2009.01.002},
 publisher = {Elsevier Science Publishers B. V.},
 address = {Amsterdam, The Netherlands, The Netherlands},
 }

@article{Conti:2009:DDS:1555009.1555162,
 author = {Conti, Mauro and Di Pietro, Roberto and Mancini, Luigi V. and Mei, Alessandro},
 title = {(new) Distributed data source verification in wireless sensor networks},
 journal = {Inf. Fusion},
 volume = {10},
 number = {4},
 month = oct,
 year = {2009},
 issn = {1566-2535},
 pages = {342--353},
 numpages = {12},
 url = {http://portal.acm.org/citation.cfm?id=1555009.1555162},
 doi = {10.1016/j.inffus.2009.01.002},
 acmid = {1555162},
 publisher = {Elsevier Science Publishers B. V.},
 address = {Amsterdam, The Netherlands, The Netherlands},
 keywords = {Clone detection, Distributed protocol, Securing data fusion, Wireless sensor networks},
}

@inproceedings{Li:2008:PUC:1358628.1358946,
 author = {Li, Cheng-Lun and Buyuktur, Ayse G. and Hutchful, David K. and Sant, Natasha B. and Nainwal, Satyendra K.},
 title = {Portalis: using competitive online interactions to support aid initiatives for the homeless},
 booktitle = {CHI '08 extended abstracts on Human factors in computing systems},
 year = {2008},
 isbn = {978-1-60558-012-X},
 location = {Florence, Italy},
 pages = {3873--3878},
 numpages = {6},
 url = {http://portal.acm.org/citation.cfm?id=1358628.1358946},
 doi = {10.1145/1358628.1358946},
 acmid = {1358946},
 publisher = {ACM},
 address = {New York, NY, USA},
 keywords = {cscw, distributed knowledge acquisition, incentive design, online games, recommender systems, reputation systems, user studies, virtual community},
}

@book{Hollis:1999:VBD:519964,
 author = {Hollis, Billy S.},
 title = {Visual Basic 6: Design, Specification, and Objects with Other},
 year = {1999},
 isbn = {0130850845},
 edition = {1st},
 publisher = {Prentice Hall PTR},
 address = {Upper Saddle River, NJ, USA},
 }


@book{Goossens:1999:LWC:553897,
 author = {Goossens, Michel and Rahtz, S. P. and Moore, Ross and Sutor, Robert S.},
 title = {The  Latex Web Companion: Integrating TEX, HTML, and XML},
 year = {1999},
 isbn = {0201433117},
 edition = {1st},
 publisher = {Addison-Wesley Longman Publishing Co., Inc.},
 address = {Boston, MA, USA},
 }

% need to test genres for errant isbn output

% techreport
@techreport{897367,
 author = {Buss, Jonathan F. and Rosenberg, Arnold L. and Knott, Judson D.},
 title = {Vertex Types in Book-Embeddings},
 year = {1987},
 source = {http://www.ncstrl.org:8900/ncstrl/servlet/search?formname=detail\&id=oai%3Ancstrlh%3Aumass_cs%3Ancstrl.umassa_cs%2F%2FUM-CS-1987-018},
 publisher = {University of Massachusetts},
 address = {Amherst, MA, USA},
 }

@techreport{Buss:1987:VTB:897367,
 author = {Buss, Jonathan F. and Rosenberg, Arnold L. and Knott, Judson D.},
 title = {Vertex Types in Book-Embeddings},
 year = {1987},
 source = {http://www.ncstrl.org:8900/ncstrl/servlet/search?formname=detail\&id=oai%3Ancstrlh%3Aumass_cs%3Ancstrl.umassa_cs%2F%2FUM-CS-1987-018},
 publisher = {University of Massachusetts},
 address = {Amherst, MA, USA},
 }

% whole proceedings

@proceedings{Czerwinski:2008:1358628,
 author = {},
 note = {General Chair-Czerwinski, Mary and General Chair-Lund, Arnie and Program Chair-Tan, Desney},
 title = {CHI '08: CHI '08 extended abstracts on Human factors in computing systems},
 year = {2008},
 isbn = {978-1-60558-012-X},
 location = {Florence, Italy},
 order_no = {608085},
 publisher = {ACM},
 address = {New York, NY, USA},
 }

% phdthesis

@phdthesis{Clarkson:1985:ACP:911891,
 author = {Clarkson, Kenneth Lee},
 advisor = {Yao, Andrew C.},
 title = {Algorithms for Closest-Point Problems (Computational Geometry)},
 year = {1985},
 note = {AAT 8506171},
 school = {Stanford University},
 address = {Stanford, CA, USA},
 }
% school is being picked up -- but not publisher (which is OK)
% Also -- the title is NOT being output in italics !!! Arrrrgh! - I fixed it. :-)


%%% compare with 'old'
%%% atsign-Phdthesis{Clarkson85,
%%%  author =       "Kenneth L. Clarkson",
%%%  year =         "1985",
%%%  title =        "Algorithms for Closest-Point Problems (Computational Geometry)",
%%%  school =       "Stanford University",
%%%  address =      "Palo Alto, CA",
%%%  note =         "UMI Order Number: AAT 8506171",
%%%  type =         "",
%%%  month =        "",
%%%}

% A bibliography
@Article{1984:1040142,
 key = {{$\!\!$}},
 journal = {SIGCOMM Comput. Commun. Rev.},
 year = {1984},
 issn = {0146-4833},
 volume = {13-14},
 number = {5-1},
 issue_date = {January/April 1984},
 publisher = {ACM},
 address = {New York, NY, USA},
 }


% grinder
@inproceedings{2004:ITE:1009386.1010128,
 key = {IEEE},
 title = {IEEE TCSC Executive Committee},
 booktitle = {Proceedings of the IEEE International Conference on Web Services},
 series = {ICWS '04},
 year = {2004},
 isbn = {0-7695-2167-3},
 pages = {21--22},
 url = {http://dx.doi.org/10.1109/ICWS.2004.64},
 doi = {http://dx.doi.org/10.1109/ICWS.2004.64},
 acmid = {1010128},
 publisher = {IEEE Computer Society},
 address = {Washington, DC, USA},
}

% div book
@book{Mullender:1993:DS:302430,
 editor = {Mullender, Sape},
 title = {Distributed systems (2nd Ed.)},
 year = {1993},
 isbn = {0-201-62427-3},
 publisher = {ACM Press/Addison-Wesley Publishing Co.},
 address = {New York, NY, USA},
 }

% master thesis (as techreport and thesis)

@techreport{Petrie:1986:NAD:899644,
 author = {Petrie, Charles J.},
 title = {New Algorithms for Dependency-Directed Backtracking (Master's thesis)},
 year = {1986},
 source = {http://www.ncstrl.org:8900/ncstrl/servlet/search?formname=detail\&id=oai%3Ancstrlh%3Autexas_cs%3AUTEXAS_CS%2F%2FAI86-33},
 publisher = {University of Texas at Austin},
 address = {Austin, TX, USA},
 }

@MASTERSTHESIS{Petrie:1986:NAD:12345,
 author = {Petrie, Charles J.},
 title = {New Algorithms for Dependency-Directed Backtracking (Master's thesis)},
 year = {1986},
 source = {http://www.ncstrl.org:8900/ncstrl/servlet/search?formname=detail\&id=oai%3Ancstrlh%3Autexas_cs%3AUTEXAS_CS%2F%2FAI86-33},
 school = {University of Texas at Austin},
 address = {Austin, TX, USA},
 }




@BOOK{book-minimal,
   author = "Donald E. Knuth",
   title = "Seminumerical Algorithms",
   publisher = "Addison-Wesley",
   year = "1981",
}

% incollection (has an editor, title, and possibly a booktitle)
@INcollection{KA:2001,
 author = {Kong, Wei-Chang},
 Title = {The implementation of electronic commerce in SMEs in Singapore (as Incoll)},
 booktitle = {E-commerce and cultural values},
 year = {2001},
 isbn = {1-59140-056-2},
 pages = {51--74},
 numpages = {24},
 url = {http://portal.acm.org/citation.cfm?id=887006.887010},
 acmid = {887010},
 publisher = {IGI Publishing},
 address = {Hershey, PA, USA},
}


% with bibfield 'type' before chapter (note no editor)
@INBOOK{KAGM:2001,
 author = {Kong, Wei-Chang},
 type = {Name of Chapter:},
 chapter = {The implementation of electronic commerce in SMEs in Singapore (Inbook-w-chap-w-type)},
 title = {E-commerce and cultural values},
 year = {2001},
 isbn = {1-59140-056-2},
 pages = {51--74},
 numpages = {24},
 url = {http://portal.acm.org/citation.cfm?id=887006.887010},
 acmid = {887010},
 publisher = {IGI Publishing},
 address = {Hershey, PA, USA},
}

%%% Notes! This is because the atsign-INBOOK citation type specifies EITHER
%%% editor or author, but not both. In my experiments with the harvard/dcu
%%% bibtex style (and presumably this applies to other styles too), bibtex
%%% ignores the editor information if author information exists in an
%%% atsign-INBOOK entry. atsign-INCOLLECTION is far more commonly used in my references,
%%% and in the absence of an editor I believe most bibtex styles will just
%%% ommit the editor from the reference - the chapter information will not
%%% end up in the in-text citation as you suggest it should be but at least
%%% there is a place to put the editor if necessary.



% was 'Inbook' -- changed to incollection - (editor is different to author) - need to tell Asad to codify as such.
@incollection{Kong:2002:IEC:887006.887010,
  author =      {Kong, Wei-Chang},
  editor =      {Theerasak Thanasankit},
  title =       {Chapter 9},
  booktitle =   {E-commerce and cultural values (Incoll-w-text (chap 9) 'title')},
  year =        {2002},
  address =     {Hershey, PA, USA},
  publisher =   {IGI Publishing},
  url =         {http://portal.acm.org/citation.cfm?id=887006.887010},
  pages =       {51--74},
  numpages =    {24},
  acmid =       {887010},
  isbn =        {1-59140-056-2},
  number =      "",
  type =        "",
  month =       "",
  note =        "",
}

% incol when the chapter is 'text' - due to presence of editor (different to author)
@incollection{Kong:2003:IEC:887006.887011,
 author = {Kong, Wei-Chang},
 title = {The implementation of electronic commerce in SMEs in Singapore (Incoll)},
 booktitle = {E-commerce and cultural values},
 editor = {Thanasankit, Theerasak},
 year = {2003},
 isbn = {1-59140-056-2},
 pages = {51--74},
 numpages = {24},
 url = {http://portal.acm.org/citation.cfm?id=887006.887010},
 acmid = {887010},
 publisher = {IGI Publishing},
 address = {Hershey, PA, USA},
}

% ------ test
%incollection{Kong:2003:IEC:887006.887010,
% author = {Kong, Wei-Chang},
% chapter = {The implementation of electronic commerce in SMEs in Singapore (Incoll-text-in-chap)},
% booktitle = {booktitle E-commerce and cultural values},
% title =   {The title},
% editor = {Thanasankit, Theerasak},
% year = {2003},
% isbn = {1-59140-056-2},
% pages = {51--74},
% numpages = {24},
% url = {http://portal.acm.org/citation.cfm?id=887006.887010},
% acmid = {887010},
% publisher = {IGI Publishing},
% address = {Hershey, PA, USA},
%}


% ---------





% Need inbook with num in chapter

% and inbook with number in chapter
@InBook{Kong:2004:IEC:123456.887010,
  author =      {Kong, Wei-Chang},
  editor =      {Theerasak Thanasankit},
  title =       {E-commerce and cultural values - (InBook-num-in-chap)},
  chapter =     {9},
  year =        {2004},
  address =     {Hershey, PA, USA},
  publisher =   {IGI Publishing},
  url =         {http://portal.acm.org/citation.cfm?id=887006.887010},
  pages =       {51--74},
  numpages =    {24},
  acmid =       {887010},
  isbn =        {1-59140-056-2},
  number =      "",
  type =        "",
  month =       "",
  note =        "",
}


% and inbook with text in chapter
@Inbook{Kong:2005:IEC:887006.887010,
  author =      {Kong, Wei-Chang},
  editor =      {Theerasak Thanasankit},
  title =       {E-commerce and cultural values (Inbook-text-in-chap)},
  chapter =     {The implementation of electronic commerce in SMEs in Singapore},
  year =        {2005},
  address =     {Hershey, PA, USA},
  publisher =   {IGI Publishing},
  url =         {http://portal.acm.org/citation.cfm?id=887006.887010},
  type =        {Chapter:},
  pages =       {51--74},
  numpages =    {24},
  acmid =       {887010},
  isbn =        {1-59140-056-2},
  number =      "",
  month =       "",
  note =        "",
}


% and inbook with a num and type field
@Inbook{Kong:2006:IEC:887006.887010,
  author =      {Kong, Wei-Chang},
  editor =      {Theerasak Thanasankit},
  title =       {E-commerce and cultural values (Inbook-num chap)},
  chapter =     {22},
  year =        {2006},
  address =     {Hershey, PA, USA},
  publisher =   {IGI Publishing},
  url =         {http://portal.acm.org/citation.cfm?id=887006.887010},
  type =        {Chapter (in type field)},
  pages =       {51--74},
  numpages =    {24},
  acmid =       {887010},
  isbn =        {1-59140-056-2},
  number =      "",
  month =       "",
  note =        "",
}


% and incol coz we have a BLANK chapter - due to presence of editor
%atIncollection{Kong:2006:IEC:887006.887011,
%  author =     {Kong, Wei-Chang},
%  editor =     {Theerasak Thanasankit},
%  title =      "The title"
%  booktitle =  {E-commerce and cultural values (Incol-coz-blank-chap)},
%  year =       {2006},
%  address =    {Hershey, PA, USA},
%  publisher =  {IGI Publishing},
%  url =        {http://portal.acm.org/citation.cfm?id=887006.887010},
%  type =       {Type!},
%  chapter =    {},
%  pages =      {51--74},
%  numpages =   {24},
%  acmid =      {887010},
%  isbn =       {1-59140-056-2},
%  number =     "",
%  month =      "",
%  note =       "",
%}

@article{SaeediMEJ10,
            author = {Mehdi Saeedi and Morteza Saheb Zamani and Mehdi Sedighi},
            title = {A library-based synthesis methodology for reversible logic},
            journal = {Microelectron. J.},
            volume = {41},
            number = {4},
            month = apr,
            year = {2010},
            pages = {185--194},
}

@ARTICLE{SaeediJETC10,
            author = {Mehdi Saeedi and Morteza Saheb Zamani and Mehdi Sedighi and Zahra Sasanian},
            title = {Synthesis of Reversible Circuit Using Cycle-Based Approach},
            journal = {J. Emerg. Technol. Comput. Syst.},
            volume = {6},
            number = {4},
            month = dec,
            year = {2010}
            }

% Asad's new version
@article{Kirschmer:2010:AEI:1958016.1958018,
 author = {Kirschmer, Markus and Voight, John},
 title = {Algorithmic Enumeration of Ideal Classes for Quaternion Orders},
 journal = {SIAM J. Comput.},
 issue_date = {January 2010},
 volume = {39},
 number = {5},
 month = jan,
 year = {2010},
 issn = {0097-5397},
 pages = {1714--1747},
 numpages = {34},
 url = {http://dx.doi.org/10.1137/080734467},
 doi = {https://doi.org/10.1137/080734467},
 acmid = {1958018},
 publisher = {Society for Industrial and Applied Mathematics},
 address = {Philadelphia, PA, USA},
 keywords = {ideal classes, maximal orders, number theory, quaternion algebras},
}


% incol due to presence of booktitle
@incollection{Hoare:1972:CIN:1243380.1243382,
 author = {Hoare, C. A. R.},
 title = {Chapter II: Notes on data structuring},
 booktitle = {Structured programming (incoll)},
 editor = {Dahl, O. J. and Dijkstra, E. W. and Hoare, C. A. R.},
 year = {1972},
 isbn = {0-12-200550-3},
 pages = {83--174},
 numpages = {92},
 url = {http://portal.acm.org/citation.cfm?id=1243380.1243382},
 acmid = {1243382},
 publisher = {Academic Press Ltd.},
 address = {London, UK, UK},
}

% incol due to presence of booktitle
@incollection{Lee:1978:TQA:800025.1198348,
 author = {Lee, Jan},
 title = {Transcript of question and answer session},
 booktitle = {History of programming languages I (incoll)},
 editor = {Wexelblat, Richard L.},
 year = {1981},
 isbn = {0-12-745040-8},
 pages = {68--71},
 numpages = {4},
 url = {http://doi.acm.org/10.1145/800025.1198348},
 doi = {http://doi.acm.org/10.1145/800025.1198348},
 acmid = {1198348},
 publisher = {ACM},
 address = {New York, NY, USA},
}

% incol due to booktitle
@incollection{Dijkstra:1979:GSC:1241515.1241518,
 author = {Dijkstra, E.},
 title = {Go to statement considered harmful},
 booktitle = {Classics in software engineering (incoll)},
 year = {1979},
 isbn = {0-917072-14-6},
 pages = {27--33},
 numpages = {7},
 url = {http://portal.acm.org/citation.cfm?id=1241515.1241518},
 acmid = {1241518},
 publisher = {Yourdon Press},
 address = {Upper Saddle River, NJ, USA},
}

% incol due to booktitle
@incollection{Wenzel:1992:TVA:146022.146089,
 author = {Wenzel, Elizabeth M.},
 title = {Three-dimensional virtual acoustic displays},
 booktitle = {Multimedia interface design (incoll)},
 year = {1992},
 isbn = {0-201-54981-6},
 pages = {257--288},
 numpages = {32},
 url = {http://portal.acm.org/citation.cfm?id=146022.146089},
 doi = {10.1145/146022.146089},
 acmid = {146089},
 publisher = {ACM},
 address = {New York, NY, USA},
}

% incol due to booktitle
@incollection{Mumford:1987:MES:54905.54911,
 author = {Mumford, E.},
 title = {Managerial expert systems and organizational change: some critical research issues},
 booktitle = {Critical issues in information systems research (incoll)},
 year = {1987},
 isbn = {0-471-91281-6},
 pages = {135--155},
 numpages = {21},
 url = {http://portal.acm.org/citation.cfm?id=54905.54911},
 acmid = {54911},
 publisher = {John Wiley \& Sons, Inc.},
 address = {New York, NY, USA},
}

@book{McCracken:1990:SSC:575315,
 author = {McCracken, Daniel D. and Golden, Donald G.},
 title = {Simplified Structured COBOL with Microsoft/MicroFocus COBOL},
 year = {1990},
 isbn = {0471514071},
 publisher = {John Wiley \& Sons, Inc.},
 address = {New York, NY, USA},
}

% Let's include Boris / BBeeton entries  (multi-volume works)

@book {MR781537,
    AUTHOR = {H{\"o}rmander, Lars},
     TITLE = {The analysis of linear partial differential operators. {III}},
    SERIES = {Grundlehren der Mathematischen Wissenschaften [Fundamental
              Principles of Mathematical Sciences]},
    VOLUME = {275},
      NOTE = {Pseudodifferential operators},
PUBLISHER = {Springer-Verlag},
   ADDRESS = {Berlin, Germany},
      YEAR = {1985},
     PAGES = {viii+525},
      ISBN = {3-540-13828-5},
   MRCLASS = {35-02 (35Sxx 47G05 58G15)},
  MRNUMBER = {781536 (87d:35002a)},
MRREVIEWER = {Min You Qi},
}

@book {MR781536,
    AUTHOR = {H{\"o}rmander, Lars},
     TITLE = {The analysis of linear partial differential operators. {IV}},
    SERIES = {Grundlehren der Mathematischen Wissenschaften [Fundamental
              Principles of Mathematical Sciences]},
    VOLUME = {275},
      NOTE = {Fourier integral operators},
PUBLISHER = {Springer-Verlag},
   ADDRESS = {Berlin, Germany},
      YEAR = {1985},
     PAGES = {vii+352},
      ISBN = {3-540-13829-3},
   MRCLASS = {35-02 (35Sxx 47G05 58G15)},
  MRNUMBER = {781537 (87d:35002b)},
MRREVIEWER = {Min You Qi},
}

%%%%%%%%%%%%%%%%%%%%%% Start of Aptara sample bib entries

% acmsmall-sam.bib
@InProceedings{Adya-01,
  author        = {A. Adya and P. Bahl and J. Padhye and A.Wolman and L. Zhou},
  title         = {A multi-radio unification protocol for {IEEE} 802.11 wireless networks},
  booktitle     = {Proceedings of the IEEE 1st International Conference on Broadnets Networks (BroadNets'04)},
  publisher     = "IEEE",
  address       = "Los Alamitos, CA",
  year          = {2004},
  pages         = "210--217"
}

@article{Akyildiz-01,
  author        = {I. F. Akyildiz and W. Su and Y. Sankarasubramaniam and E. Cayirci},
  title         = {Wireless Sensor Networks: A Survey},
  journal       = {Comm. ACM},
  volume        = 38,
  number        = "4",
  year          = {2002},
  pages         = "393--422"
}

@article{Akyildiz-02,
  author        = {I. F. Akyildiz and T. Melodia and K. R. Chowdhury},
  title         = {A Survey on Wireless Multimedia Sensor Networks},
  journal       = {Computer Netw.},
  volume        = 51,
  number        = "4",
  year          = {2007},
  pages         = "921--960"
}

@InProceedings{Bahl-02,
  author        = {P. Bahl and R. Chancre and J. Dungeon},
  title         = {{SSCH}: Slotted Seeded Channel Hopping for Capacity Improvement in {IEEE} 802.11 Ad-Hoc Wireless Networks},
  booktitle     = {Proceeding of the 10th International Conference on Mobile Computing and Networking (MobiCom'04)},
  publisher     = "ACM",
  address       = "New York, NY",
  year          = {2004},
  pages         = "112--117"
}

@misc{CROSSBOW,
  key       = {CROSSBOW},
  title     = {{XBOW} Sensor Motes Specifications},
  note      = {http://www.xbow.com},
  year      = 2008
}

@article{Culler-01,
  author        = {D. Culler and D. Estrin and M. Srivastava},
  title         = {Overview of Sensor Networks},
  journal       = {IEEE Comput.},
  volume        = 37,
  number        = "8 (Special Issue on Sensor Networks)",
  publisher     = "IEEE",
  address       = "Los Alamitos, CA",
  year          = {2004},
  pages         = "41--49"
}

@misc{Harvard-01,
    key         = {Harvard CodeBlue},
    title       = {{CodeBlue}: Sensor Networks for Medical Care},
    note        = {http://www.eecs.harvard.edu/mdw/ proj/codeblue/},
    year        = 2008
}

@InProceedings{Natarajan-01,
    author      = {A. Natarajan and M. Motani and B. de Silva and K. Yap and K. C. Chua},
    title       = {Investigating Network Architectures for Body Sensor Networks},
    booktitle   = {Network Architectures},
    editor      = {G. Whitcomb and P. Neece},
    publisher   = "Keleuven Press",
    address     = "Dayton, OH",
    year        = {2007},
    pages       = "322--328",
    eprint      = "960935712",
    primaryclass = "cs",
}

@techreport{Tzamaloukas-01,
  author        = {A. Tzamaloukas and J. J. Garcia-Luna-Aceves},
  title         = {Channel-Hopping Multiple Access},
  number =        {I-CA2301},
  institution =   {Department of Computer Science, University of California},
  address =       {Berkeley, CA},
  year          = {2000}
}

@BOOK{Zhou-06,
  author        = {G. Zhou and J. Lu and C.-Y. Wan and M. D. Yarvis and J. A. Stankovic},
  title         = {Body Sensor Networks},
  publisher     = "MIT Press",
  address       = "Cambridge, MA",
  year          = {2008}
}

@mastersthesis{ko94,
author = "Jacob Kornerup",
title = "Mapping Powerlists onto Hypercubes",
school = "The University of Texas at Austin",
note = "(In preparation)",
year = "1994"}
%month = "dec",}

@PhdThesis{gerndt:89,
  author =       "Michael Gerndt",
  title =        "Automatic Parallelization for Distributed-Memory
                  Multiprocessing Systems",
  school =       "University of Bonn",
  year =         1989,
  address =      "Bonn, Germany",
  month =        dec
}

@article{6:1:1,
author = "J. E. {Archer, Jr.} and R. Conway and F. B. Schneider",
title = "User recovery and reversal in interactive systems",
journal = "ACM Trans. Program. Lang. Syst.",
volume =  "6",
number = "1",
month = jan,
year = 1984,
pages = "1--19"}

@article{7:1:137,
author = "D. D. Dunlop and V. R. Basili",
title = "Generalizing specifications for uniformly implemented loops",
journal = "ACM Trans. Program. Lang. Syst.",
volume =  "7",
number = "1",
month = jan,
year = 1985,
pages = "137--158"}

@article{7:2:183,
author = "J. Heering and P. Klint",
title = "Towards monolingual programming environments",
journal = "ACM Trans. Program. Lang. Syst.",
volume =  "7",
number = "2",
month = apr,
year = 1985,
pages = "183--213"}

@book{knuth:texbook,
author = "Donald E. Knuth",
title = "The {\TeX{}book}",
publisher = "Addison-Wesley",
address = "Reading, MA.",
year = 1984}

@article{6:3:380,
author = "E. Korach and D.  Rotem and N. Santoro",
title = "Distributed algorithms for finding centers and medians in networks",
journal = "ACM Trans. Program. Lang. Syst.",
volume =  "6",
number = "3",
month = jul,
year = 1984,
pages = "380--401"}

@book{Lamport:LaTeX,
author = "Leslie Lamport",
title = "\it {\LaTeX}: A Document Preparation System",
publisher = "Addison-Wesley",
address = "Reading, MA.",
year = 1986}

@article{7:3:359,
author = "F. Nielson",
title = "Program transformations in a denotational setting",
journal = "ACM Trans. Program. Lang. Syst.",
volume =  "7",
number = "3",
month = jul,
year = 1985,
pages = "359--379"}

%testing
@BOOK{test,
   author = "Donald E. Knuth",
   title = "Seminumerical Algorithms",
   volume = 2,
   series = "The Art of Computer Programming",
   publisher = "Addison-Wesley",
   address = "Reading, MA",
   edition = "2nd",
   month = "10~" # jan,
   year = "1981",
}

@inproceedings{reid:scribe,
author = "Brian K. Reid",
title = "A high-level approach to computer document formatting",
booktitle = "Proceedings of the 7th Annual Symposium on Principles of
  Programming Languages",
month = jan,
year = 1980,
publisher = "ACM",
address = "New York",
pages = "24--31"}

@article{Zhou:2010:MMS:1721695.1721705,
 author = {Zhou, Gang and Wu, Yafeng and Yan, Ting and He, Tian and Huang, Chengdu and Stankovic, John A. and Abdelzaher, Tarek F.},
 title = {A multifrequency MAC specially designed for wireless sensor network applications},
 journal = {ACM Trans. Embed. Comput. Syst.},
 issue_date = {March 2010},
 volume = 9,
 number = 4,
 month = {April},
 year = 2010,
 issn = {1539-9087},
 pages = {39:1--39:41},
 articleno = 39,
 numpages = 41,
 url = {http://doi.acm.org/10.1145/1721695.1721705},
 doi = {10.1145/1721695.1721705},
 acmid = 1721705,
 publisher = {ACM},
 address = {New York, NY, USA},
 keywords = {Wireless sensor networks, media access control, multi-channel, radio interference, time synchronization},
}


@online{TUGInstmem,
  key =          {TUG},
  year  =        2017,
  title =        "Institutional members of the {\TeX} Users Group",
  url =          "http://wwtug.org/instmem.html",
  lastaccessed = "May 27, 2017",
}

@online{CTANacmart,
  author =    {Boris Veytsman},
  title =  {acmart---{C}lass for typesetting publications of {ACM}},
  year = 2017,
  url =    {http://www.ctan.org/pkg/acmart},
  lastaccessed = {May 27, 2017}
  }

@ARTICLE{bowman:reasoning,
    author = {Bowman, Mic and Debray, Saumya K. and Peterson, Larry L.},
    title = {Reasoning About Naming Systems},
    journal = {ACM Trans. Program. Lang. Syst.},
    volume = {15},
    number = {5},
    pages = {795-825},
    month = {November},
    year = {1993},
    doi = {10.1145/161468.161471},
}

@ARTICLE{braams:babel,
    author = {Braams, Johannes},
    title = {Babel, a Multilingual Style-Option System for Use with LaTeX's Standard Document Styles},
    journal = {TUGboat},
    volume = {12},
    number = {2},
    pages = {291-301},
    month = {June},
    year = {1991},
}

@INPROCEEDINGS{clark:pct,
  AUTHOR = "Malcolm Clark",
  TITLE = "Post Congress Tristesse",
  BOOKTITLE = "TeX90 Conference Proceedings",
  PAGES = "84-89",
  ORGANIZATION = "TeX Users Group",
  MONTH = "March",
  YEAR = {1991}
}

@ARTICLE{herlihy:methodology,
    author = {Herlihy, Maurice},
    title = {A Methodology for Implementing Highly Concurrent Data Objects},
    journal = {ACM Trans. Program. Lang. Syst.},
    volume = {15},
    number = {5},
    pages = {745-770},
    month = {November},
    year = {1993},
    doi = {10.1145/161468.161469},
}

@BOOK{salas:calculus,
  AUTHOR = "S.L. Salas and Einar Hille",
  TITLE = "Calculus: One and Several Variable",
  PUBLISHER = "John Wiley and Sons",
  ADDRESS = "New York",
  YEAR = "1978"
}

@MANUAL{Fear05,
  title =        {Publication quality tables in {\LaTeX}},
  author =       {Simon Fear},
  month =        {April},
  year =         2005,
  note =         {\url{http://www.ctan.org/pkg/booktabs}}
}

@Manual{Amsthm15,
  title =        {Using the amsthm Package},
  organization = {American Mathematical Society},
  month =        {April},
  year =         2015,
  note =         {\url{http://www.ctan.org/pkg/amsthm}}
}

@ArtifactSoftware{R,
    title = {R: A Language and Environment for Statistical Computing},
    author = {{R Core Team}},
    organization = {R Foundation for Statistical Computing},
    address = {Vienna, Austria},
    year = {2019},
    url = {https://www.R-project.org/},
}

@ArtifactDataset{UMassCitations,
 author    =  {Sam Anzaroot and Andrew McCallum},
 title     =  {{UMass} Citation Field Extraction Dataset},
 year      = 2013,
 url       =
    {http://www.iesl.cs.umass.edu/data/data-umasscitationfield},
 lastaccessed = {May 27, 2019}
}

@Eprint{Bornmann2019,
       author = {Bornmann, Lutz and Wray, K. Brad and Haunschild,
                  Robin},
        title = {Citation concept analysis {(CCA)}---A new form of
                  citation analysis revealing the usefulness of
                  concepts for other researchers illustrated by two
                  exemplary case studies including classic books by
                  {Thomas S.~Kuhn} and {Karl R.~Popper}},
     keywords = {Computer Science - Digital Libraries},
         year = 2019,
        month = "May",
          eid = {arXiv:1905.12410},
archivePrefix = {arXiv},
       eprint = {1905.12410},
 primaryClass = {cs.DL},
}

@Eprint{AnzarootPBM14,
  author    = {Sam Anzaroot and
               Alexandre Passos and
               David Belanger and
               Andrew McCallum},
  title     = {Learning Soft Linear Constraints with Application to
                  Citation Field Extraction},
  year      = {2014},
  archivePrefix = {arXiv},
  eprint    = {1403.1349},
}

@inproceedings{Hagerup1993,
title        = {Maintaining Discrete Probability Distributions Optimally},
author       = {Hagerup, Torben and Mehlhorn, Kurt and Munro, J. Ian},
booktitle    = {Proceedings of the 20th International Colloquium on Automata, Languages and Programming},
series       = {Lecture Notes in Computer Science},
volume       = {700},
pages        = {253--264},
year         = {1993},
publisher    = {Springer-Verlag},
address      = {Berlin},
}