@INPROCEEDINGS{10137154,
author={Lamberti, Lorenzo and others},
booktitle={2023 Design, Automation \& Test in Europe Conference \& Exhibition (DATE)}, 
title={Bio-inspired Autonomous Exploration Policies with CNN-based Object Detection on Nano-drones}, 
year={2023},
volume={},
number={},
pages={1-6},
keywords={Image sensors;Navigation;Microcontrollers;Object detection;Throughput;Search problems;Convolutional neural networks},
doi={10.23919/DATE56975.2023.10137154}}

@INPROCEEDINGS{10471810,
  author={Nguyen, Quan M. and Pham, Duy A. and Pham, Dong T. and Le, An D. and H. Vo, Nguyen Q. and Vo, Hien B.},
  booktitle={2023 RIVF International Conference on Computing and Communication Technologies (RIVF)}, 
  title={SmartTrap: An On-Field Insect Monitoring System Empowered by Edge Computing Capabilities}, 
  year={2023},
  volume={},
  number={},
  pages={77-82},
  keywords={Insects;Spraying;Pesticides;Agriculture;Communications technology;Servers;Monitoring;fruit fly;environmental data;smart loT;edge computing;YOLOv7-tiny;Jetson Nano},
  doi={10.1109/RIVF60135.2023.10471810}}

@INPROCEEDINGS{9401730,

  author={Lamberti, Lorenzo and others},

  booktitle={2021 IEEE International Symposium on Circuits and Systems (ISCAS)}, 

  title={Low-Power License Plate Detection and Recognition on a RISC-V Multi-Core MCU-Based Vision System}, 

  year={2021},

  volume={},

  number={},

  pages={1-5},

  keywords={Visualization;Pipelines;License plate recognition;Turning;Optical character recognition software;Character recognition;Task analysis},

  doi={10.1109/ISCAS51556.2021.9401730}}

@ARTICLE{9601235,
  title={Precise agriculture: Effective deep learning strategies to detect pest insects},
  author={Butera, Luca and Ferrante, Alberto and Jermini, Mauro and Prevostini, Mauro and Alippi, Cesare},
  journal={IEEE/CAA Journal of Automatica Sinica},
  volume={9},
  number={2},
  pages={246--258},
  year={2021},
  publisher={IEEE}
}

@article{BETTISORBELLI2023108228,
title = {YOLO-based detection of Halyomorpha halys in orchards using RGB cameras and drones},
journal = {Computers and Electronics in Agriculture},
volume = {213},
pages = {108228},
year = {2023},
issn = {0168-1699},
doi = {https://doi.org/10.1016/j.compag.2023.108228},
url = {https://www.sciencedirect.com/science/article/pii/S0168169923006166},
author = {Francesco {Betti Sorbelli} and others},
}

@article{DLEntomology,
  title={Deep learning and computer vision will transform entomology},
  author={H{\o}ye, Toke T and {\"A}rje, Johanna and Bjerge, Kim and Hansen, Oskar LP and Iosifidis, Alexandros and Leese, Florian and Mann, Hjalte MR and Meissner, Kristian and Melvad, Claus and Raitoharju, Jenni},
  journal={Proceedings of the National Academy of Sciences},
  volume={118},
  number={2},
  pages={e2002545117},
  year={2021},
  publisher={National Acad Sciences}
}

@article{EPPO,
  title={Pest categorisation of Popillia japonica},
  author={EFSA Panel on Plant Health (PLH) and Bragard, Claude and Dehnen-Schmutz, Katharina and Di Serio, Francesco and Gonthier, Paolo and Jacques, Marie-Agn{\`e}s and Jaques Miret, Josep Anton and Justesen, Annemarie Fejer and Magnusson, Christer Sven and Milonas, Panagiotis and others},
  journal={Efsa Journal},
  volume={16},
  number={11},
  pages={e05438},
  year={2018},
  publisher={Wiley Online Library}
}

@article{FasterRCNN,
  title={Faster r-cnn: Towards real-time object detection with region proposal networks},
  author={Ren, Shaoqing and He, Kaiming and Girshick, Ross and Sun, Jian},
  journal={Advances in neural information processing systems},
  volume={28},
  year={2015}
}

@article{FasterRCNNInsect2,
  title={Faster-PestNet: A Lightweight deep learning framework for crop pest detection and classification},
  author={Ali, Farooq and Qayyum, Huma and Iqbal, Muhammad Javed},
  journal={IEEE Access},
  year={2023},
  publisher={IEEE}
}

@article{JU2021104925,
  title={Insecticide resistance in the Cydia pomonella (L): Global status, mechanisms, and research directions},
  author={Ju, Di and Mota-Sanchez, David and Fuentes-Contreras, Eduardo and Zhang, Ya-Lin and Wang, Xiao-Qi and Yang, Xue-Qing},
  journal={Pesticide Biochemistry and Physiology},
  volume={178},
  pages={104925},
  year={2021},
  publisher={Elsevier}
}

@article{PestDetectionSurvey,
  title={A Systematic Review on Automatic Insect Detection Using Deep Learning},
  author={Teixeira, Ana Cl{\'a}udia and Ribeiro, Jos{\'e} and Morais, Raul and Sousa, Joaquim J and Cunha, Ant{\'o}nio},
  journal={Agriculture},
  volume={13},
  number={3},
  pages={713},
  year={2023},
  publisher={MDPI}
}

@article{RFCN,
  title={R-fcn: Object detection via region-based fully convolutional networks},
  author={Dai, Jifeng and others},
  journal={Advances in neural information processing systems},
  volume={29},
  year={2016}
}

@article{RFCNInsect1,
  title={Detection and identification of stored-grain insects using deep learning: A more effective neural network},
  author={Shi, Zhichao and others},
  journal={IEEE Access},
  volume={8},
  pages={163703--163714},
  year={2020},
  publisher={IEEE}
}

@inproceedings{RetinaNet,
  title={Focal loss for dense object detection},
  author={Lin, Tsung-Yi and others},
  booktitle={Proceedings of the IEEE international conference on computer vision},
  pages={2980--2988},
  year={2017}
}

@article{RetinaNetInsect1,
  title={Automatic in-trap pest detection using deep learning for pheromone-based Dendroctonus valens monitoring},
  author={Sun, Yu and others},
  journal={Biosystems engineering},
  volume={176},
  pages={140--150},
  year={2018},
  publisher={Elsevier}
}

@article{SAIDMOHAMED2021971,
title = {Smart farming for improving agricultural management},
journal = {The Egyptian Journal of Remote Sensing and Space Science},
volume = {24},
number = {3, Part 2},
pages = {971-981},
year = {2021},
issn = {1110-9823},
doi = {https://doi.org/10.1016/j.ejrs.2021.08.007},
url = {https://www.sciencedirect.com/science/article/pii/S1110982321000582},
author = {Elsayed {Said Mohamed} and AA. Belal and Sameh {Kotb Abd-Elmabod} and Mohammed A El-Shirbeny and A. Gad and Mohamed B Zahran},
keywords = {IoT, Smart Agriculture, 5G, Decision support systems, Smart sensing}
}

@inproceedings{SSD,
  title={Ssd: Single shot multibox detector},
  author={Liu, Wei and others},
  booktitle={Computer Vision--ECCV 2016: 14th European Conference, Amsterdam, The Netherlands, October 11--14, 2016, Proceedings, Part I 14},
  pages={21--37},
  year={2016},
  organization={Springer}
}

@article{SSDInsect1,
  title={Transfer Learning-Based Lightweight SSD Model for Detection of Pests in Citrus},
  author={Wang, Linhui and others},
  journal={Agronomy},
  volume={13},
  number={7},
  pages={1710},
  year={2023},
  publisher={MDPI}
}

@article{SmartTrap,
  title={Remote insects trap monitoring system using deep learning framework and IoT},
  author={Ramalingam, Balakrishnan and Mohan, Rajesh Elara and Pookkuttath, Sathian and G{\'o}mez, Braulio F{\'e}lix and Sairam Borusu, Charan Satya Chandra and Wee Teng, Tey and Tamilselvam, Yokhesh Krishnasamy},
  journal={Sensors},
  volume={20},
  number={18},
  pages={5280},
  year={2020},
  publisher={MDPI}
}

@Article{agriculture12101745,
AUTHOR = {Dhanaraju, Muthumanickam and Chenniappan, Poongodi and Ramalingam, Kumaraperumal and Pazhanivelan, Sellaperumal and Kaliaperumal, Ragunath},
TITLE = {Smart Farming: Internet of Things (IoT)-Based Sustainable Agriculture},
JOURNAL = {Agriculture},
VOLUME = {12},
YEAR = {2022},
NUMBER = {10},
ARTICLE-NUMBER = {1745},
URL = {https://www.mdpi.com/2077-0472/12/10/1745},
ISSN = {2077-0472},
DOI = {10.3390/agriculture12101745}
}

@inproceedings{al2019comparative,
  title={Comparative study of crossover operators for the MTSP},
  author={Al-Omeer, Maha Ata and Ahmed, Zakir Hussain},
  booktitle={2019 International Conference on Computer and Information Sciences (ICCIS)},
  pages={1--6},
  year={2019},
  organization={IEEE}
}

@article{bolanos2015multiobjective,
  title={A multiobjective non-dominated sorting genetic algorithm (NSGA-II) for the Multiple Traveling Salesman Problem},
  author={Bola{\~n}os, Rub{\'e}n and Echeverry, Mauricio and Escobar, John},
  journal={Decision Science Letters},
  volume={4},
  number={4},
  pages={559--568},
  year={2015}
}

@article{borenstein1991vector,
  title={The vector field histogram-fast obstacle avoidance for mobile robots},
  author={Borenstein, Johann and Koren, Yoram and others},
  journal={IEEE transactions on robotics and automation},
  volume={7},
  number={3},
  pages={278--288},
  year={1991}
}

@inproceedings{chen2019multi,
  title={Multi-region coverage path planning for heterogeneous unmanned aerial vehicles systems},
  author={Chen, Jinchao and Du, Chenglie and Lu, Xu and Chen, Keke},
  booktitle={2019 IEEE International Conference on Service-Oriented System Engineering (SOSE)},
  pages={356--3565},
  year={2019},
  organization={IEEE}
}

@inproceedings{du2017precision,
  title={A precision spraying mission assignment and path planning performed by multi-quadcopters},
  author={Du, Baihui},
  booktitle={2017 2nd International Conference on Electrical, Control and Automation Engineering (ECAE 2017)},
  pages={233--237},
  year={2017},
  organization={Atlantis Press}
}

@article{elango2011balancing,
  title={Balancing task allocation in multi-robot systems using K-means clustering and auction based mechanisms},
  author={Elango, Murugappan and Nachiappan, Subramanian and Tiwari, Manoj Kumar},
  journal={Expert Systems with Applications},
  volume={38},
  number={6},
  pages={6486--6491},
  year={2011},
  publisher={Elsevier}
}

@article{fox1997dynamic,
  title={The dynamic window approach to collision avoidance},
  author={Fox, Dieter and Burgard, Wolfram and Thrun, Sebastian},
  journal={IEEE Robotics \& Automation Magazine},
  volume={4},
  number={1},
  pages={23--33},
  year={1997},
  publisher={IEEE}
}

@article{hart1968formal,
  title={A formal basis for the heuristic determination of minimum cost paths},
  author={Hart, Peter E and Nilsson, Nils J and Raphael, Bertram},
  journal={IEEE transactions on Systems Science and Cybernetics},
  volume={4},
  number={2},
  pages={100--107},
  year={1968},
  publisher={IEEE}
}

@inproceedings{hayat2017multi,
  title={Multi-objective UAV path planning for search and rescue},
  author={Hayat, Samira and Yanmaz, Ev{\c{s}}en and Brown, Timothy X and Bettstetter, Christian},
  booktitle={2017 IEEE international conference on robotics and automation (ICRA)},
  pages={5569--5574},
  year={2017},
  organization={IEEE}
}

@article{hossain2022local,
  title={Local path planning for autonomous mobile robots by integrating modified dynamic-window approach and improved follow the gap method},
  author={Hossain, Tagor and Habibullah, Habibullah and Islam, Rafiqul and Padilla, Ricardo V},
  journal={Journal of Field Robotics},
  volume={39},
  number={4},
  pages={371--386},
  year={2022},
  publisher={Wiley Online Library}
}

@article{howard2017mobilenets,
  title={Mobilenets: Efficient convolutional neural networks for mobile vision applications},
  author={Howard, Andrew G and others},
  journal={arXiv preprint arXiv:1704.04861},
  year={2017}
}

@inproceedings{howard2019searching,
  title={Searching for mobilenetv3},
  author={Howard, Andrew and Sandler, Mark and Chu, Grace and Chen, Liang-Chieh and Chen, Bo and Tan, Mingxing and Wang, Weijun and Zhu, Yukun and Pang, Ruoming and Vasudevan, Vijay and others},
  booktitle={Proceedings of the IEEE/CVF international conference on computer vision},
  pages={1314--1324},
  year={2019}
}

@article{hu2020reinforcement,
  title={A reinforcement learning approach for optimizing multiple traveling salesman problems over graphs},
  author={Hu, Yujiao and Yao, Yuan and Lee, Wee Sun},
  journal={Knowledge-Based Systems},
  volume={204},
  pages={106244},
  year={2020},
  publisher={Elsevier}
}

@misc{humes2023squeezed,
      title={Squeezed Edge YOLO: Onboard Object Detection on Edge Devices}, 
      author={Edward Humes and others},
      year={2023},
      eprint={2312.11716},
      archivePrefix={arXiv},
      primaryClass={cs.CV}
}

@inproceedings{khatib1985real,
  title={Real-time obstacle avoidance for manipulators and mobile robots},
  author={Khatib, Oussama},
  booktitle={Proceedings. 1985 IEEE international conference on robotics and automation},
  volume={2},
  pages={500--505},
  year={1985},
  organization={IEEE}
}

@article{kivelevitch2013market,
  title={A market-based solution to the multiple traveling salesmen problem},
  author={Kivelevitch, Elad and Cohen, Kelly and Kumar, Manish},
  journal={Journal of Intelligent \& Robotic Systems},
  volume={72},
  pages={21--40},
  year={2013},
  publisher={Springer}
}

@article{koubaa2017move,
  title={Move and improve: a market-based mechanism for the multiple depot multiple travelling salesmen problem},
  author={Koub{\^a}a, Anis and Cheikhrouhou, Omar and Bennaceur, Hachemi and Sriti, Mohamed-Foued and Javed, Yasir and Ammar, Adel},
  journal={Journal of Intelligent \& Robotic Systems},
  volume={85},
  pages={307--330},
  year={2017},
  publisher={Springer}
}

@article{lu2019mission,
  title={Mission-oriented ant-team ACO for min--max MTSP},
  author={Lu, Li-Chih and Yue, Tai-Wen},
  journal={Applied Soft Computing},
  volume={76},
  pages={436--444},
  year={2019},
  publisher={Elsevier}
}

@inproceedings{ma2019coordinated,
  title={Coordinated optimization algorithm combining GA with cluster for multi-UAVs to multi-tasks task assignment and path planning},
  author={Ma, Yunhong and Zhang, Heng and Zhang, Yaozhong and Gao, Ruizhou and Xu, Zhao and Yang, Jie},
  booktitle={2019 IEEE 15th International Conference on Control and Automation (ICCA)},
  pages={1026--1031},
  year={2019},
  organization={IEEE}
}

@article{marin2018global,
  title={Global and local path planning study in a ROS-based research platform for autonomous vehicles},
  author={Marin-Plaza, Pablo and Hussein, Ahmed and Martin, David and Escalera, Arturo de la},
  journal={Journal of Advanced Transportation},
  volume={2018},
  number={1},
  pages={6392697},
  year={2018},
  publisher={Wiley Online Library}
}

@inproceedings{oberlin2009transformation,
  title={A transformation for a multiple depot, multiple traveling salesman problem},
  author={Oberlin, Paul and Rathinam, Sivakumar and Darbha, Swaroop},
  booktitle={2009 American Control Conference},
  pages={2636--2641},
  year={2009},
  organization={IEEE}
}

@article{preti2021insect,
  title={Insect pest monitoring with camera-equipped traps: Strengths and limitations},
  author={Preti, Michele and Verheggen, Fran{\c{c}}ois and Angeli, Sergio},
  journal={Journal of pest science},
  volume={94},
  number={2},
  pages={203--217},
  year={2021},
  publisher={Springer}
}

@inproceedings{rosmann2013efficient,
  title={Efficient trajectory optimization using a sparse model},
  author={R{\"o}smann, Christoph and Feiten, Wendelin and W{\"o}sch, Thomas and Hoffmann, Frank and Bertram, Torsten},
  booktitle={2013 European Conference on Mobile Robots},
  pages={138--143},
  year={2013},
  organization={IEEE}
}

@inproceedings{rusci2023parallel,
  title={Parallel Execution of the Viola-Jones Algorithm on MCUs for Low-Cost Automated Pest Detection},
  author={Rusci, Manuele and others},
  booktitle={2023 IEEE Conference on AgriFood Electronics (CAFE)},
  pages={35--39},
  year={2023},
  organization={IEEE}
}

@inproceedings{sandler2018mobilenetv2,
  title={Mobilenetv2: Inverted residuals and linear bottlenecks},
  author={Sandler, Mark and Howard, Andrew and Zhu, Menglong and Zhmoginov, Andrey and Chen, Liang-Chieh},
  booktitle={Proceedings of the IEEE conference on computer vision and pattern recognition},
  pages={4510--4520},
  year={2018}
}

@article{sezer2012novel,
  title={A novel obstacle avoidance algorithm:“Follow the Gap Method”},
  author={Sezer, Volkan and Gokasan, Metin},
  journal={Robotics and Autonomous Systems},
  volume={60},
  number={9},
  pages={1123--1134},
  year={2012},
  publisher={Elsevier}
}

@article{sundar2017algorithms,
  title={Algorithms for heterogeneous, multiple depot, multiple unmanned vehicle path planning problems},
  author={Sundar, Kaarthik and Rathinam, Sivakumar},
  journal={Journal of Intelligent \& Robotic Systems},
  volume={88},
  pages={513--526},
  year={2017},
  publisher={Springer}
}

@article{tahmasebi2022autonomous,
  title={An autonomous pesticide sprayer robot with a color-based vision system},
  author={Tahmasebi, Mona and Gohari, Mohammad and Emami, Alireza},
  journal={International Journal of Robotics and Control Systems},
  volume={2},
  number={1},
  pages={115--123},
  year={2022}
}

@inproceedings{ulrich1998vfh+,
  title={VFH+: Reliable obstacle avoidance for fast mobile robots},
  author={Ulrich, Iwan and Borenstein, Johann},
  booktitle={Proceedings. 1998 IEEE international conference on robotics and automation (Cat. No. 98CH36146)},
  volume={2},
  pages={1572--1577},
  year={1998},
  organization={IEEE}
}

@inproceedings{ulrich2000vfh,
  title={VFH/sup*: Local obstacle avoidance with look-ahead verification},
  author={Ulrich, Iwan and Borenstein, Johann},
  booktitle={Proceedings 2000 ICRA. Millennium Conference. IEEE International Conference on Robotics and Automation. Symposia Proceedings (Cat. No. 00CH37065)},
  volume={3},
  pages={2505--2511},
  year={2000},
  organization={IEEE}
}

@article{venkatesh2015two,
  title={Two metaheuristic approaches for the multiple traveling salesperson problem},
  author={Venkatesh, Pandiri and Singh, Alok},
  journal={Applied Soft Computing},
  volume={26},
  pages={74--89},
  year={2015},
  publisher={Elsevier}
}

@article{wei2020particle,
  title={Particle swarm optimization for cooperative multi-robot task allocation: a multi-objective approach},
  author={Wei, Changyun and Ji, Ze and Cai, Boliang},
  journal={IEEE Robotics and Automation Letters},
  volume={5},
  number={2},
  pages={2530--2537},
  year={2020},
  publisher={IEEE}
}

@article{wichmann2015smooth,
  title={Smooth path construction and adjustment for multiple mobile sinks in wireless sensor networks},
  author={Wichmann, Andrew and Korkmaz, Turgay},
  journal={Computer Communications},
  volume={72},
  pages={93--106},
  year={2015},
  publisher={Elsevier}
}

@article{yuan2013new,
  title={A new crossover approach for solving the multiple travelling salesmen problem using genetic algorithms},
  author={Yuan, Shuai and Skinner, Bradley and Huang, Shoudong and Liu, Dikai},
  journal={European journal of operational research},
  volume={228},
  number={1},
  pages={72--82},
  year={2013},
  publisher={Elsevier}
}

