@article{AtkesonEstimation,
author = {Christopher G. Atkeson and Chae H. An and John M. Hollerbach},
title ={Estimation of Inertial Parameters of Manipulator Loads and Links},

journal = {The International Journal of Robotics Research},
volume = {5},
number = {3},
pages = {101-119},
year = {1986},
doi = {10.1177/027836498600500306},

URL = { 
    
        https://doi.org/10.1177/027836498600500306
    
    

},
eprint = { 
    
        https://doi.org/10.1177/027836498600500306
    
    

}
,
    abstract = { The inertial parameters of manipulator rigid-body loads and links have been automatically estimated as a result of gen eral movement. The Newton-Euler equations have been recast to relate linearly the measured joint forces or torques via acceleration-dependent coefficients to the inertial parame ters, which have then been estimated by least squares. Load estimation was implemented on a PUMA 600 robot equipped with an R TI FS-B wrist force-torque sensor and on the MIT Serial Link Direct Drive Arm equipped with a Barry Wright Company Astek wrist force-torque sensor. Good estimates were obtained for load mass and center of mass, and the forces and torques due to movement of the load could be pre dicted accurately. The load moments of inertia were more difficult to estimate. Link estimation was implemented on the MIT Serial Link Direct Drive Arm. A good match was ob tained between joint torques predicted from the estimated parameters and the joint torques estimated from motor cur rents. The match actually proved superior to predicted torques based on link inertial parameters derived by CAD modeling. Restrictions on the identifiability of link inertial parameters due to restricted sensing and movement near the base have been addressed. Implications of estimation accu racy for manipulator dynamics and control have been consid ered. }
}

@article{Haarnoja_2024,
   title={Learning agile soccer skills for a bipedal robot with deep reinforcement learning},
   volume={9},
   ISSN={2470-9476},
   url={http://dx.doi.org/10.1126/scirobotics.adi8022},
   DOI={10.1126/scirobotics.adi8022},
   number={89},
   journal={Science Robotics},
   publisher={American Association for the Advancement of Science (AAAS)},
   author={Haarnoja, Tuomas and Moran, Ben and Lever, Guy and Huang, Sandy H. and Tirumala, Dhruva and Humplik, Jan and Wulfmeier, Markus and Tunyasuvunakool, Saran and Siegel, Noah Y. and Hafner, Roland and Bloesch, Michael and Hartikainen, Kristian and Byravan, Arunkumar and Hasenclever, Leonard and Tassa, Yuval and Sadeghi, Fereshteh and Batchelor, Nathan and Casarini, Federico and Saliceti, Stefano and Game, Charles and Sreendra, Neil and Patel, Kushal and Gwira, Marlon and Huber, Andrea and Hurley, Nicole and Nori, Francesco and Hadsell, Raia and Heess, Nicolas},
   year={2024},
   month=apr }

@article{Hwangbo_2019,
   title={Learning agile and dynamic motor skills for legged robots},
   volume={4},
   ISSN={2470-9476},
   url={http://dx.doi.org/10.1126/scirobotics.aau5872},
   DOI={10.1126/scirobotics.aau5872},
   number={26},
   journal={Science Robotics},
   publisher={American Association for the Advancement of Science (AAAS)},
   author={Hwangbo, Jemin and Lee, Joonho and Dosovitskiy, Alexey and Bellicoso, Dario and Tsounis, Vassilios and Koltun, Vladlen and Hutter, Marco},
   year={2019},
   month=jan }

@INPROCEEDINGS{Ji2022Soccer,
  author={Ji, Yandong and Li, Zhongyu and Sun, Yinan and Peng, Xue Bin and Levine, Sergey and Berseth, Glen and Sreenath, Koushil},
  booktitle={2022 IEEE/RSJ International Conference on Intelligent Robots and Systems (IROS)}, 
  title={Hierarchical Reinforcement Learning for Precise Soccer Shooting Skills using a Quadrupedal Robot}, 
  year={2022},
  volume={},
  number={},
  pages={1479-1486},
  keywords={Legged locomotion;Robot motion;Target tracking;Dynamics;Reinforcement learning;Planning;Quadrupedal robots},
  doi={10.1109/IROS47612.2022.9981984}}

@INPROCEEDINGS{Ji2023DribbleBot,
  author={Ji, Yandong and Margolis, Gabriel B. and Agrawal, Pulkit},
  booktitle={2023 IEEE International Conference on Robotics and Automation (ICRA)}, 
  title={DribbleBot: Dynamic Legged Manipulation in the Wild}, 
  year={2023},
  volume={},
  number={},
  pages={5155-5162},
  keywords={Legged locomotion;Dynamics;Robot vision systems;Cameras;Trajectory;Behavioral sciences;Quadrupedal robots},
  doi={10.1109/ICRA48891.2023.10160325}}

@ARTICLE{LeeGeometric,
  author={Lee, Taeyoon and Wensing, Patrick M. and Park, Frank C.},
  journal={IEEE Transactions on Robotics}, 
  title={Geometric Robot Dynamic Identification: A Convex Programming Approach}, 
  year={2020},
  volume={36},
  number={2},
  pages={348-365},
  keywords={Robot kinematics;Aerodynamics;Ellipsoids;Computational modeling;Legged locomotion;Calibration and identification;dynamics},
  doi={10.1109/TRO.2019.2926491}}

@article{Lee_2020,
   title={Learning quadrupedal locomotion over challenging terrain},
   volume={5},
   ISSN={2470-9476},
   url={http://dx.doi.org/10.1126/scirobotics.abc5986},
   DOI={10.1126/scirobotics.abc5986},
   number={47},
   journal={Science Robotics},
   publisher={American Association for the Advancement of Science (AAAS)},
   author={Lee, Joonho and Hwangbo, Jemin and Wellhausen, Lorenz and Koltun, Vladlen and Hutter, Marco},
   year={2020},
   month=oct }

@misc{Mentee_Robotics_2024, 
title={AI for Humanoid Robotics - A lecture by Mentee Robotics’ CEO, Prof. Lior Wolf}, 
url={http://www.youtube.com/watch?v=y1LG4YwUtoo&t=1391s.}, 
journal={YouTube}, 
publisher={YouTube}, 
author={Mentee Robotics}, 
year={2024}, 
month={Aug}}

@INPROCEEDINGS{SchwendemanHumanoidSysID,
  author={Schwendeman, Laura and SaLoutos, Andrew and Stanger-Jones, Elijah and Kim, Sangbae},
  booktitle={2023 IEEE-RAS 22nd International Conference on Humanoid Robots (Humanoids)}, 
  title={Improving Domain Transfer of Robot Dynamics Models with Geometric System Identification and Learned Friction Compensation}, 
  year={2023},
  volume={},
  number={},
  pages={1-8},
  keywords={Friction;Pipelines;Neural networks;Humanoid robots;Hardware;Data models;System identification},
  doi={10.1109/Humanoids57100.2023.10375233}}

@inproceedings{abe2013dynamic,
  title={Dynamic whole-body robotic manipulation},
  author={Abe, Yeuhi and Stephens, Benjamin and Murphy, Michael P and Rizzi, Alfred A},
  booktitle={Unmanned Systems Technology XV},
  volume={8741},
  pages={280--290},
  year={2013},
  organization={SPIE}
}

@inproceedings{bellicoso2019alma,
  title={Alma-articulated locomotion and manipulation for a torque-controllable robot},
  author={Bellicoso, C Dario and Kr{\"a}mer, Koen and St{\"a}uble, Markus and Sako, Dhionis and Jenelten, Fabian and Bjelonic, Marko and Hutter, Marco},
  booktitle={2019 International conference on robotics and automation (ICRA)},
  pages={8477--8483},
  year={2019},
  organization={IEEE}
}

@article{cheng2024expressive,
  title={Expressive whole-body control for humanoid robots},
  author={Cheng, Xuxin and Ji, Yandong and Chen, Junming and Yang, Ruihan and Yang, Ge and Wang, Xiaolong},
  journal={arXiv preprint arXiv:2402.16796},
  year={2024}
}

@inproceedings{disneyBDX,
author = {Grandia, Ruben and Knoop, Espen and Hopkins, Michael and Wiedebach, Georg and Bishop, Jared and Pickles, Steven and Müller, David and Bächer, Moritz},
year = {2024},
month = {07},
pages = {},
title = {Design and Control of a Bipedal Robotic Character},
doi = {10.15607/RSS.2024.XX.103}
}

@article{dugar2024learning,
  title={Learning Multi-Modal Whole-Body Control for Real-World Humanoid Robots},
  author={Dugar, Pranay and Shrestha, Aayam and Yu, Fangzhou and van Marum, Bart and Fern, Alan},
  journal={arXiv preprint arXiv:2408.07295},
  year={2024}
}

@inproceedings{fu2023deep,
  title={Deep whole-body control: Learning a unified policy for manipulation and locomotion},
  author={Fu, Zipeng and Cheng, Xuxin and Pathak, Deepak},
  booktitle={Conference on Robot Learning},
  pages={138--149},
  year={2023},
  organization={PMLR}
}

@misc{fu2024humanplushumanoidshadowingimitation,
      title={HumanPlus: Humanoid Shadowing and Imitation from Humans}, 
      author={Zipeng Fu and Qingqing Zhao and Qi Wu and Gordon Wetzstein and Chelsea Finn},
      year={2024},
      eprint={2406.10454},
      archivePrefix={arXiv},
      primaryClass={cs.RO},
      url={https://arxiv.org/abs/2406.10454}, 
}

@misc{gruenstein2021residualmodellearningmicrorobot,
      title={Residual Model Learning for Microrobot Control}, 
      author={Joshua Gruenstein and Tao Chen and Neel Doshi and Pulkit Agrawal},
      year={2021},
      eprint={2104.00631},
      archivePrefix={arXiv},
      primaryClass={cs.RO},
      url={https://arxiv.org/abs/2104.00631}, 
}

@article{ha2024umi,
  title={UMI on Legs: Making Manipulation Policies Mobile with Manipulation-Centric Whole-body Controllers},
  author={Ha, Huy and Gao, Yihuai and Fu, Zipeng and Tan, Jie and Song, Shuran},
  journal={arXiv preprint arXiv:2407.10353},
  year={2024}
}

@article{he2024learning,
  title={Learning human-to-humanoid real-time whole-body teleoperation},
  author={He, Tairan and Luo, Zhengyi and Xiao, Wenli and Zhang, Chong and Kitani, Kris and Liu, Changliu and Shi, Guanya},
  journal={arXiv preprint arXiv:2403.04436},
  year={2024}
}

@misc{kumar2021rmarapidmotoradaptation,
      title={RMA: Rapid Motor Adaptation for Legged Robots}, 
      author={Ashish Kumar and Zipeng Fu and Deepak Pathak and Jitendra Malik},
      year={2021},
      eprint={2107.04034},
      archivePrefix={arXiv},
      primaryClass={cs.LG},
      url={https://arxiv.org/abs/2107.04034}, 
}

@misc{li2024reinforcementlearningversatiledynamic,
      title={Reinforcement Learning for Versatile, Dynamic, and Robust Bipedal Locomotion Control}, 
      author={Zhongyu Li and Xue Bin Peng and Pieter Abbeel and Sergey Levine and Glen Berseth and Koushil Sreenath},
      year={2024},
      eprint={2401.16889},
      archivePrefix={arXiv},
      primaryClass={cs.RO},
      url={https://arxiv.org/abs/2401.16889}, 
}

@article{liu2024visual,
  title={Visual Whole-Body Control for Legged Loco-Manipulation},
  author={Liu, Minghuan and Chen, Zixuan and Cheng, Xuxin and Ji, Yandong and Yang, Ruihan and Wang, Xiaolong},
  journal={arXiv preprint arXiv:2403.16967},
  year={2024}
}

@inproceedings{luo2023perpetual,
  title={Perpetual humanoid control for real-time simulated avatars},
  author={Luo, Zhengyi and Cao, Jinkun and Kitani, Kris and Xu, Weipeng and others},
  booktitle={Proceedings of the IEEE/CVF International Conference on Computer Vision},
  pages={10895--10904},
  year={2023}
}

@article{luo2024smplolympics,
  title={SMPLOlympics: Sports Environments for Physically Simulated Humanoids},
  author={Luo, Zhengyi and Wang, Jiashun and Liu, Kangni and Zhang, Haotian and Tessler, Chen and Wang, Jingbo and Yuan, Ye and Cao, Jinkun and Lin, Zihui and Wang, Fengyi and others},
  journal={arXiv preprint arXiv:2407.00187},
  year={2024}
}

@article{ma2022combining,
  title={Combining learning-based locomotion policy with model-based manipulation for legged mobile manipulators},
  author={Ma, Yuntao and Farshidian, Farbod and Miki, Takahiro and Lee, Joonho and Hutter, Marco},
  journal={IEEE Robotics and Automation Letters},
  volume={7},
  number={2},
  pages={2377--2384},
  year={2022},
  publisher={IEEE}
}

@article{makoviychuk2021isaac,
  title={Isaac gym: High performance gpu-based physics simulation for robot learning},
  author={Makoviychuk, Viktor and Wawrzyniak, Lukasz and Guo, Yunrong and Lu, Michelle and Storey, Kier and Macklin, Miles and Hoeller, David and Rudin, Nikita and Allshire, Arthur and Handa, Ankur and others},
  journal={arXiv preprint arXiv:2108.10470},
  year={2021}
}

@INPROCEEDINGS{mujoco,
  author={Todorov, Emanuel and Erez, Tom and Tassa, Yuval},
  booktitle={2012 IEEE/RSJ International Conference on Intelligent Robots and Systems}, 
  title={MuJoCo: A physics engine for model-based control}, 
  year={2012},
  volume={},
  number={},
  pages={5026-5033},
  keywords={Engines;Optimization;Computational modeling;Heuristic algorithms;Dynamics;Mathematical model},
  doi={10.1109/IROS.2012.6386109}}

@inproceedings{murphy2012high,
  title={High degree-of-freedom dynamic manipulation},
  author={Murphy, Michael P and Stephens, Benjamin and Abe, Yeuhi and Rizzi, Alfred A},
  booktitle={Unmanned Systems Technology XIV},
  volume={8387},
  pages={339--348},
  year={2012},
  organization={SPIE}
}

@article{portela2024learning,
  title={Learning Force Control for Legged Manipulation},
  author={Portela, Tifanny and Margolis, Gabriel B and Ji, Yandong and Agrawal, Pulkit},
  journal={arXiv preprint arXiv:2405.01402},
  year={2024}
}

@misc{radosavovic2023realworldhumanoidlocomotionreinforcement,
      title={Real-World Humanoid Locomotion with Reinforcement Learning}, 
      author={Ilija Radosavovic and Tete Xiao and Bike Zhang and Trevor Darrell and Jitendra Malik and Koushil Sreenath},
      year={2023},
      eprint={2303.03381},
      archivePrefix={arXiv},
      primaryClass={cs.RO},
      url={https://arxiv.org/abs/2303.03381}, 
}

@inproceedings{schwarke2023curiosity,
  title={Curiosity-Driven Learning of Joint Locomotion and Manipulation Tasks},
  author={Schwarke, Clemens and Klemm, Victor and Van der Boon, Matthijs and Bjelonic, Marko and Hutter, Marco},
  booktitle={Proceedings of The 7th Conference on Robot Learning},
  volume={229},
  pages={2594--2610},
  year={2023},
  organization={PMLR}
}

@inproceedings{sentis2006whole,
  title={A whole-body control framework for humanoids operating in human environments},
  author={Sentis, Luis and Khatib, Oussama},
  booktitle={Proceedings 2006 IEEE International Conference on Robotics and Automation, 2006. ICRA 2006.},
  pages={2641--2648},
  year={2006},
  organization={IEEE}
}

@misc{sferrazza2024humanoidbenchsimulatedhumanoidbenchmark,
      title={HumanoidBench: Simulated Humanoid Benchmark for Whole-Body Locomotion and Manipulation}, 
      author={Carmelo Sferrazza and Dun-Ming Huang and Xingyu Lin and Youngwoon Lee and Pieter Abbeel},
      year={2024},
      eprint={2403.10506},
      archivePrefix={arXiv},
      primaryClass={cs.RO},
      url={https://arxiv.org/abs/2403.10506}, 
}

@article{sleiman2021unified,
  title={A unified mpc framework for whole-body dynamic locomotion and manipulation},
  author={Sleiman, Jean-Pierre and Farshidian, Farbod and Minniti, Maria Vittoria and Hutter, Marco},
  journal={IEEE Robotics and Automation Letters},
  volume={6},
  number={3},
  pages={4688--4695},
  year={2021},
  publisher={IEEE}
}

@inproceedings{sontakke2023residual,
  title={Residual physics learning and system identification for sim-to-real transfer of policies on buoyancy assisted legged robots},
  author={Sontakke, Nitish and Chae, Hosik and Lee, Sangjoon and Huang, Tianle and Hong, Dennis W and Hal, Sehoon},
  booktitle={2023 IEEE/RSJ International Conference on Intelligent Robots and Systems (IROS)},
  pages={392--399},
  year={2023},
  organization={IEEE}
}

@article{zeng2020tossingbot,
  title={Tossingbot: Learning to throw arbitrary objects with residual physics},
  author={Zeng, Andy and Song, Shuran and Lee, Johnny and Rodriguez, Alberto and Funkhouser, Thomas},
  journal={IEEE Transactions on Robotics},
  volume={36},
  number={4},
  pages={1307--1319},
  year={2020},
  publisher={IEEE}
}

@article{zhang2024wococo,
  title={WoCoCo: Learning Whole-Body Humanoid Control with Sequential Contacts},
  author={Zhang, Chong and Xiao, Wenli and He, Tairan and Shi, Guanya},
  journal={arXiv preprint arXiv:2406.06005},
  year={2024}
}

