@article{McGeer01041990,
  author = {McGeer, Tad}, 
  title = {\href{http://ijr.sagepub.com/content/9/2/62.abstract}{Passive Dynamic Walking}}, 
  volume = {9}, 
  number = {2}, 
  pages = {62-82}, 
  year = {1990}, 
  doi = {10.1177/027836499000900206}, 
  URL = {http://ijr.sagepub.com/content/9/2/62.abstract}, 
  eprint = {http://ijr.sagepub.com/content/9/2/62.full.pdf+html}, 
  journal = {The International Journal of Robotics Research}
}

@article{kalman1960new,
  title={A new approach to linear filtering and prediction problems},
  author={Kalman, R.E.},
  journal={Journal of Basic Engineering},
  volume={82},
  number={1},
  pages={35--45},
  year={1960},
  publisher={Citeseer}
}

@Article{Gauss1857,
  Title                    = {Theory of the motion of the heavenly bodies moving about the sun in conic sections},
  Author                   = {Carl Friedrich Gauss and Charles Henry Davis},
  Journal                  = {Gauss's Theoria Motus},
  Year                     = {1857},
  Number                   = {1},
  Pages                    = {5--23},
  Volume                   = {76}
}

@Book{Lagrange1788,
  title		= {M{\'e}canique Analytique},
  author	= {Joseph-Louis Lagrange},
  publisher	= {Desaint, Paris},
  year		= {1788}
}


@article{werner2024dynamic,
  title={Dynamic Throwing with Robotic Material Handling Machines},
  author={Werner, Lennart and Nan, Fang and Eyschen, Pol and Spinelli, Filippo A and Yang, Hongyi and Hutter, Marco},
  journal={arXiv preprint arXiv:2405.19001},
  year={2024}
}

@inproceedings{bellicoso2019alma,
  title={Alma-articulated locomotion and manipulation for a torque-controllable robot},
  author={Bellicoso, C Dario and Kr{\"a}mer, Koen and St{\"a}uble, Markus and Sako, Dhionis and Jenelten, Fabian and Bjelonic, Marko and Hutter, Marco},
  booktitle={2019 International conference on robotics and automation (ICRA)},
  pages={8477--8483},
  year={2019},
  organization={IEEE}
}

@article{sleiman2021unified,
  title={A unified mpc framework for whole-body dynamic locomotion and manipulation},
  author={Sleiman, Jean-Pierre and Farshidian, Farbod and Minniti, Maria Vittoria and Hutter, Marco},
  journal={IEEE Robotics and Automation Letters},
  volume={6},
  number={3},
  pages={4688--4695},
  year={2021},
  publisher={IEEE}
}

@inproceedings{fu2023deep,
  title={Deep whole-body control: Learning a unified policy for manipulation and locomotion},
  author={Fu, Zipeng and Cheng, Xuxin and Pathak, Deepak},
  booktitle={Conference on Robot Learning},
  pages={138--149},
  year={2023},
  organization={PMLR}
}

@article{liu2024visual,
  title={Visual Whole-Body Control for Legged Loco-Manipulation},
  author={Liu, Minghuan and Chen, Zixuan and Cheng, Xuxin and Ji, Yandong and Yang, Ruihan and Wang, Xiaolong},
  journal={arXiv preprint arXiv:2403.16967},
  year={2024}
}

@article{portela2024learning,
  title={Learning Force Control for Legged Manipulation},
  author={Portela, Tifanny and Margolis, Gabriel B and Ji, Yandong and Agrawal, Pulkit},
  journal={arXiv preprint arXiv:2405.01402},
  year={2024}
}

@article{pan2024roboduet,
  title={RoboDuet: A Framework Affording Mobile-Manipulation and Cross-Embodiment},
  author={Pan, Guoping and Ben, Qingwei and Yuan, Zhecheng and Jiang, Guangqi and Ji, Yandong and Pang, Jiangmiao and Liu, Houde and Xu, Huazhe},
  journal={arXiv preprint arXiv:2403.17367},
  year={2024}
}


@article{ma2022combining,
  title={Combining learning-based locomotion policy with model-based manipulation for legged mobile manipulators},
  author={Ma, Yuntao and Farshidian, Farbod and Miki, Takahiro and Lee, Joonho and Hutter, Marco},
  journal={IEEE Robotics and Automation Letters},
  volume={7},
  number={2},
  pages={2377--2384},
  year={2022},
  publisher={IEEE}
}

@inproceedings{abe2013dynamic,
  title={Dynamic whole-body robotic manipulation},
  author={Abe, Yeuhi and Stephens, Benjamin and Murphy, Michael P and Rizzi, Alfred A},
  booktitle={Unmanned Systems Technology XV},
  volume={8741},
  pages={280--290},
  year={2013},
  organization={SPIE}
}

@inproceedings{murphy2012high,
  title={High degree-of-freedom dynamic manipulation},
  author={Murphy, Michael P and Stephens, Benjamin and Abe, Yeuhi and Rizzi, Alfred A},
  booktitle={Unmanned Systems Technology XIV},
  volume={8387},
  pages={339--348},
  year={2012},
  organization={SPIE}
}

@misc{schulman2017proximal,
      title={Proximal Policy Optimization Algorithms}, 
      author={John Schulman and Filip Wolski and Prafulla Dhariwal and Alec Radford and Oleg Klimov},
      year={2017},
      eprint={1707.06347},
      archivePrefix={arXiv},
      primaryClass={cs.LG}
}

@article{isaacsim2022,
  title={NVIDIA Isaac-Sim},
  author={NVIDIA},
  journal={https://developer.nvidia.com/isaac-sim},
  year={May 2022}
}

@ARTICLE{concurrent_se,
  author={Ji, Gwanghyeon and Mun, Juhyeok and Kim, Hyeongjun and Hwangbo, Jemin},
  journal={IEEE Robotics and Automation Letters}, 
  title={Concurrent Training of a Control Policy and a State Estimator for Dynamic and Robust Legged Locomotion}, 
  year={2022},
  volume={7},
  number={2},
  pages={4630-4637},
  keywords={Robots;Training;Legged locomotion;Neural networks;Sensors;Quadrupedal robots;History;Legged robots;reinforcement learning},
  doi={10.1109/LRA.2022.3151396}}

@misc{shin2023actuatorconstrained,
      title={Actuator-Constrained Reinforcement Learning for High-Speed Quadrupedal Locomotion}, 
      author={Young-Ha Shin and Tae-Gyu Song and Gwanghyeon Ji and Hae-Won Park},
      year={2023},
      eprint={2312.17507},
      archivePrefix={arXiv},
      primaryClass={cs.RO}
}

% domain randomization 
@misc{tobin2017domain,
      title={Domain Randomization for Transferring Deep Neural Networks from Simulation to the Real World}, 
      author={Josh Tobin and Rachel Fong and Alex Ray and Jonas Schneider and Wojciech Zaremba and Pieter Abbeel},
      year={2017},
      eprint={1703.06907},
      archivePrefix={arXiv},
      primaryClass={cs.RO}
}

@misc{xie2021dynamics,
      title={Dynamics Randomization Revisited:A Case Study for Quadrupedal Locomotion}, 
      author={Zhaoming Xie and Xingye Da and Michiel van de Panne and Buck Babich and Animesh Garg},
      year={2021},
      eprint={2011.02404},
      archivePrefix={arXiv},
      primaryClass={cs.RO}
}

@misc{tan2018simtoreal,
      title={Sim-to-Real: Learning Agile Locomotion For Quadruped Robots}, 
      author={Jie Tan and Tingnan Zhang and Erwin Coumans and Atil Iscen and Yunfei Bai and Danijar Hafner and Steven Bohez and Vincent Vanhoucke},
      year={2018},
      eprint={1804.10332},
      archivePrefix={arXiv},
      primaryClass={cs.RO}
}

@misc{hatton2021physics,
  title={The physics and mathematics of javelin throwing},
  author={Hatton, Les}
}

@article{ma2023eureka,
  title={Eureka: Human-level reward design via coding large language models},
  author={Ma, Yecheng Jason and Liang, William and Wang, Guanzhi and Huang, De-An and Bastani, Osbert and Jayaraman, Dinesh and Zhu, Yuke and Fan, Linxi and Anandkumar, Anima},
  journal={arXiv preprint arXiv:2310.12931},
  year={2023}
}

@inproceedings{schwarke2023curiosity,
  title={Curiosity-Driven Learning of Joint Locomotion and Manipulation Tasks},
  author={Schwarke, Clemens and Klemm, Victor and Van der Boon, Matthijs and Bjelonic, Marko and Hutter, Marco},
  booktitle={Proceedings of The 7th Conference on Robot Learning},
  volume={229},
  pages={2594--2610},
  year={2023},
  organization={PMLR}
}


@article{jenelten2024dtc,
  title={DTC: Deep Tracking Control},
  author={Jenelten, Fabian and He, Junzhe and Farshidian, Farbod and Hutter, Marco},
  journal={Science Robotics},
  volume={9},
  number={86},
  pages={eadh5401},
  year={2024},
  publisher={American Association for the Advancement of Science}
}

@article{jenelten2022tamols,
  title={TAMOLS: Terrain-aware motion optimization for legged systems},
  author={Jenelten, Fabian and Grandia, Ruben and Farshidian, Farbod and Hutter, Marco},
  journal={IEEE Transactions on Robotics},
  volume={38},
  number={6},
  pages={3395--3413},
  year={2022},
  publisher={IEEE}
}

@article{makoviychuk2021isaac,
  title={Isaac gym: High performance gpu-based physics simulation for robot learning},
  author={Makoviychuk, Viktor and Wawrzyniak, Lukasz and Guo, Yunrong and Lu, Michelle and Storey, Kier and Macklin, Miles and Hoeller, David and Rudin, Nikita and Allshire, Arthur and Handa, Ankur and others},
  journal={arXiv preprint arXiv:2108.10470},
  year={2021}
}

@book{darwin1859origin,
  title={On the Origin of Species},
  author={Darwin, Charles},
  year={1859},
  publisher={John Murray},
  address={London},
  edition={1st}
}


@article{HWBC-Sentis,
author = {Sentis, Luis and Khatib, Oussama},
title = {SYNTHESIS OF WHOLE-BODY BEHAVIORS THROUGH HIERARCHICAL CONTROL OF BEHAVIORAL PRIMITIVES},
journal = {International Journal of Humanoid Robotics},
volume = {02},
number = {04},
pages = {505-518},
year = {2005},
doi = {10.1142/S0219843605000594},
URL = { https://doi.org/10.1142/S0219843605000594
},
eprint = { https://doi.org/10.1142/S0219843605000594
},
abstract = { To synthesize whole-body behaviors interactively, multiple behavioral primitives need to be simultaneously controlled, including those that guarantee that the constraints imposed by the robot's structure and the external environment are satisfied. Behavioral primitives are entities for the control of various movement criteria, e.g. primitives describing the behavior of the center of gravity, the behaviors of the hands, legs, and head, the body attitude and posture, the constrained body parts such as joint-limits and contacts, etc. By aggregating multiple primitives, we synthesize whole-body behaviors. For safety and for efficient control, we establish a control hierarchy among behavioral primitives, which is exploited to establish control priorities among the different control categories, i.e. constraints, operational tasks, and postures. Constraints should always be guaranteed, while operational tasks should be accomplished without violating the acting constraints, and the posture should control the residual movement redundancy. In this paper, we will present a multi-level hierarchical control structure that allows the establishment of general priorities among behavioral primitives, and we will describe compliant control strategies for efficient control under contact interactions. }
}

@misc{rudin2022learningwalkminutesusing,
      title={Learning to Walk in Minutes Using Massively Parallel Deep Reinforcement Learning}, 
      author={Nikita Rudin and David Hoeller and Philipp Reist and Marco Hutter},
      year={2022},
      eprint={2109.11978},
      archivePrefix={arXiv},
      primaryClass={cs.RO},
      url={https://arxiv.org/abs/2109.11978}, 
}

@misc{fu2024humanplushumanoidshadowingimitation,
      title={HumanPlus: Humanoid Shadowing and Imitation from Humans}, 
      author={Zipeng Fu and Qingqing Zhao and Qi Wu and Gordon Wetzstein and Chelsea Finn},
      year={2024},
      eprint={2406.10454},
      archivePrefix={arXiv},
      primaryClass={cs.RO},
      url={https://arxiv.org/abs/2406.10454}, 
}

@misc{sferrazza2024humanoidbenchsimulatedhumanoidbenchmark,
      title={HumanoidBench: Simulated Humanoid Benchmark for Whole-Body Locomotion and Manipulation}, 
      author={Carmelo Sferrazza and Dun-Ming Huang and Xingyu Lin and Youngwoon Lee and Pieter Abbeel},
      year={2024},
      eprint={2403.10506},
      archivePrefix={arXiv},
      primaryClass={cs.RO},
      url={https://arxiv.org/abs/2403.10506}, 
}

@misc{cheng2024expressivewholebodycontrolhumanoid,
      title={Expressive Whole-Body Control for Humanoid Robots}, 
      author={Xuxin Cheng and Yandong Ji and Junming Chen and Ruihan Yang and Ge Yang and Xiaolong Wang},
      year={2024},
      eprint={2402.16796},
      archivePrefix={arXiv},
      primaryClass={cs.RO},
      url={https://arxiv.org/abs/2402.16796}, 
}

@inproceedings{Serifi2024VMP,
  title = {VMP: Versatile Motion Priors for Robustly Tracking Motion on Physical Characters},
  author = {Agon Serifi and Ruben Grandia and Espen Knoop and Markus Gross and Moritz B{\"a}cher},
  booktitle = {ACM SIGGRAPH / Eurographics Symposium on Computer Animation (SCA)},
  year = {2024},
  month = {August},
  url = {\url{https://la.disneyresearch.com/wp-content/uploads/VMP$\_$paper.pdf}},
}

@INPROCEEDINGS{Ma2023Arm-AssistedRecovery,
  author={Ma, Yuntao and Farshidian, Farbod and Hutter, Marco},
  booktitle={2023 IEEE International Conference on Robotics and Automation (ICRA)}, 
  title={Learning Arm-Assisted Fall Damage Reduction and Recovery for Legged Mobile Manipulators}, 
  year={2023},
  volume={},
  number={},
  pages={12149-12155},
  keywords={Training;Legged locomotion;Adaptation models;Torque;Automation;Manipulators;Hardware},
  doi={10.1109/ICRA48891.2023.10160582}}

@INPROCEEDINGS{Ji2022Soccer,
  author={Ji, Yandong and Li, Zhongyu and Sun, Yinan and Peng, Xue Bin and Levine, Sergey and Berseth, Glen and Sreenath, Koushil},
  booktitle={2022 IEEE/RSJ International Conference on Intelligent Robots and Systems (IROS)}, 
  title={Hierarchical Reinforcement Learning for Precise Soccer Shooting Skills using a Quadrupedal Robot}, 
  year={2022},
  volume={},
  number={},
  pages={1479-1486},
  keywords={Legged locomotion;Robot motion;Target tracking;Dynamics;Reinforcement learning;Planning;Quadrupedal robots},
  doi={10.1109/IROS47612.2022.9981984}}

@INPROCEEDINGS{Ji2023DribbleBot,
  author={Ji, Yandong and Margolis, Gabriel B. and Agrawal, Pulkit},
  booktitle={2023 IEEE International Conference on Robotics and Automation (ICRA)}, 
  title={DribbleBot: Dynamic Legged Manipulation in the Wild}, 
  year={2023},
  volume={},
  number={},
  pages={5155-5162},
  keywords={Legged locomotion;Dynamics;Robot vision systems;Cameras;Trajectory;Behavioral sciences;Quadrupedal robots},
  doi={10.1109/ICRA48891.2023.10160325}}

@inproceedings{disneyBDX,
author = {Grandia, Ruben and Knoop, Espen and Hopkins, Michael and Wiedebach, Georg and Bishop, Jared and Pickles, Steven and Müller, David and Bächer, Moritz},
year = {2024},
month = {07},
pages = {},
title = {Design and Control of a Bipedal Robotic Character},
doi = {10.15607/RSS.2024.XX.103}
}

@article{cheng2024expressive,
  title={Expressive whole-body control for humanoid robots},
  author={Cheng, Xuxin and Ji, Yandong and Chen, Junming and Yang, Ruihan and Yang, Ge and Wang, Xiaolong},
  journal={arXiv preprint arXiv:2402.16796},
  year={2024}
}

@article{luo2024grasping,
  title={Grasping Diverse Objects with Simulated Humanoids},
  author={Luo, Zhengyi and Cao, Jinkun and Christen, Sammy and Winkler, Alexander and Kitani, Kris and Xu, Weipeng},
  journal={arXiv preprint arXiv:2407.11385},
  year={2024}
}

@inproceedings{luo2023perpetual,
  title={Perpetual humanoid control for real-time simulated avatars},
  author={Luo, Zhengyi and Cao, Jinkun and Kitani, Kris and Xu, Weipeng and others},
  booktitle={Proceedings of the IEEE/CVF International Conference on Computer Vision},
  pages={10895--10904},
  year={2023}
}

@article{luo2024smplolympics,
  title={SMPLOlympics: Sports Environments for Physically Simulated Humanoids},
  author={Luo, Zhengyi and Wang, Jiashun and Liu, Kangni and Zhang, Haotian and Tessler, Chen and Wang, Jingbo and Yuan, Ye and Cao, Jinkun and Lin, Zihui and Wang, Fengyi and others},
  journal={arXiv preprint arXiv:2407.00187},
  year={2024}
}

@article{he2024learning,
  title={Learning human-to-humanoid real-time whole-body teleoperation},
  author={He, Tairan and Luo, Zhengyi and Xiao, Wenli and Zhang, Chong and Kitani, Kris and Liu, Changliu and Shi, Guanya},
  journal={arXiv preprint arXiv:2403.04436},
  year={2024}
}

@article{dugar2024learning,
  title={Learning Multi-Modal Whole-Body Control for Real-World Humanoid Robots},
  author={Dugar, Pranay and Shrestha, Aayam and Yu, Fangzhou and van Marum, Bart and Fern, Alan},
  journal={arXiv preprint arXiv:2408.07295},
  year={2024}
}

@article{ha2024umi,
  title={UMI on Legs: Making Manipulation Policies Mobile with Manipulation-Centric Whole-body Controllers},
  author={Ha, Huy and Gao, Yihuai and Fu, Zipeng and Tan, Jie and Song, Shuran},
  journal={arXiv preprint arXiv:2407.10353},
  year={2024}
}

@inproceedings{sentis2006whole,
  title={A whole-body control framework for humanoids operating in human environments},
  author={Sentis, Luis and Khatib, Oussama},
  booktitle={Proceedings 2006 IEEE International Conference on Robotics and Automation, 2006. ICRA 2006.},
  pages={2641--2648},
  year={2006},
  organization={IEEE}
}

@inproceedings{pratt1997virtual,
  title={Virtual model control of a bipedal walking robot},
  author={Pratt, Jerry and Dilworth, Peter and Pratt, Gill},
  booktitle={Proceedings of international conference on robotics and automation},
  volume={1},
  pages={193--198},
  year={1997},
  organization={IEEE}
}

@misc{julian2020stoplearningeffectivenessfinetuning,
      title={Never Stop Learning: The Effectiveness of Fine-Tuning in Robotic Reinforcement Learning}, 
      author={Ryan Julian and Benjamin Swanson and Gaurav S. Sukhatme and Sergey Levine and Chelsea Finn and Karol Hausman},
      year={2020},
      eprint={2004.10190},
      archivePrefix={arXiv},
      primaryClass={cs.LG},
      url={https://arxiv.org/abs/2004.10190}, 
}

@misc{kumar2021rmarapidmotoradaptation,
      title={RMA: Rapid Motor Adaptation for Legged Robots}, 
      author={Ashish Kumar and Zipeng Fu and Deepak Pathak and Jitendra Malik},
      year={2021},
      eprint={2107.04034},
      archivePrefix={arXiv},
      primaryClass={cs.LG},
      url={https://arxiv.org/abs/2107.04034}, 
}

@misc{radosavovic2023realworldhumanoidlocomotionreinforcement,
      title={Real-World Humanoid Locomotion with Reinforcement Learning}, 
      author={Ilija Radosavovic and Tete Xiao and Bike Zhang and Trevor Darrell and Jitendra Malik and Koushil Sreenath},
      year={2023},
      eprint={2303.03381},
      archivePrefix={arXiv},
      primaryClass={cs.RO},
      url={https://arxiv.org/abs/2303.03381}, 
}

@misc{long2024hybridinternalmodellearning,
      title={Hybrid Internal Model: Learning Agile Legged Locomotion with Simulated Robot Response}, 
      author={Junfeng Long and Zirui Wang and Quanyi Li and Jiawei Gao and Liu Cao and Jiangmiao Pang},
      year={2024},
      eprint={2312.11460},
      archivePrefix={arXiv},
      primaryClass={cs.RO},
      url={https://arxiv.org/abs/2312.11460}, 
}

@article{Hwangbo_2019,
   title={Learning agile and dynamic motor skills for legged robots},
   volume={4},
   ISSN={2470-9476},
   url={http://dx.doi.org/10.1126/scirobotics.aau5872},
   DOI={10.1126/scirobotics.aau5872},
   number={26},
   journal={Science Robotics},
   publisher={American Association for the Advancement of Science (AAAS)},
   author={Hwangbo, Jemin and Lee, Joonho and Dosovitskiy, Alexey and Bellicoso, Dario and Tsounis, Vassilios and Koltun, Vladlen and Hutter, Marco},
   year={2019},
   month=jan }

@INPROCEEDINGS{SchwendemanHumanoidSysID,
  author={Schwendeman, Laura and SaLoutos, Andrew and Stanger-Jones, Elijah and Kim, Sangbae},
  booktitle={2023 IEEE-RAS 22nd International Conference on Humanoid Robots (Humanoids)}, 
  title={Improving Domain Transfer of Robot Dynamics Models with Geometric System Identification and Learned Friction Compensation}, 
  year={2023},
  volume={},
  number={},
  pages={1-8},
  keywords={Friction;Pipelines;Neural networks;Humanoid robots;Hardware;Data models;System identification},
  doi={10.1109/Humanoids57100.2023.10375233}}

@article{Lee_2020,
   title={Learning quadrupedal locomotion over challenging terrain},
   volume={5},
   ISSN={2470-9476},
   url={http://dx.doi.org/10.1126/scirobotics.abc5986},
   DOI={10.1126/scirobotics.abc5986},
   number={47},
   journal={Science Robotics},
   publisher={American Association for the Advancement of Science (AAAS)},
   author={Lee, Joonho and Hwangbo, Jemin and Wellhausen, Lorenz and Koltun, Vladlen and Hutter, Marco},
   year={2020},
   month=oct }

@misc{li2024reinforcementlearningversatiledynamic,
      title={Reinforcement Learning for Versatile, Dynamic, and Robust Bipedal Locomotion Control}, 
      author={Zhongyu Li and Xue Bin Peng and Pieter Abbeel and Sergey Levine and Glen Berseth and Koushil Sreenath},
      year={2024},
      eprint={2401.16889},
      archivePrefix={arXiv},
      primaryClass={cs.RO},
      url={https://arxiv.org/abs/2401.16889}, 
}

@misc{radosavovic2024learninghumanoidlocomotionchallenging,
      title={Learning Humanoid Locomotion over Challenging Terrain}, 
      author={Ilija Radosavovic and Sarthak Kamat and Trevor Darrell and Jitendra Malik},
      year={2024},
      eprint={2410.03654},
      archivePrefix={arXiv},
      primaryClass={cs.RO},
      url={https://arxiv.org/abs/2410.03654}, 
}


@article{AtkesonEstimation,
author = {Christopher G. Atkeson and Chae H. An and John M. Hollerbach},
title ={Estimation of Inertial Parameters of Manipulator Loads and Links},

journal = {The International Journal of Robotics Research},
volume = {5},
number = {3},
pages = {101-119},
year = {1986},
doi = {10.1177/027836498600500306},

URL = { 
    
        https://doi.org/10.1177/027836498600500306
    
    

},
eprint = { 
    
        https://doi.org/10.1177/027836498600500306
    
    

}
,
    abstract = { The inertial parameters of manipulator rigid-body loads and links have been automatically estimated as a result of gen eral movement. The Newton-Euler equations have been recast to relate linearly the measured joint forces or torques via acceleration-dependent coefficients to the inertial parame ters, which have then been estimated by least squares. Load estimation was implemented on a PUMA 600 robot equipped with an R TI FS-B wrist force-torque sensor and on the MIT Serial Link Direct Drive Arm equipped with a Barry Wright Company Astek wrist force-torque sensor. Good estimates were obtained for load mass and center of mass, and the forces and torques due to movement of the load could be pre dicted accurately. The load moments of inertia were more difficult to estimate. Link estimation was implemented on the MIT Serial Link Direct Drive Arm. A good match was ob tained between joint torques predicted from the estimated parameters and the joint torques estimated from motor cur rents. The match actually proved superior to predicted torques based on link inertial parameters derived by CAD modeling. Restrictions on the identifiability of link inertial parameters due to restricted sensing and movement near the base have been addressed. Implications of estimation accu racy for manipulator dynamics and control have been consid ered. }
}

@ARTICLE{LeeGeometric,
  author={Lee, Taeyoon and Wensing, Patrick M. and Park, Frank C.},
  journal={IEEE Transactions on Robotics}, 
  title={Geometric Robot Dynamic Identification: A Convex Programming Approach}, 
  year={2020},
  volume={36},
  number={2},
  pages={348-365},
  keywords={Robot kinematics;Aerodynamics;Ellipsoids;Computational modeling;Legged locomotion;Calibration and identification;dynamics},
  doi={10.1109/TRO.2019.2926491}}

@article{WensingGeometricObservability,
author = {Patrick M. Wensing and Günter Niemeyer and Jean-Jacques E. Slotine},
title ={A geometric characterization of observability in inertial parameter identification},

journal = {The International Journal of Robotics Research},
volume = {43},
number = {14},
pages = {2274-2302},
year = {2024},
doi = {10.1177/02783649241258215},

URL = { 
    
        https://doi.org/10.1177/02783649241258215
    
    

},
eprint = { 
    
        https://doi.org/10.1177/02783649241258215
    
    

}
,
    abstract = { This paper presents an algorithm to geometrically characterize inertial parameter identifiability for an articulated robot. The geometric approach tests identifiability across the infinite space of configurations using only a finite set of conditions and without approximation. It can be applied to general open-chain kinematic trees ranging from industrial manipulators to legged robots, and it is the first solution for this broad set of systems that is provably correct. The high-level operation of the algorithm is based on a key observation: Undetectable changes in inertial parameters can be represented as sequences of inertial transfers across the joints. Drawing on the exponential parameterization of rigid-body kinematics, undetectable inertial transfers are analyzed in terms of observability from linear systems theory. This analysis can be applied recursively, and lends an overall complexity of O(N) to characterize parameter identifiability for a system of N bodies. Matlab source code for the new algorithm is provided. }
}

@INPROCEEDINGS{mujoco,
  author={Todorov, Emanuel and Erez, Tom and Tassa, Yuval},
  booktitle={2012 IEEE/RSJ International Conference on Intelligent Robots and Systems}, 
  title={MuJoCo: A physics engine for model-based control}, 
  year={2012},
  volume={},
  number={},
  pages={5026-5033},
  keywords={Engines;Optimization;Computational modeling;Heuristic algorithms;Dynamics;Mathematical model},
  doi={10.1109/IROS.2012.6386109}}

@misc{gruenstein2021residualmodellearningmicrorobot,
      title={Residual Model Learning for Microrobot Control}, 
      author={Joshua Gruenstein and Tao Chen and Neel Doshi and Pulkit Agrawal},
      year={2021},
      eprint={2104.00631},
      archivePrefix={arXiv},
      primaryClass={cs.RO},
      url={https://arxiv.org/abs/2104.00631}, 
}

@misc{Mentee_Robotics_2024, 
title={AI for Humanoid Robotics - A lecture by Mentee Robotics’ CEO, Prof. Lior Wolf}, 
url={http://www.youtube.com/watch?v=y1LG4YwUtoo&t=1391s.}, 
journal={YouTube}, 
publisher={YouTube}, 
author={Mentee Robotics}, 
year={2024}, 
month={Aug}} 

@misc{hadfieldmenell2020inverserewarddesign,
      title={Inverse Reward Design}, 
      author={Dylan Hadfield-Menell and Smitha Milli and Pieter Abbeel and Stuart Russell and Anca Dragan},
      year={2020},
      eprint={1711.02827},
      archivePrefix={arXiv},
      primaryClass={cs.AI},
      url={https://arxiv.org/abs/1711.02827}, 
}

@misc{amodei2016concreteproblemsaisafety,
      title={Concrete Problems in AI Safety}, 
      author={Dario Amodei and Chris Olah and Jacob Steinhardt and Paul Christiano and John Schulman and Dan Mané},
      year={2016},
      eprint={1606.06565},
      archivePrefix={arXiv},
      primaryClass={cs.AI},
      url={https://arxiv.org/abs/1606.06565}, 
}

@misc{margolis2022rapidlocomotionreinforcementlearning,
      title={Rapid Locomotion via Reinforcement Learning}, 
      author={Gabriel B Margolis and Ge Yang and Kartik Paigwar and Tao Chen and Pulkit Agrawal},
      year={2022},
      eprint={2205.02824},
      archivePrefix={arXiv},
      primaryClass={cs.RO},
      url={https://arxiv.org/abs/2205.02824}, 
}

@misc{margolis2021learningjumppixels,
      title={Learning to Jump from Pixels}, 
      author={Gabriel B. Margolis and Tao Chen and Kartik Paigwar and Xiang Fu and Donghyun Kim and Sangbae Kim and Pulkit Agrawal},
      year={2021},
      eprint={2110.15344},
      archivePrefix={arXiv},
      primaryClass={cs.RO},
      url={https://arxiv.org/abs/2110.15344}, 
}

@misc{park2024automaticenvironmentshapingfrontier,
      title={Automatic Environment Shaping is the Next Frontier in RL}, 
      author={Younghyo Park and Gabriel B. Margolis and Pulkit Agrawal},
      year={2024},
      eprint={2407.16186},
      archivePrefix={arXiv},
      primaryClass={cs.RO},
      url={https://arxiv.org/abs/2407.16186}, 
}

@inproceedings{sontakke2023residual,
  title={Residual physics learning and system identification for sim-to-real transfer of policies on buoyancy assisted legged robots},
  author={Sontakke, Nitish and Chae, Hosik and Lee, Sangjoon and Huang, Tianle and Hong, Dennis W and Hal, Sehoon},
  booktitle={2023 IEEE/RSJ International Conference on Intelligent Robots and Systems (IROS)},
  pages={392--399},
  year={2023},
  organization={IEEE}
}


@article{zeng2020tossingbot,
  title={Tossingbot: Learning to throw arbitrary objects with residual physics},
  author={Zeng, Andy and Song, Shuran and Lee, Johnny and Rodriguez, Alberto and Funkhouser, Thomas},
  journal={IEEE Transactions on Robotics},
  volume={36},
  number={4},
  pages={1307--1319},
  year={2020},
  publisher={IEEE}
}

@inproceedings{agrawal2022task,
  title={The task specification problem},
  author={Agrawal, Pulkit},
  booktitle={Conference on Robot Learning},
  pages={1745--1751},
  year={2022},
  organization={PMLR}
}

@inproceedings{booth2023perils,
  title={The perils of trial-and-error reward design: misdesign through overfitting and invalid task specifications},
  author={Booth, Serena and Knox, W Bradley and Shah, Julie and Niekum, Scott and Stone, Peter and Allievi, Alessandro},
  booktitle={Proceedings of the AAAI Conference on Artificial Intelligence},
  volume={37},
  number={5},
  pages={5920--5929},
  year={2023}
}

@article{Haarnoja_2024,
   title={Learning agile soccer skills for a bipedal robot with deep reinforcement learning},
   volume={9},
   ISSN={2470-9476},
   url={http://dx.doi.org/10.1126/scirobotics.adi8022},
   DOI={10.1126/scirobotics.adi8022},
   number={89},
   journal={Science Robotics},
   publisher={American Association for the Advancement of Science (AAAS)},
   author={Haarnoja, Tuomas and Moran, Ben and Lever, Guy and Huang, Sandy H. and Tirumala, Dhruva and Humplik, Jan and Wulfmeier, Markus and Tunyasuvunakool, Saran and Siegel, Noah Y. and Hafner, Roland and Bloesch, Michael and Hartikainen, Kristian and Byravan, Arunkumar and Hasenclever, Leonard and Tassa, Yuval and Sadeghi, Fereshteh and Batchelor, Nathan and Casarini, Federico and Saliceti, Stefano and Game, Charles and Sreendra, Neil and Patel, Kushal and Gwira, Marlon and Huber, Andrea and Hurley, Nicole and Nori, Francesco and Hadsell, Raia and Heess, Nicolas},
   year={2024},
   month=apr }


@inproceedings{nahrendra2023dreamwaq,
  title={DreamWaQ: Learning robust quadrupedal locomotion with implicit terrain imagination via deep reinforcement learning},
  author={Nahrendra, I Made Aswin and Yu, Byeongho and Myung, Hyun},
  booktitle={2023 IEEE International Conference on Robotics and Automation (ICRA)},
  pages={5078--5084},
  year={2023},
  organization={IEEE}
}

@article{ji2022concurrent,
  title={Concurrent training of a control policy and a state estimator for dynamic and robust legged locomotion},
  author={Ji, Gwanghyeon and Mun, Juhyeok and Kim, Hyeongjun and Hwangbo, Jemin},
  journal={IEEE Robotics and Automation Letters},
  volume={7},
  number={2},
  pages={4630--4637},
  year={2022},
  publisher={IEEE}
}
@article{zhang2024wococo,
  title={WoCoCo: Learning Whole-Body Humanoid Control with Sequential Contacts},
  author={Zhang, Chong and Xiao, Wenli and He, Tairan and Shi, Guanya},
  journal={arXiv preprint arXiv:2406.06005},
  year={2024}
}