@misc{RaiSim,
title = {RaiSim physics engine},
howpublished = {https://raisim.com/}
}

@article{bazzana2024augmented,
  title={How-to Augmented Lagrangian on Factor Graphs},
  author={Bazzana, B. and Andreasson, H. and Grisetti, G.},
  journal={IEEE Robotics and Automation Letters},
  year={2024}
}

@misc{bullet,
title = {Bullet physics engine},
howpublished = {https://pybullet.org/}
}

@inproceedings{carpentier2021proximal,
  title={Proximal and sparse resolution of constrained dynamic equations},
  author={Carpentier, J. and Budhiraja, R. and Mansard, N.},
  booktitle={Robotics: Science and Systems},
  year={2021}
}

@article{castro2020transition,
  title={A transition-aware method for the simulation of compliant contact with regularized friction},
  author={Castro, A. M. and Qu, A. and Kuppuswamy, N. and Alspach, A. and Sherman, M.},
  journal={IEEE Robotics and Automation Letters},
  volume={5},
  number={2},
  pages={1859--1866},
  year={2020},
  publisher={IEEE}
}

@article{castro2022unconstrained,
  title={An unconstrained convex formulation of compliant contact},
  author={Castro, A. M. and Permenter, F. N and Han, X.},
  journal={IEEE Transactions on Robotics},
  volume={39},
  number={2},
  pages={1301--1320},
  year={2022},
  publisher={IEEE}
}

@misc{drake,
 author = "Russ Tedrake and the Drake Development Team",
 title = "Drake: Model-based design and verification for robotics",
 year = 2019,
 url = "https://drake.mit.edu"
}

@article{geilinger2020add,
  title={Add: Analytically differentiable dynamics for multi-body systems with frictional contact},
  author={Geilinger, M. and Hahn, D. and Zehnder, J. and B{\"a}cher, M. and Thomaszewski, B. and Coros, S.},
  journal={ACM Transactions on Graphics},
  volume={39},
  number={6},
  pages={1--15},
  year={2020},
  publisher={ACM New York, NY, USA}
}

@inproceedings{hermans2019qpalm,
  title={QPALM: a Newton-type proximal augmented Lagrangian method for quadratic programs},
  author={Hermans, B. and Themelis, A. and Patrinos, P.},
  booktitle={IEEE Conference on Decision and Control},
  pages={4325--4330},
  year={2019},
  organization={IEEE}
}

@article{horak2019similarities,
author={Horak, P. C. and Trinkle, J. C.},
title={On the Similarities and Differences Among Contact Models in Robot Simulation}, 
journal={IEEE Robotics and Automation Letters}, 
volume={4},
number={2},
pages={493-499},
year={2019}}

@inproceedings{howell2019altro,
  title={ALTRO: A fast solver for constrained trajectory optimization},
  author={Howell, T. A. and Jackson, B. E. and Manchester, Z.},
  booktitle={IEEE/RSJ International Conference on Intelligent Robots and Systems},
  pages={7674--7679},
  year={2019}
}

@article{howell2022dojo,
  title={Dojo: A differentiable simulator for robotics},
  author={Howell, T. A. and Le Cleac’h, S. and Kolter, J. Z. and Schwager, M. and Manchester, Z.},
  journal={arXiv preprint arXiv:2203.00806},
  volume={9},
  year={2022}
}

@article{hwangbo2018per,
author={Hwangbo, J. and Lee, J. and Hutter, M.},
journal={IEEE Robotics and Automation Letters}, 
title={Per-Contact Iteration Method for Solving Contact Dynamics}, 
volume={3},
number={2},
pages={895-902},
year={2018}}

@article{lee2018dart,
  doi = {10.21105/joss.00500},
  url = {https://doi.org/10.21105/joss.00500},
  year  = {2018},
  publisher = {The Open Journal},
  volume = {3},
  number = {22},
  pages = {500},
  author = {J. Lee and M. X. Grey and S. Ha and T. Kunz and S. Jain and Y. Ye and S. S. Srinivasa and M. Stilman and C. K. Liu},
  title = {{DART}: Dynamic Animation and Robotics Toolkit},
  journal = {The Journal of Open Source Software}
}

@inproceedings{lee2023modular,
  author={Lee, J. and Lee, M. and Lee, D.},
  booktitle={IEEE International Conference on Robotics and Automation}, 
  title={Modular and Parallelizable Multibody Physics Simulation via Subsystem-Based ADMM}, 
  pages={10132-10138}, 
  year={2023}
}

@inproceedings{llyod2005fast,
author={Lloyd, J. E.},
booktitle={IEEE International Conference on Robotics and Automation}, 
title={Fast Implementation of Lemke's Algorithm for Rigid Body Contact Simulation}, 
year={2005}}

@article{macklin2014unified,
author = {Macklin, M. and M\"{u}ller, M. and Chentanez, N. and Kim, T.},
title = {Unified Particle Physics for Real-Time Applications},
year = {2014},
volume = {33},
number = {4},
journal = {ACM Transactions on Graphics},
numpages = {12}}

@inproceedings{macklin2016xpbd,
title={XPBD: Position-Based Simulation of Compliant Constrained Dynamics},
author={Macklin, M. and Müller, M. and Chentanez, N.},
booktitle = {International Conference on Motion in Games},
year={2016},
pages = {49-54},
doi = {10.1145/2994258.2994272}}

@article{macklin2019nonsmooth, 
title={Non-smooth Newton Methods for Deformable Multi-body Dynamics},
author={Macklin, M. and Erleben, K. and M\"{u}ller, M. and Chentanez, N. and Jeschke, S. and Makoviychuk, V.},
journal={ACM Transactions on Graphics},
volume={38},
number={5},
pages={1-20},
year={2019}}

@inproceedings{macklin2019small,
title={Small Steps in Physics Simulation},
author={Macklin, M. and Storey, K. and Lu, M. and Terdiman, P. and Chentanez, N. and Jeschke, S. and Müller, M.},
booktitle = {ACM SIGGRAPH/Eurographics Symposium on Computer Animation},
year={2019}}

@article{makoviychuk2021isaac,
  title={Isaac gym: High performance gpu-based physics simulation for robot learning},
  author={Makoviychuk, V. and Wawrzyniak, L. and Guo, Y. and Lu, M. and Storey, K. and Macklin, M. and Hoeller, D. and Rudin, N. and Allshire, A. and Handa, A. and others},
  journal={arXiv preprint arXiv:2108.10470},
  year={2021}
}

@article{moreau1962fonctions,
  title={Fonctions convexes duales et points proximaux dans un espace hilbertien},
  author={Moreau, J. J.},
  journal={Comptes rendus hebdomadaires des s{\'e}ances de l'Acad{\'e}mie des sciences},
  volume={255},
  pages={2897--2899},
  year={1962}
}

@misc{mujoco,
title = {Mujoco physics engine},
howpublished = {http://www.mujoco.org/}
}

@inproceedings{muller2020detailed,
  title={Detailed rigid body simulation with extended position based dynamics},
  author={M{\"u}ller, M. and Macklin, M. and Chentanez, N. and Jeschke, S. and Kim, T.},
  booktitle={Computer Graphics Forum},
  volume={39},
  number={8},
  pages={101--112},
  year={2020},
  organization={Wiley Online Library}
}

@misc{ode,
title = {Open dynamics engine},
howpublished = {http://ode.org}
}

@article{parikh2014proximal,
  title={Proximal algorithms},
  author={Parikh, N. and Boyd, S. and others},
  journal={Foundations and trends{\textregistered} in Optimization},
  volume={1},
  number={3},
  pages={127--239},
  year={2014}
}

@article{potra1997formulating, 
title={Formulating Dynamic Multi-Rigid-Body Contact Problems with Friction as Solvable Linear Complementarity Problems},
author={Anitescu, M. and Potra, F. A.},
journal={Nonlinear Dynamics},
volume={14},
pages={231-247},
year={1997}}

@inproceedings{sopasakis2019superscs,
  title={SuperSCS: fast and accurate large-scale conic optimization},
  author={Sopasakis, P. and Menounou, K. and Patrinos, P.},
  booktitle={European Control Conference},
  pages={1500--1505},
  year={2019}
}

@article{stellato2020osqp,
author = {Stellato, B. and Banjac, G. and Goulart, P. and Bemporad, A. and Boyd, S.},
title = {OSQP: an operator splitting solver for quadratic programs},
journal={Mathematical Programming Computation},
volume = {12},
pages={637-672},    
year = {2020}}

@inproceedings{todorov2014convex,
author={Todorov, E.},
booktitle={IEEE International Conference on Robotics and Automation}, 
title={Convex and analytically-invertible dynamics with contacts and constraints: Theory and implementation in MuJoCo}, 
year={2014},
pages={6054-6061}}

