@inproceedings{lee2021parallelized,
title={A Parallelized Iterative Algorithm for Real-Time Simulation of Long Flexible Cable Manipulation},
author={Lee, J. and Lee, M. and Yoon, J. and Lee, D. J.},
booktitle = {IEEE International Conference on Robotics and Automation},
year={2021},
pages={12040-12046},
doi={10.1109/ICRA48506.2021.9561905}}

@inproceedings{lee2023modular,
  author={Lee, J. and Lee, M. and Lee, D.},
  booktitle={IEEE International Conference on Robotics and Automation}, 
  title={Modular and Parallelizable Multibody Physics Simulation via Subsystem-Based ADMM}, 
  pages={10132-10138}, 
  year={2023}
}

@article{lee2022large,
  title={Large-dimensional multibody dynamics simulation using contact nodalization and diagonalization},
  author={Lee, J. and Lee, M. and Lee, D.},
  journal={IEEE Transactions on Robotics},
  volume={39},
  number={2},
  pages={1419--1438},
  year={2022}
}

@inproceedings{lee2023uncertain,
  title={Uncertain Pose Estimation during Contact Tasks using Differentiable Contact Features},
  author={Lee, J. and Lee, M. and Lee, D.},
  booktitle={Robotics: Science and Systems},
  year={2023}
}

@inproceedings{lee2024efficient,
  title={Efficient Gradient-Based Inference for Manipulation Planning in Contact Factor Graphs},
  author={Lee, J. and Park, S. and Lee, M. and Lee, D.}
}


@article{agos2019solving, 
title={Solving the Rubik’s cube with deep reinforcement learning and search},
author={Agostinelli, F. and McAleer, S. and Shmakov, A. and Baldi, P.},
journal={Nature Machine Intelligence},
volume={1},
number={8},
pages={356-363},
year={2019}}

@article{zeng2020tossingbot,
author={Zeng, A. and Song, S. and Lee, J. and Rodriguez, A. and Funkhouser, T.},
journal={IEEE Transactions on Robotics}, 
title={TossingBot: Learning to Throw Arbitrary Objects With Residual Physics}, 
year={2020},
volume={36},
number={4},
pages={1307-1319}}

@article{lee2020making,
title={Making Sense of Vision and Touch: Learning Multimodal Representations for Contact-Rich Tasks}, 
author={Lee, M. A. and Zhu, Y. and Zachares, P. and Tan, M. and Srinivasan, K. and Savarese, S. and Fei-Fei, L. and Garg, A. and Bohg, J.},
journal={IEEE Transactions on Robotics}, 
volume={36},
number={3},
pages={582-596},
year={2020}}

@inproceedings{ding2020sim,
author={Ding, Z. and Lepora, N. F. and Johns, E.},
booktitle={IEEE International Conference on Robotics and Automation}, 
title={Sim-to-Real Transfer for Optical Tactile Sensing}, 
year={2020},
pages={1639-1645}}


@article{pang2023global,
  title={Global planning for contact-rich manipulation via local smoothing of quasi-dynamic contact models},
  author={Pang, T. and Suh, H. and Yang, L. and Tedrake, R.},
  journal={IEEE Transactions on Robotics},
  year={2023},
  publisher={IEEE}
}

@inproceedings{mastalli2020crocoddyl,
author={Mastalli, C. and Budhiraja, R. and Merkt, W. and Saurel, G. and Hammoud, B. and Naveau, M. and Carpentier, J. and Righetti, L. and Vijayakumar, S. and Mansard, N.},
booktitle={IEEE International Conference on Robotics and Automation}, 
title={Crocoddyl: An Efficient and Versatile Framework for Multi-Contact Optimal Control}, 
pages={2536-2542},
year={2020}}

@article{stewart1996implicit,
  title={An implicit time-stepping scheme for rigid body dynamics with inelastic collisions and coulomb friction},
  author={Stewart, D. E. and Trinkle, J. C.},
  journal={International Journal for Numerical Methods in Engineering},
  volume={39},
  number={15},
  pages={2673--2691},
  year={1996},
  publisher={Wiley Online Library}
}

@article{potra1997formulating, 
title={Formulating Dynamic Multi-Rigid-Body Contact Problems with Friction as Solvable Linear Complementarity Problems},
author={Anitescu, M. and Potra, F. A.},
journal={Nonlinear Dynamics},
volume={14},
pages={231-247},
year={1997}}


@inproceedings{llyod2005fast,
author={Lloyd, J. E.},
booktitle={IEEE International Conference on Robotics and Automation}, 
title={Fast Implementation of Lemke's Algorithm for Rigid Body Contact Simulation}, 
year={2005}}

@inproceedings{macklin2016xpbd,
title={XPBD: Position-Based Simulation of Compliant Constrained Dynamics},
author={Macklin, M. and Müller, M. and Chentanez, N.},
booktitle = {International Conference on Motion in Games},
year={2016},
pages = {49-54},
doi = {10.1145/2994258.2994272}}

@article{macklin2014unified,
author = {Macklin, M. and M\"{u}ller, M. and Chentanez, N. and Kim, T.},
title = {Unified Particle Physics for Real-Time Applications},
year = {2014},
volume = {33},
number = {4},
journal = {ACM Transactions on Graphics},
numpages = {12}}

@inproceedings{todorov2014convex,
author={Todorov, E.},
booktitle={IEEE International Conference on Robotics and Automation}, 
title={Convex and analytically-invertible dynamics with contacts and constraints: Theory and implementation in MuJoCo}, 
year={2014},
pages={6054-6061}}

@article{horak2019similarities,
author={Horak, P. C. and Trinkle, J. C.},
title={On the Similarities and Differences Among Contact Models in Robot Simulation}, 
journal={IEEE Robotics and Automation Letters}, 
volume={4},
number={2},
pages={493-499},
year={2019}}


@misc{bullet,
title = {Bullet physics engine},
howpublished = {https://pybullet.org/}
}

@misc{mujoco,
title = {Mujoco physics engine},
howpublished = {http://www.mujoco.org/}
}

@misc{RaiSim,
title = {RaiSim physics engine},
howpublished = {https://raisim.com/}
}

@misc{flex,
title = {FleX physics engine},
howpublished = {https://developer.nvidia.com/flex}
}

@misc{physx,
title = {PhysX physics engine},
howpublished = {https://developer.nvidia.com/physx-sdk}
}

@misc{sofa,
title = {SOFA physics engine},
howpublished = {https://www.sofa-framework.org/}
}

@article{lee2018dart,
  doi = {10.21105/joss.00500},
  url = {https://doi.org/10.21105/joss.00500},
  year  = {2018},
  publisher = {The Open Journal},
  volume = {3},
  number = {22},
  pages = {500},
  author = {J. Lee and M. X. Grey and S. Ha and T. Kunz and S. Jain and Y. Ye and S. S. Srinivasa and M. Stilman and C. K. Liu},
  title = {{DART}: Dynamic Animation and Robotics Toolkit},
  journal = {The Journal of Open Source Software}
}

@misc{ode,
title = {Open dynamics engine},
howpublished = {http://ode.org}
}


@article{choi2021use,
author = {Choi, H. and Crump, C. and Duriez, C. and Elmquist, A. and Hager, G. and Han, D. and Hearl, F. and Hodgins, J. and Jain, A. and Leve, F. and Li, C. and Meier, F. and Negrut, D. and Righetti, L. and Rodriguez, A. and Tan. J. and Trinkle. J. },
title = {On the use of simulation in robotics: Opportunities, challenges, and suggestions for moving forward},
journal = {Proceedings of the National Academy of Sciences},
volume = {118},
number = {1},
pages = {e1907856118},
year = {2021}}


@article{hwangbo2018per,
author={Hwangbo, J. and Lee, J. and Hutter, M.},
journal={IEEE Robotics and Automation Letters}, 
title={Per-Contact Iteration Method for Solving Contact Dynamics}, 
volume={3},
number={2},
pages={895-902},
year={2018}}

@inproceedings{macklin2019small,
title={Small Steps in Physics Simulation},
author={Macklin, M. and Storey, K. and Lu, M. and Terdiman, P. and Chentanez, N. and Jeschke, S. and Müller, M.},
booktitle = {ACM SIGGRAPH/Eurographics Symposium on Computer Animation},
year={2019}}

@article{makoviychuk2021isaac,
  title={Isaac gym: High performance gpu-based physics simulation for robot learning},
  author={Makoviychuk, V. and Wawrzyniak, L. and Guo, Y. and Lu, M. and Storey, K. and Macklin, M. and Hoeller, D. and Rudin, N. and Allshire, A. and Handa, A. and others},
  journal={arXiv preprint arXiv:2108.10470},
  year={2021}
}


@article{geilinger2020add,
  title={Add: Analytically differentiable dynamics for multi-body systems with frictional contact},
  author={Geilinger, M. and Hahn, D. and Zehnder, J. and B{\"a}cher, M. and Thomaszewski, B. and Coros, S.},
  journal={ACM Transactions on Graphics},
  volume={39},
  number={6},
  pages={1--15},
  year={2020},
  publisher={ACM New York, NY, USA}
}

@article{castro2020transition,
  title={A transition-aware method for the simulation of compliant contact with regularized friction},
  author={Castro, A. M. and Qu, A. and Kuppuswamy, N. and Alspach, A. and Sherman, M.},
  journal={IEEE Robotics and Automation Letters},
  volume={5},
  number={2},
  pages={1859--1866},
  year={2020},
  publisher={IEEE}
}

@article{howell2022dojo,
  title={Dojo: A differentiable simulator for robotics},
  author={Howell, T. A. and Le Cleac’h, S. and Kolter, J. Z. and Schwager, M. and Manchester, Z.},
  journal={arXiv preprint arXiv:2203.00806},
  volume={9},
  year={2022}
}

@article{macklin2019nonsmooth, 
title={Non-smooth Newton Methods for Deformable Multi-body Dynamics},
author={Macklin, M. and Erleben, K. and M\"{u}ller, M. and Chentanez, N. and Jeschke, S. and Makoviychuk, V.},
journal={ACM Transactions on Graphics},
volume={38},
number={5},
pages={1-20},
year={2019}}

@article{castro2022unconstrained,
  title={An unconstrained convex formulation of compliant contact},
  author={Castro, A. M. and Permenter, F. N and Han, X.},
  journal={IEEE Transactions on Robotics},
  volume={39},
  number={2},
  pages={1301--1320},
  year={2022},
  publisher={IEEE}
}

@misc{drake,
 author = "Russ Tedrake and the Drake Development Team",
 title = "Drake: Model-based design and verification for robotics",
 year = 2019,
 url = "https://drake.mit.edu"
}

@article{moreau1962fonctions,
  title={Fonctions convexes duales et points proximaux dans un espace hilbertien},
  author={Moreau, J. J.},
  journal={Comptes rendus hebdomadaires des s{\'e}ances de l'Acad{\'e}mie des sciences},
  volume={255},
  pages={2897--2899},
  year={1962}
}

@article{parikh2014proximal,
  title={Proximal algorithms},
  author={Parikh, N. and Boyd, S. and others},
  journal={Foundations and trends{\textregistered} in Optimization},
  volume={1},
  number={3},
  pages={127--239},
  year={2014}
}

@inproceedings{hermans2019qpalm,
  title={QPALM: a Newton-type proximal augmented Lagrangian method for quadratic programs},
  author={Hermans, B. and Themelis, A. and Patrinos, P.},
  booktitle={IEEE Conference on Decision and Control},
  pages={4325--4330},
  year={2019},
  organization={IEEE}
}

@inproceedings{sopasakis2019superscs,
  title={SuperSCS: fast and accurate large-scale conic optimization},
  author={Sopasakis, P. and Menounou, K. and Patrinos, P.},
  booktitle={European Control Conference},
  pages={1500--1505},
  year={2019}
}

@inproceedings{carpentier2021proximal,
  title={Proximal and sparse resolution of constrained dynamic equations},
  author={Carpentier, J. and Budhiraja, R. and Mansard, N.},
  booktitle={Robotics: Science and Systems},
  year={2021}
}

@article{dai2023augmented,
  title={The augmented Lagrangian method can approximately solve convex optimization with least constraint violation},
  author={Dai, Y. and Zhang, L.},
  journal={Mathematical Programming},
  volume={200},
  number={2},
  pages={633--667},
  year={2023}
}

@article{kim2017haptic,
title={Haptic rendering and interactive simulation using passive midpoint integration},
author={Kim, M. and Lee, Y. and Lee, Y. and Lee, D. J.},
journal={International Journal of Robotics Research},
volume={36},
number={12},
pages={1341-1362},
year={2017}}

@article{acary2011formulation,
  title={A formulation of the linear discrete Coulomb friction problem via convex optimization},
  author={Acary, V. and Cadoux, F. and Lemar{\'e}chal, C. and Malick, J.},
  journal={ZAMM-Journal of Applied Mathematics and Mechanics/Zeitschrift f{\"u}r Angewandte Mathematik und Mechanik},
  volume={91},
  number={2},
  pages={155--175},
  year={2011},
  publisher={Wiley Online Library}
}

@article{yoon2022fast,
  title={Fast and accurate data-driven simulation framework for contact-intensive tight-tolerance robotic assembly tasks},
  author={Yoon, J. and Lee, M. and Son, D. and Lee, D.},
  journal={arXiv preprint arXiv:2202.13098},
  year={2022}
}

@article{daviet2020simple,
author = {Daviet, G.},
title = {Simple and Scalable Frictional Contacts for Thin Nodal Objects},
journal={ACM Transactions on Graphics},
volume = {39},
number = {4},
year = {2020}}

@article{verschoor2019efficient,
author = {Verschoor, M. and Jalba, A. C.},
title = {Efficient and Accurate Collision Response for Elastically Deformable Models},
year = {2019},
volume = {38},
number = {2},
journal = {ACM Transactions on Graphics},
numpages = {20}}

@article{baumgarte1972stabilization,
title = {Stabilization of constraints and integrals of motion in dynamical systems},
author = {Baumgarte, J.},
journal = {Computer Methods in Applied Mechanics and Engineering},
volume = {1},
number = {1},
pages = {1-16},
year = {1972}}

@article{andrews2017geometric,
title={Geometric Stiffness for Real-time Constrained Multibody Dynamics},
author={Andrews, S. and Teichmann, M. and Kry, P. G.},
journal={Computer Graphics Forum},
volume={36},
number={2},
pages={235-246},
year={2017}}


@book{boyd2011distributed,
title={Distributed Optimization and Statistical Learning via the Alternating Direction Method of Multipliers},
author={Boyd, S. and Parikh, N. and Chu, E. and Peleato, B. and Eckstein, J.},
year={2011},
publisher={Foundations and Trends in Machine Learning}}

@inproceedings{wang2019admm,
title={ADMM for Efficient Deep Learning with Global Convergence},
author={Wang, J. and Yu, F. and Chen, X. and Zhao, L.},
booktitle = {ACM International Conference on Knowledge Discovery $\&$ Data Mining},
year={2019},
pages={111-119},
doi={10.1145/3292500.3330936}}

@article{anitescu2006optimization,
  title={Optimization-based simulation of nonsmooth rigid multibody dynamics},
  author={Anitescu, M.},
  journal={Mathematical Programming},
  volume={105},
  pages={113--143},
  year={2006},
  publisher={Springer}
}

@book{featherstone2014rigid,
  title={Rigid body dynamics algorithms},
  author={Featherstone, R.},
  year={2014},
  publisher={Springer}
}

@article{periet2019schur,
title={Schur Complement-based Substructuring of Stiff Multibody Systems with Contact}, 
author={Peiret, A. and Andrews, S. and K\"{o}vecses, J. and Kry, P. G. and Teichmann, M.},
journal={ACM Transactions on Graphics}, 
volume={38},
number={5},
pages={1-17},
year={2019}}


@article{stellato2020osqp,
author = {Stellato, B. and Banjac, G. and Goulart, P. and Bemporad, A. and Boyd, S.},
title = {OSQP: an operator splitting solver for quadratic programs},
journal={Mathematical Programming Computation},
volume = {12},
pages={637-672},    
year = {2020}}

@article{tasora2021solving,
author={Tasora, A. and Mangoni, D. and Benatti, S. and Garziera, R.},
journal={International Journal for Numerical Method in Engineering}, 
title={Solving variational inequalities and cone complementarity problems in nonsmooth dynamics using the alternating direction method of multipliers}, 
year={2021},
volume={122},
number={16},
pages={4093-4113}}


@incollection{andrews2022contact,
  title={Contact and friction simulation for computer graphics},
  author={Andrews, S. and Erleben, K. and Ferguson, Z.},
  booktitle={ACM SIGGRAPH 2022 Courses},
  pages={1--172},
  year={2022}
}

@misc{franka,
title = {Franka Emika},
howpublished = {https://www.franka.de/}
}

@misc{husky,
title = {Clearpath Robotics},
howpublished = {https://clearpathrobotics.com/}
}

@article{kunze2018artificial,
title={Artificial Intelligence for Long-Term Robot Autonomy: A Survey}, 
author={Kunze, L. and Hawes, N. and Duckett, T. and Hanheide, M. and Krajník, T.},
journal={IEEE Robotics and Automation Letters}, 
volume={3},
number={4},
pages={4023-4030},
year={2018}}

@inproceedings{abbeel2018sim,
title={Sim-to-Real Transfer of Robotic Control with Dynamics Randomization},
author={Peng, X. B. and Andrychowicz, M. and Zaremba, W. and Abbeel, P.},
booktitle={IEEE International Conference of Robotics and Automation},
year={2018}}

@article{agostinelli2019solving, 
title={Solving the Rubik’s cube with deep reinforcement learning and search},
author={Agostinelli, F. and McAleer, S. and Shmakov, A. and Baldi, P.},
journal={Nature Machine Intelligence},
volume={1},
number={8},
pages={356-363},
year={2019}}

@article{hwangbo2019learning, 
title={Learning agile and dynamic motor skills for legged robots},
author={Hwangbo, J. and Lee, J. and Dosovitskiy, A. and Bellicoso, D. and Tsounis, V. and Koltun, V. and Hutter, M.},
journal={Science Robotics},
volume={4},
number={26},
year={2019}}

@inproceedings{son2020sim,
author={Son, D. and Yang, H. and Lee, D.},
booktitle={IEEE/RSJ International Conference on Intelligent Robots and Systems}, 
title={Sim-to-Real Transfer of Bolting Tasks with Tight Tolerance}, 
year={2020}}

@article{yin2021modeling,
title={Modeling, learning, perception, and control methods for deformable object manipulation},
author={Yin, H. and Varava, A. and Kragic, D.},
journal={Science Robotics},
volume={6},
number={54},
pages={eabd8803},
year={2021},
publisher={American Association for the Advancement of Science}
}

@inproceedings{matas2018sim,  
author={Matas, J. and James, S. and Davison, A. J.},
booktitle={Conference on Robot Learning},   
title={Sim-to-Real Reinforcement Learning for Deformable Object Manipulation}, 
year={2018}}

@inproceedings{zhang2021robots,  
author={Zhang, H. and Ichnowski, J. and Seita, D. and Wang, J. and Huang, H. and Goldberg, K.},
booktitle={IEEE International Conference of Robotics and Automation},   
title={Robots of the Lost Arc: Self-Supervised Learning to Dynamically Manipulate Fixed-Endpoint Cables}, 
year={2021}}

@inproceedings{hofer2020perspectives,  
author={Hofer, S. and Bekris, K. and Handa, A. and Gamboa, G. C. and Golemo, F. and Mozifian, M. and Atkeson, C. and Fox, D. and Goldberg, K. and Leonard J. and Liu, C. K. and Peters, J. and Song, S. and Welinder, P. and White, M.},
booktitle={Workshop in Robotics: Science and Systems},   
title={Perspectives on Sim2Real Transfer for Robotics:
A Summary of the R:SS 2020 Workshop}, 
year={2020}}


@article{liu2005computation,
author={Liu, T. and Wang, M.Y.},
journal={IEEE Transactions on Automation Science and Engineering}, 
title={Computation of three-dimensional rigid-body dynamics with multiple unilateral contacts using time-stepping and Gauss-Seidel methods}, 
volume={2},
number={1},
pages={19-31},
year={2005}}

@inproceedings{erleben2017rigid,
author = {Erleben, K.},
booktitle={Eurographics Symposium on Computer Animation}, 
title = {Rigid Body Contact Problems Using Proximal Operators},
year = {2017}}


@inproceedings{yamane2006stable,
title={Stable penalty-based model of frictional contacts},
author={Yamane, K. and Nakamura, Y.},
booktitle={IEEE International Conference on Robotics and Automation},
year={2006}
}

@article{khude2013efficient,
author = {Khude, N. and Stanciulescu, I. and Melanz, D. and Negrut, D.},
title = {Efficient Parallel Simulation of Large Flexible Body Systems With Multiple Contacts},
journal = {Journal of Computational and Nonlinear Dynamics},
volume = {8},
number = {4},
year = {2013}
}

@article{li2020incremental,
  title={Incremental potential contact: intersection-and inversion-free, large-deformation dynamics.},
  author={Li, M. and Ferguson, Z. and Schneider, T. and Langlois, T. R. and Zorin, D. and Panozzo, D. and Jiang, C. and Kaufman, D. M},
  journal={ACM Transactions on Graphics},
  volume={39},
  number={4},
  pages={49},
  year={2020}
}

@article{han2023convex,
  title={A Convex Formulation of Frictional Contact between Rigid and Deformable Bodies},
  author={Han, X. and Masterjohn, J. and Castro, A.},
  journal={IEEE Robotics and Automation Letters},
  year={2023},
  publisher={IEEE}
}

@book{hestenes1952methods,
  title={Methods of conjugate gradients for solving linear systems},
  author={Hestenes, M. Rudolph and Stiefel, E. and others},
  volume={49},
  number={1},
  year={1952},
  publisher={NBS Washington, DC}
}

@article{kaufman2008staggered,
author={Kaufman, D. M. and Sueda, S. and James, D. L. and Pai, D. K.},
journal={ACM Tranactions on Graphics}, 
title={Staggered Projections for Frictional Contact in Multibody Systems}, 
volume={27},
number={5},
pages={1-11},
year={2008}}

@article{otaduy2009implicit,
author={Otaduy, M. A. and Tamstorf, R. and Steinemann, D. and Gross, M.},
journal={Computer Graphics Forum}, 
title={Implicit Contact Handling for Deformable Objects}, 
year={2009},
volume={28},
number={2},
pages={559-568}}

@article{li2018implicit,
author = {Li, J. and Daviet, G. and Narain, R. and Bertails-Descoubes, F. and Overby, M. and Brown, G. E. and Boissieux, L.},
title = {An Implicit Frictional Contact Solver for Adaptive Cloth Simulation},
journal={ACM Transactions on Graphics},
volume = {37},
number = {4},
pages={1-15},
year = {2018}}

@article{bouaziz2014projective, 
title={Projective Dynamics: Fusing Constraint Projections for Fast Simulation},
author={Bouaziz, S. and Martin, S. and Liu, T. and Kavan, L. and Pauly, M.},
journal={ACM Transactions on Graphics},
volume={33},
number={4},
pages={1-11},
year={2014}}

@inproceedings{yoon2019passive,
author={Yoon, J. and Hong, I. and Lee, D.},
booktitle={IEEE International Conference on Intelligent Robots and Systems}, 
title={Passive Model Reduction and Switching for Fast Soft Object Simulation with Intermittent Contacts}, 
year={2019}}

@article{duriez2018fast,
author={Goury, O. and Duriez, C.},
journal={IEEE Transactions on Robotics}, 
title={Fast, Generic, and Reliable Control and Simulation of Soft Robots Using Model Order Reduction},
volume={34},
number={6},
pages={1565-1576},
year={2018}}

@misc{brax,
title = {Brax - A Differentiable Physics Engine for Large Scale Rigid Body Simulation},
howpublished = {http://github.com/google/brax}
}

@article{smith2012reflections,
  title={Reflections on simultaneous impact},
  author={Smith, B. and Kaufman, D. M and Vouga, E. and Tamstorf, R. and Grinspun, E.},
  journal={ACM Transactions on Graphics},
  volume={31},
  number={4},
  pages={1--12},
  year={2012},
  publisher={ACM New York, NY, USA}
}


@article{daviet2011nonsmooth,
author = {Bertails-Descoubes, F. and Cadoux, F. and Daviet, G. and Acary, V.},
title = {A Nonsmooth Newton Solver for Capturing Exact Coulomb Friction in Fiber Assemblies},
journal={ACM Transactions on Graphics}, 
volume = {30},
number = {1},
pages={1-14},
year = {2011}}


@article{erleben2020matchstick,
author = {Erleben, K. and Macklin, M. and Andrews, S. and Kry, P. G.},
title = {The Matchstick Model for Anisotropic Friction Cones},
journal={Computer Graphics Forum},
volume = {39},
number = {1},
pages={450-461},
year = {2020}}

@article{preclik2017maximum,
author = {Preclik, T. and Eibl, S. and Rude, U.},
title = {The maximum dissipation principle in rigid-body dynamics with inelastic impacts},
journal={Computational Mechanics},
volume = {62},
pages={81-96},
year = {2017}}

@inproceedings{yu2016more,
author={Yu, K. and Bauza, M. and Fazeli, N. and Rodriguez, A.},
booktitle={IEEE/RSJ International Conference on Intelligent Robots and Systems}, 
title={More than a million ways to be pushed. A high-fidelity experimental dataset of planar pushing},
year={2016}}

@article{ma2018friction,
author={Ma, D. and Rodriguez, A.},
journal={IEEE Robotics and Automation Letters}, 
title={Friction Variability in Planar Pushing Data: Anisotropic Friction and Data-Collection Bias}, 
year={2018},
volume={3},
number={4},
pages={3232-3239}}

@article{richard2007simple,
author = {Richard, S. P.},
title = {A simple proof of the Banach contraction principle},
journal={Journal of Fixed Point Theory and Applications},
volume = {2},
pages={221-223},
year = {2007}}

@article{tarazaga2009preconditioners,
author = {Tarazaga, P. and Cuellar, D.},
title = {Preconditioners generated by minimizing norms},
journal = {Computers $\&$ Mathematics with Applications},
volume = {57},
number = {8},
pages = {1305-1312},
year = {2009}}

@article{dai2005projected,
author = {Dai, Y. and Fletcher, R.},
title = {Projected Barzilai-Borwein methods for large-scale box-constrained quadratic programming},
journal = {Numerische Mathematik},
volume = {100},
pages = {21-47},
year = {2005}}

@article{wang2015chebyshev,
author = {Wang, H.},
title = {A Chebyshev Semi-Iterative Approach for Accelerating Projective and Position-Based Dynamics},
journal={ACM Transactions on Graphics},
volume = {34},
number = {6},
pages={1-9},
year = {2015}}

@article{mazhar2015using,
author = {Mazhar, H. and Heyn, T. and Negrut, D. and Tasora, A.},
title = {Using Nesterov's Method to Accelerate Multibody Dynamics with Friction and Contact},
journal={ACM Transactions on Graphics},
volume = {34},
number = {3},
pages={1-14},
year = {2015}}

@book{rubin2013cosserat,
title={Cosserat Theories: Shells, Rods and Points},
author={Rubin, M. B.},
year={2013},
publisher={Springer}}

@inproceedings{roberts2013soft,
author={Roberts, P. and Damian, D. D. and Shan, W. and Lu, T. and Majidi, C.},
booktitle={IEEE International Conference on Robotics and Automation}, 
title={Soft-matter capacitive sensor for measuring shear and pressure deformation}, 
year={2013}}

@inproceedings{liu2021real,
author={Liu, F. and Li, Z. and Han, Y. and Lu, J. and Richter, F. and Yip, Michael C.},
booktitle={IEEE International Conference on Robotics and Automation}, 
title={Real-to-Sim Registration of Deformable Soft Tissue with Position-Based Dynamics for Surgical Robot Autonomy}, 
year={2021}}

@article{liu2023robotic,
title={Robotic manipulation of deformable rope-like objects using differentiable compliant position-based dynamics},
author={Liu, F. and Su, E. and Lu, J. and Li, M. and Yip, M. C},
journal={IEEE Robotics and Automation Letters},
year={2023},
publisher={IEEE}
}

@article{zhang2019accelerating,
author = {Zhang, J. and Peng, Y. and Ouyang, W. and Deng, B.},
title = {Accelerating ADMM for efficient simulation and optimization},
journal={ACM Transactions on Graphics},
volume = {38},
number = {6},
pages={1-21},
year = {2019}}

@INPROCEEDINGS{park2020variable,
author={Park, Y. and Dhar, S. and Boyd, S. and Shah, M.},
booktitle={IEEE International Conference on Acoustics, Speech and Signal Processing}, 
title={Variable Metric Proximal Gradient Method with Diagonal Barzilai-Borwein Stepsize}, 
year={2020}}


@article{akkaya2019solving,
  title={Solving rubik's cube with a robot hand},
  author={Akkaya, I. and Andrychowicz, M. and Chociej, M. and Litwin, M. and McGrew, B. and Petron, A. and Paino, A. and Plappert, M. and Powell, G. and Ribas, R. and others},
  journal={arXiv preprint arXiv:1910.07113},
  year={2019}}

@inproceedings{nagabandi2020deep,
  title={Deep dynamics models for learning dexterous manipulation},
  author={Nagabandi, A. and Konolige, K. and Levine, S. and Kumar, V.},
  booktitle={Conference on Robot Learning},
  pages={1101--1112},
  year={2020}}

@article{ibarz2021train,
  title={How to train your robot with deep reinforcement learning: lessons we have learned},
  author={Ibarz, J. and Tan, J. and Finn, C. and Kalakrishnan, M. and Pastor, P. and Levine, S.},
  journal={The International Journal of Robotics Research},
  volume={40},
  number={4-5},
  pages={698--721},
  year={2021}}

@inproceedings{xu2021accelerated,
  title={Accelerated Policy Learning with Parallel Differentiable Simulation},
  author={Xu, J. and Makoviychuk, V. and Narang, Y. and Ramos, F. and Matusik, W. and Garg, A. and Macklin, M.},
  booktitle={International Conference on Learning Representations},
  year={2021}}


@inproceedings{xu2021end,
 author = {Xu, J. and Chen, T. and Zlokapa, L. and Foshey, M. and Matusik, W. and Sueda, S. and Agrawal, P.},
 title = {An End-to-End Differentiable Framework for Contact-Aware Robot Design},
 booktitle = {Robotics: Science and Systems},
 Year = {2021}}

@article{le2021differentiable,
author={Le Lidec, Q. and Kalevatykh, I. and Laptev, I. and Schmid, C. and Carpentier, J.},
journal={IEEE Robotics and Automation Letters}, 
title={Differentiable Simulation for Physical System Identification}, 
volume={6},
number={2},
pages={3413-3420},
year={2021}}

@article{mildenhall2021nerf,
  title={Nerf: Representing scenes as neural radiance fields for view synthesis},
  author={Mildenhall, B. and Srinivasan, P. P and Tancik, M. and Barron, J. T and Ramamoorthi, R. and Ng, R.},
  journal={Communications of the ACM},
  volume={65},
  number={1},
  pages={99--106},
  year={2021}}

@article{elfes1989using,
  title={Using occupancy grids for mobile robot perception and navigation},
  author={Elfes, A.},
  journal={Computer},
  volume={22},
  number={6},
  pages={46--57},
  year={1989},
  publisher={IEEE}
}

@article{kerbl20233d,
  title={3d gaussian splatting for real-time radiance field rendering},
  author={Kerbl, B. and Kopanas, G. and Leimk{\"u}hler, T. and Drettakis, G.},
  journal={ACM Transactions on Graphics},
  volume={42},
  number={4},
  pages={1--14},
  year={2023},
  publisher={ACM}
}

@inproceedings{heiden2021neuralsim,
  title={NeuralSim: Augmenting differentiable simulators with neural networks},
  author={Heiden, E. and Millard, D. and Coumans, E. and Sheng, Y. and Sukhatme, G. S},
  booktitle={IEEE International Conference on Robotics and Automation},
  pages={9474--9481},
  year={2021}}


@article{freeman2021brax,
  title={Brax--A Differentiable Physics Engine for Large Scale Rigid Body Simulation},
  author={Freeman, C D. and Frey, E. and Raichuk, A. and Girgin, S. and Mordatch, I. and Bachem, O.},
  journal={arXiv preprint arXiv:2106.13281},
  year={2021}}

@article{tracy2022differentiable,
  title={Differentiable collision detection for a set of convex primitives},
  author={Tracy, K. and Howell, T. A. and Manchester, Z.},
  journal={arXiv preprint arXiv:2207.00669},
  year={2022}}


@inproceedings{turpin2022grasp,
  title={Grasp’d: Differentiable contact-rich grasp synthesis for multi-fingered hands},
  author={Turpin, D. and Wang, L. and Heiden, E. and Chen, Y.-C. and Macklin, M. and Tsogkas, S. and Dickinson, S. and Garg, A.},
  booktitle={European Conference on Computer Vision},
  pages={201--221},
  year={2022}}

@article{higuera2022neural,
  title={Neural Contact Fields: Tracking Extrinsic Contact with Tactile Sensing},
  author={Higuera, C. and Dong, S. and Boots, B. and Mukadam, M.},
  journal={arXiv preprint arXiv:2210.09297},
  year={2022}}

@article{le2023differentiable,
  title={Differentiable Physics Simulation of Dynamics-Augmented Neural Objects},
  author={Le Cleac'h, S. and Yu, H.-X. and Guo, M. and Howell, T. and Gao, R. and Wu, J. and Manchester, Z. and Schwager, M.},
  journal={IEEE Robotics and Automation Letters},
  volume={8},
  number={5},
  pages={2780--2787},
  year={2023},
  publisher={IEEE}
}

@article{gilbert1988fast,
  title={A fast procedure for computing the distance between complex objects in three-dimensional space},
  author={Gilbert, E. G and Johnson, D. W and Keerthi, S S.},
  journal={IEEE Journal on Robotics and Automation},
  volume={4},
  number={2},
  pages={193--203},
  year={1988}}

@inproceedings{montaut2023differentiable,
  title={Differentiable collision detection: a randomized smoothing approach},
  author={Montaut, L. and Le Lidec, Q. and Bambade, A. and Petrik, V. and Sivic, J. and Carpentier, J.},
  booktitle={IEEE International Conference on Robotics and Automation},
  pages={3240--3246},
  year={2023},
  organization={IEEE}
}

@inproceedings{pan2012fcl,
  author={Pan, J. and Chitta, S. and Manocha, D.},
  booktitle={IEEE International Conference on Robotics and Automation}, 
  title={FCL: A general purpose library for collision and proximity queries}, 
  year={2012},
  pages={3859-3866}}


@inproceedings{deng2020self,
  title={Self-supervised 6d object pose estimation for robot manipulation},
  author={Deng, X.and Xiang, Y. and Mousavian, A. and Eppner, C. and Bretl, T. and Fox, D.},
  booktitle={IEEE International Conference on Robotics and Automation},
  pages={3665--3671},
  year={2020}}

@inproceedings{xiang2017posecnn,
 author = {Xiang, Y. and Schmidt, T. and Narayanan, V. and Fox, D.},
 title = {PoseCNN: A Convolutional Neural Network for 6D Object Pose Estimation in Cluttered Scenes},
 booktitle = {Robotics: Science and Systems},
 Year = {2018}}

@inproceedings{lee2019making,
  title={Making sense of vision and touch: Self-supervised learning of multimodal representations for contact-rich tasks},
  author={Lee, M. A and Zhu, Y. and Srinivasan, K. and Shah, P. and Savarese, S. and Fei-Fei, L. and Garg, A. and Bohg, J.},
  booktitle={IEEE International Conference on Robotics and Automation},
  pages={8943--8950},
  year={2019}}

@inproceedings{villalonga2021tactile,
  title={Tactile object pose estimation from the first touch with geometric contact rendering},
  author={Villalonga, M. B. and Rodriguez, A. and Lim, B. and Valls, E. and Sechopoulos, T.},
  booktitle={Conference on Robot Learning},
  pages={1015--1029},
  year={2021}}

@article{mavrakis2020estimation,
  title={Estimation and exploitation of objects’ inertial parameters in robotic grasping and manipulation: A survey},
  author={Mavrakis, N. and Stolkin, R.},
  journal={Robotics and Autonomous Systems},
  volume={124},
  pages={103374},
  year={2020}}

@inproceedings{jin2021contact,
  title={Contact pose identification for peg-in-hole assembly under uncertainties},
  author={Jin, S. and Zhu, X. and Wang, C. and Tomizuka, M.},
  booktitle={American Control Conference},
  pages={48--53},
  year={2021}}


@inproceedings{ma2021extrinsic,
  title={Extrinsic contact sensing with relative-motion tracking from distributed tactile measurements},
  author={Ma, D. and Dong, S. and Rodriguez, A.},
  booktitle={IEEE international conference on robotics and automation},
  pages={11262--11268},
  year={2021}}

@inproceedings{kim2021active,
  title={Active extrinsic contact sensing: Application to general peg-in-hole insertion},
  author={Kim, S. and Rodriguez, A.},
  booktitle={IEEE International Conference on Robotics and Automation},
  pages={10241--10247},
  year={2022}}


@inproceedings{suresh2022midastouch,
  title={MidasTouch: Monte-Carlo inference over distributions across sliding touch},
  author={Suresh, S. and Si, Z. and Anderson, S. and Kaess, M. and Mukadam, M.},
  booktitle={Conference on Robot Learning},
  year={2022}}



@article{haddadin2017robot,
  title={Robot collisions: A survey on detection, isolation, and identification},
  author={Haddadin, S. and De Luca, A. and Albu-Sch{\"a}ffer, A.},
  journal={IEEE Transactions on Robotics},
  volume={33},
  number={6},
  pages={1292--1312},
  year={2017}}
  

@inproceedings{von2021precise,
  title={Precise multi-modal in-hand pose estimation using low-precision sensors for robotic assembly},
  author={von Drigalski, F. and Hayashi, K. and Huang, Y. and Yonetani, R. and Hamaya, M. and Tanaka, K. and Ijiri, Y.},
  booktitle={IEEE International Conference on Robotics and Automation},
  pages={968--974},
  year={2021}}

@inproceedings{wang2020contact,
  title={Contact localization using velocity constraints},
  author={Wang, S. and Bhatia, A. and Mason, M. T and Johnson, A. M},
  booktitle={2020 IEEE/RSJ International Conference on Intelligent Robots and Systems (IROS)},
  pages={7351--7358},
  year={2020}}


@inproceedings{zwiener2019armcl,
  title={Armcl: Arm contact point localization via monte carlo localization},
  author={Zwiener, A. and Hanten, R. and Schulz, C. and Zell, A.},
  booktitle={IEEE/RSJ International Conference on Intelligent Robots and Systems},
  year={2019}
}







  
@article{schulman2014motion,
  title={Motion planning with sequential convex optimization and convex collision checking},
  author={Schulman, J. and Duan, Y. and Ho, J. and Lee, A. and Awwal, I. and Bradlow, H. and Pan, J. and Patil, S. and Goldberg, K. and Abbeel, P.},
  journal={The International Journal of Robotics Research},
  volume={33},
  number={9},
  pages={1251--1270},
  year={2014}}

@book{schneider2014convex,
  title={Convex bodies: the Brunn--Minkowski theory},
  author={Schneider, R.},
  number={151},
  year={2014},
  publisher={Cambridge university press}}

@article{ong1996growth,
  title={Growth distances: New measures for object separation and penetration},
  author={Ong, C. J. and Gilbert, E. G},
  journal={IEEE Transactions on Robotics and Automation},
  volume={12},
  number={6},
  pages={888--903},
  year={1996}}

@inproceedings{zheng2010fast,
  title={A fast n-dimensional ray-shooting algorithm for grasping force optimization},
  author={Zheng, Y. and Lin, M. C and Manocha, D.},
  booktitle={IEEE International Conference on Robotics and Automation},
  pages={1300--1305},
  year={2010}}

@article{zheng2013ray,
  title={Ray-shooting algorithms for robotics},
  author={Zheng, Y. and Yamane, K.},
  journal={IEEE Transactions on Automation Science and Engineering},
  volume={10},
  number={4},
  pages={862--874},
  year={2013}}

@article{wei2022approximate,
  title={Approximate convex decomposition for 3d meshes with collision-aware concavity and tree search},
  author={Wei, X. and Liu, M. and Ling, Z. and Su, H.},
  journal={ACM Transactions on Graphics},
  volume={41},
  number={4},
  pages={1--18},
  year={2022},
  publisher={ACM New York, NY, USA}
}

@inproceedings{liu2023marching,
  title={Marching-primitives: Shape abstraction from signed distance function},
  author={Liu, W. and Wu, Y. and Ruan, S. and Chirikjian, G. S},
  booktitle={Proceedings of the IEEE/CVF Conference on Computer Vision and Pattern Recognition},
  pages={8771--8780},
  year={2023}
}

@article{masterjohn2022velocity,
  title={Velocity level approximation of pressure field contact patches},
  author={Masterjohn, J. and Guoy, D. and Shepherd, J. and Castro, A.},
  journal={IEEE Robotics and Automation Letters},
  volume={7},
  number={4},
  pages={11593--11600},
  year={2022},
  publisher={IEEE}
}

@inproceedings{rosen2012incremental,
  title={An incremental trust-region method for robust online sparse least-squares estimation},
  author={Rosen, D. M and Kaess, M. and Leonard, J. J},
  booktitle={IEEE International Conference on Robotics and Automation},
  pages={1262--1269},
  year={2012}}

@article{bolte2021nonsmooth,
  title={Nonsmooth implicit differentiation for machine-learning and optimization},
  author={Bolte, J. and Le, T. and Pauwels, E. and Silveti-Falls, T.},
  journal={Advances in neural information processing systems},
  volume={34},
  pages={13537--13549},
  year={2021}}

@article{zheng2009distance,
  title={Distance between a point and a convex cone in $ n $-dimensional space: Computation and applications},
  author={Zheng, Y. and Chew, C.},
  journal={IEEE Transactions on Robotics},
  volume={25},
  number={6},
  pages={1397--1412},
  year={2009}}

@inproceedings{manuelli2016localizing,
  title={Localizing external contact using proprioceptive sensors: The contact particle filter},
  author={Manuelli, L. and Tedrake, R.},
  booktitle={IEEE/RSJ International Conference on Intelligent Robots and Systems},
  year={2016}
}

@article{koval2015pose,
  title={Pose estimation for planar contact manipulation with manifold particle filters},
  author={Koval, M. C and Pollard, N. S and Srinivasa, S. S},
  journal={The International Journal of Robotics Research},
  volume={34},
  number={7},
  pages={922--945},
  year={2015}}

 @inproceedings{pang2021identifying,
  title={Identifying external contacts from joint torque measurements on serial robotic arms and its limitations},
  author={Pang, T. and Umenberger, J. and Tedrake, R.},
  booktitle={IEEE International Conference on Robotics and Automation},
  pages={6476--6482},
  year={2021}
}

@inproceedings{sipos2022simultaneous,
  title={Simultaneous Contact Location and Object Pose Estimation Using Proprioception and Tactile Feedback},
  author={Sipos, A. and Fazeli, N.},
  booktitle={IEEE/RSJ International Conference on Intelligent Robots and Systems},
  year={2022}
}


@article{kuindersma2016optimization,
  title={Optimization-based locomotion planning, estimation, and control design for the atlas humanoid robot},
  author={Kuindersma, S. and Deits, R. and Fallon, M. and Valenzuela, A. and Dai, H. and Permenter, F. and Koolen, T. and Marion, P. and Tedrake, R.},
  journal={Autonomous robots},
  volume={40},
  pages={429--455},
  year={2016}
}

@article{mukadam2018continuous,
  title={Continuous-time Gaussian process motion planning via probabilistic inference},
  author={Mukadam, M. and Dong, J. and Yan, X. and Dellaert, F. and Boots, B.},
  journal={The International Journal of Robotics Research},
  volume={37},
  number={11},
  pages={1319--1340},
  year={2018}
}

@article{kaess2012isam2,
  title={iSAM2: Incremental smoothing and mapping using the Bayes tree},
  author={Kaess, M. and Johannsson, H. and Roberts, R. and Ila, V. and Leonard, J. J and Dellaert, F.},
  journal={The International Journal of Robotics Research},
  volume={31},
  number={2},
  pages={216--235},
  year={2012}
}

@article{dellaert2021factor,
  title={Factor graphs: Exploiting structure in robotics},
  author={Dellaert, F.},
  journal={Annual Review of Control, Robotics, and Autonomous Systems},
  volume={4},
  pages={141--166},
  year={2021}
}

@software{gtsam,
  author       = {F. Dellaert and GTSAM Contributors},
  title        = {borglab/gtsam},
  month        = May,
  year         = 2022,
  publisher    = {Georgia Tech Borg Lab},
  version      = {4.2a8},
  doi          = {10.5281/zenodo.5794541},
  url          = {https://github.com/borglab/gtsam)}}
}

@inproceedings{pineda2022theseus,
  title={Theseus: A library for differentiable nonlinear optimization},
  author={Pineda, L. and Fan, T. and Monge, M. and Venkataraman, S. and Sodhi, P. and Chen, R. T. and Ortiz, J. and DeTone, D. and Wang, A. and Anderson, S. and others},
  booktitle={Advances in Neural Information Processing Systems},
  pages={3801--3818},
  year={2022}
}

@inproceedings{moura2022non,
  title={Non-prehensile planar manipulation via trajectory optimization with complementarity constraints},
  author={Moura, J. and Stouraitis, T. and Vijayakumar, S.},
  booktitle={IEEE International Conference on Robotics and Automation},
  pages={970--976},
  year={2022}
}


@inproceedings{deits2019lvis,
  title={LVIS: Learning from value function intervals for contact-aware robot controllers},
  author={Deits, R. and Koolen, T. and Tedrake, R.},
  booktitle={IEEE International Conference on Robotics and Automation},
  pages={7762--7768},
  year={2019}
}

@article{mordatch2012discovery,
  title={Discovery of complex behaviors through contact-invariant optimization},
  author={Mordatch, I. and Todorov, E. and Popovi{\'c}, Z.},
  journal={ACM Transactions on Graphics},
  volume={31},
  number={4},
  pages={1--8},
  year={2012}
}

@article{posa2014direct,
  title={A direct method for trajectory optimization of rigid bodies through contact},
  author={Posa, M. and Cantu, C. and Tedrake, R.},
  journal={The International Journal of Robotics Research},
  volume={33},
  number={1},
  pages={69--81},
  year={2014}
}

@inproceedings{howell2022calipso,
  title={Calipso: A differentiable solver for trajectory optimization with conic and complementarity constraints},
  author={Howell, T. A. and Tracy, K. and Le Cleac’h, S. and Manchester, Z.},
  booktitle={The International Symposium of Robotics Research},
  pages={504--521},
  year={2022}
}

@inproceedings{aydinoglu2022real,
  title={Real-time multi-contact model predictive control via admm},
  author={Aydinoglu, A. and Posa, M.},
  booktitle={International Conference on Robotics and Automation},
  pages={3414--3421},
  year={2022}
}

@article{le2024fast,
  title={Fast contact-implicit model predictive control},
  author={Le Cleac'h, S. and Howell, T. A. and Yang, S. and Lee, C.-Y. and Zhang, J. and Bishop, A. and Schwager, M. and Manchester, Z.},
  journal={IEEE Transactions on Robotics},
  year={2024},
  publisher={IEEE}
}

@article{chatzinikolaidis2021trajectory,
  title={Trajectory optimization of contact-rich motions using implicit differential dynamic programming},
  author={Chatzinikolaidis, I. and Li, Z.},
  journal={IEEE Robotics and Automation Letters},
  volume={6},
  number={2},
  pages={2626--2633},
  year={2021},
  publisher={IEEE}
}

@inproceedings{kurtz2022contact,
  title={Contact-implicit trajectory optimization with hydroelastic contact and ilqr},
  author={Kurtz, V. and Lin, H.},
  booktitle={IEEE/RSJ International Conference on Intelligent Robots and Systems},
  pages={8829--8834},
  year={2022},
  organization={IEEE}
}

@inproceedings{manchester2020variational,
  title={Variational contact-implicit trajectory optimization},
  author={Manchester, Z. and Kuindersma, S.},
  booktitle={Robotics Research: The 18th International Symposium ISRR},
  pages={985--1000},
  year={2020},
  organization={Springer}
}

@inproceedings{lee2023differentiable,
  title={Differentiable Dynamics Simulation Using Invariant Contact Mapping and Damped Contact Force},
  author={Lee, M. and Lee, J. and Lee, D.},
  booktitle={IEEE International Conference on Robotics and Automation},
  pages={11683--11689},
  year={2023}
}

@inproceedings{chen2021trajectotree,
  title={Trajectotree: Trajectory optimization meets tree search for planning multi-contact dexterous manipulation},
  author={Chen, C. and Culbertson, P. and Lepert, M. and Schwager, M. and Bohg, J.},
  booktitle={IEEE/RSJ International Conference on Intelligent Robots and Systems},
  pages={8262--8268},
  year={2021},
  organization={IEEE}
}

@inproceedings{aceituno2020global,
  title={A global quasi-dynamic model for contact-trajectory optimization in manipulation},
  author={Aceituno-Cabezas, B. and Rodriguez, A.},
  year={2020},
  booktitle={Robotics: Science and Systems}
}

@inproceedings{kim2023simultaneous,
  title={Simultaneous tactile estimation and control of extrinsic contact},
  author={Kim, S. and Jha, D. K. and Romeres, D. and Patre, P. and Rodriguez, A.},
  booktitle={IEEE International Conference on Robotics and Automation},
  pages={12569--12569},
  year={2023}
}

@inproceedings{taylor2023object,
  title={Object manipulation through contact configuration regulation: multiple and intermittent contacts},
  author={Taylor, O. and Doshi, N. and Rodriguez, A.},
  booktitle={IEEE/RSJ International Conference on Intelligent Robots and Systems},
  pages={8735--8743},
  year={2023}
}

@inproceedings{qadri2022incopt,
  title={InCOpt: Incremental Constrained Optimization using the Bayes Tree},
  author={Qadri, M. and Sodhi, P. and Mangelson, J. G. and Dellaert, F. and Kaess, M.},
  booktitle={IEEE/RSJ International Conference on Intelligent Robots and Systems},
  pages={6381--6388},
  year={2022}
}

@article{bazzana2022handling,
  title={Handling constrained optimization in factor graphs for autonomous navigation},
  author={Bazzana, B. and Guadagnino, T. and Grisetti, G.},
  journal={IEEE Robotics and Automation Letters},
  volume={8},
  number={1},
  pages={432--439},
  year={2022}
}

@article{agrawal2019differentiating,
  title={Differentiating through a cone program},
  author={Agrawal, A. and Barratt, S. and Boyd, S. and Busseti, E. and Moursi, W. M},
  journal={arXiv preprint arXiv:1904.09043},
  year={2019}
}

@inproceedings{platt1987constrained,
  title={Constrained differential optimization},
  author={Platt, J. and Barr, A.},
  booktitle={Neural Information Processing Systems},
  year={1987}
}

@article{liu2016stein,
  title={Stein variational gradient descent: A general purpose bayesian inference algorithm},
  author={Liu, Q. and Wang, D.},
  journal={Advances in neural information processing systems},
  volume={29},
  year={2016}
}

@article{amos2023tutorial,
  title={Tutorial on amortized optimization},
  author={Amos, B. and others},
  journal={Foundations and Trends{\textregistered} in Machine Learning},
  volume={16},
  number={5},
  pages={592--732},
  year={2023},
  publisher={Now Publishers, Inc.}
}

@book{carter2001foundations,
  title={Foundations of mathematical economics},
  author={Carter, M.},
  year={2001},
  publisher={MIT press}
}


@article{toussaint2020describing,
  title={Describing physics for physical reasoning: Force-based sequential manipulation planning},
  author={Toussaint, M. and Ha, J. and Driess, D.},
  journal={IEEE Robotics and Automation Letters},
  volume={5},
  number={4},
  pages={6209--6216},
  year={2020}
}

@inproceedings{murooka2018simultaneous,
  title={Simultaneous planning and estimation based on physics reasoning in robot manipulation},
  author={Murooka, M. and Nozawa, S. and Bando, M. and Yanokura, I. and Okada, K. and Inaba, M.},
  booktitle={IEEE International Conference on Robotics and Automation},
  pages={3137--3144},
  year={2018}
}

@article{botvinick2012planning,
  title={Planning as inference},
  author={Botvinick, M. and Toussaint, M.},
  journal={Trends in cognitive sciences},
  volume={16},
  number={10},
  pages={485--488},
  year={2012}
}

@article{levine2018reinforcement,
  title={Reinforcement learning and control as probabilistic inference: Tutorial and review},
  author={Levine, S.},
  journal={arXiv preprint arXiv:1805.00909},
  year={2018}
}

@article{yu2023gaussian,
  title={A Gaussian variational inference approach to motion planning},
  author={Yu, H. and Chen, Y.},
  journal={IEEE Robotics and Automation Letters},
  volume={8},
  number={5},
  pages={2518--2525},
  year={2023}
}

@inproceedings{urain2022learning,
  title={Learning implicit priors for motion optimization},
  author={Urain, J. and Le, A. T and Lambert, A. and Chalvatzaki, G. and Boots, B. and Peters, J.},
  booktitle={IEEE/RSJ International Conference on Intelligent Robots and Systems},
  pages={7672--7679},
  year={2022}
}

@article{urain2023composable,
  title={Composable energy policies for reactive motion generation and reinforcement learning},
  author={Urain, J. and Li, A. and Liu, P. and D’Eramo, C. and Peters, J.},
  journal={The International Journal of Robotics Research},
  volume={42},
  number={10},
  pages={827--858},
  year={2023}
}

@inproceedings{lambert2020stein,
  title={Stein variational model predictive control},
  author={Lambert, A. and Fishman, A. and Fox, D. and Boots, B. and Ramos, F.},
  booktitle={Conference on Robot Learning},
  pages={1278--1297},
  year={2020}
}

@article{power2023constrained,
  title={Constrained stein variational trajectory optimization},
  author={Power, T. and Berenson, D.},
  journal={arXiv preprint arXiv:2308.12110},
  year={2023}
}

@article{lee2023stamp,
  title={STAMP: Differentiable Task and Motion Planning via Stein Variational Gradient Descent},
  author={Lee, Y. and Huang, P. and Jatavallabhula, K. M. and Li, A. Z and Damken, F. and Heiden, E. and Smith, K. and Nowrouzezahrai, D. and Ramos, F. and Shkurti, F.},
  journal={arXiv preprint arXiv:2310.01775},
  year={2023}
}

@inproceedings{pavlasek2023ready,
  title={Ready, Set, Plan! Planning to Goal Sets Using Generalized Bayesian Inference},
  author={Pavlasek, J. and Lewis, S. R. and Sundaralingam, B. and Ramos, F. and Hermans, T.},
  booktitle={Conference on Robot Learning},
  year={2023}
}

@inproceedings{jatavallabhula2022bayesian,
  title={Bayesian Object Models for Robotic Interaction with Differentiable Probabilistic Programming},
  author={Jatavallabhula, K. M. and Macklin, M. and Fox, D. and Garg, A. and Ramos, F.},
  booktitle={Conference on Robot Learning},
  pages={1563--1574},
  year={2022}
}

@inproceedings{yang2023compositional,
  title={Compositional Diffusion-Based Continuous Constraint Solvers},
  author={Yang, Z. and Mao, J. and Du, Y. and Wu, J. and Tenenbaum, J. B and Lozano-P{\'e}rez, T. and Kaelbling, L. P.},
  booktitle={Conference on Robot Learning},
  pages={1563--1574},
  year={2023}
}

@inproceedings{mordatch2012contact,
  title={Contact-invariant optimization for hand manipulation},
  author={Mordatch, I. and Popovi{\'c}, Z. and Todorov, E.},
  booktitle={Proceedings of the ACM SIGGRAPH/Eurographics symposium on computer animation},
  pages={137--144},
  year={2012}
}


@inproceedings{trinkle1991framework,
  title={A framework for planning dexterous manipulation},
  author={Trinkle, J. C and Hunter, J. J},
  booktitle={IEEE International Conference on Robotics and Automation},
  pages={1245--1251},
  year={1991}
}

@inproceedings{werling2021fast,
  title={Fast and feature-complete differentiable physics for articulated rigid bodies with contact},
  author={Werling, K. and Omens, D. and Lee, J. and Exarchos, I. and Liu, C K.},
  year={2021}
}

@inproceedings{antonova2022rethinking,
  title={Rethinking optimization with differentiable simulation from a global perspective},
  author={Antonova, R. and Yang, J. and Jatavallabhula, K. M. and Bohg, J.},
  booktitle={Conference on Robot Learning},
  pages={276--286},
  year={2022}
}

@article{foreman2013emcee,
  title={emcee: the MCMC hammer},
  author={Foreman-Mackey, D. and Hogg, D. W and Lang, D. and Goodman, J.},
  journal={Publications of the Astronomical Society of the Pacific},
  volume={125},
  number={925},
  pages={306},
  year={2013},
  publisher={IOP Publishing}
}

@article{liu2021synthesizing,
  title={Synthesizing diverse and physically stable grasps with arbitrary hand structures using differentiable force closure estimator},
  author={Liu, T. and Liu, Z. and Jiao, Z. and Zhu, Y. and Zhu, S.},
  journal={IEEE Robotics and Automation Letters},
  volume={7},
  number={1},
  pages={470--477},
  year={2021}
}

@book{fletcher2000practical,
  title={Practical methods of optimization},
  author={Fletcher, R.},
  year={2000},
  publisher={John Wiley \& Sons}
}

@article{boumal2014manopt,
  title={Manopt, a Matlab toolbox for optimization on manifolds},
  author={Boumal, N. and Mishra, B. and Absil, P-A and Sepulchre, R.},
  journal={The Journal of Machine Learning Research},
  volume={15},
  number={1},
  pages={1455--1459},
  year={2014}
}

@inproceedings{toussaint2015logic,
  title={Logic-Geometric Programming: An Optimization-Based Approach to Combined Task and Motion Planning.},
  author={Toussaint, M.},
  booktitle={IJCAI},
  pages={1930--1936},
  year={2015}
}

@article{migimatsu2020object,
  title={Object-centric task and motion planning in dynamic environments},
  author={Migimatsu, T. and Bohg, J.},
  journal={IEEE Robotics and Automation Letters},
  volume={5},
  number={2},
  pages={844--851},
  year={2020}
}

@article{garrett2021integrated,
  title={Integrated task and motion planning},
  author={Garrett, C. R. and Chitnis, R. and Holladay, R. and Kim, B. and Silver, T. and Kaelbling, L. P. and Lozano-P{\'e}rez, T.},
  journal={Annual review of control, robotics, and autonomous systems},
  volume={4},
  pages={265--293},
  year={2021},
  publisher={Annual Reviews}
}


@article{choi2023online,
  title={Online 3D edge reconstruction of wiry structures from monocular image sequences},
  author={Choi, H. and Lee, M. and Kang, J. and Lee, D.},
  journal={IEEE Robotics and Automation Letters},
  year={2023}
}

@article{lee2022precision,
  title={Precision motion control of robotized industrial hydraulic excavators via data-driven model inversion},
  author={Lee, M. and Choi, H. and Kim, C. and Moon, J. and Kim, D. and Lee, D.},
  journal={IEEE Robotics and Automation Letters},
  volume={7},
  number={2},
  pages={1912--1919},
  year={2022}
}


@inproceedings{perez2013strain,
  title={Strain limiting for soft finger contact simulation},
  author={Perez, A. G and Cirio, G. and Hernandez, F. and Garre, C. and Otaduy, M. A},
  booktitle={World Haptics Conference},
  pages={79--84},
  year={2013}
}

@article{bazzana2024augmented,
  title={How-to Augmented Lagrangian on Factor Graphs},
  author={Bazzana, B. and Andreasson, H. and Grisetti, G.},
  journal={IEEE Robotics and Automation Letters},
  year={2024}
}

@inproceedings{howell2019altro,
  title={ALTRO: A fast solver for constrained trajectory optimization},
  author={Howell, T. A. and Jackson, B. E. and Manchester, Z.},
  booktitle={IEEE/RSJ International Conference on Intelligent Robots and Systems},
  pages={7674--7679},
  year={2019}
}

@book{nocedal1999numerical,
  title={Numerical optimization},
  author={Nocedal, J. and Wright, S. J},
  year={1999},
  publisher={Springer}
}

@article{hintermuller2010semismooth,
  title={Semismooth Newton methods and applications},
  author={Hinterm{\"u}ller, M.},
  journal={Department of Mathematics, Humboldt-University of Berlin},
  year={2010}
}

@article{macklin2020local,
  title={Local optimization for robust signed distance field collision},
  author={Macklin, M. and Erleben, K. and M{\"u}ller, M. and Chentanez, N. and Jeschke, S. and Corse, Z.},
  journal={Proceedings of the ACM on Computer Graphics and Interactive Techniques},
  volume={3},
  number={1},
  pages={1--17},
  year={2020}
}

@MISC{eigenweb,
  author = {Ga\"{e}l G. and Beno\^{i}t J. and others},
  title = {Eigen v3},
  howpublished = {http://eigen.tuxfamily.org},
  year = {2010}
 }

@article{ghadimi2014optimal,
  title={Optimal parameter selection for the alternating direction method of multipliers (ADMM): Quadratic problems},
  author={Ghadimi, E. and Teixeira, A. and Shames, I. and Johansson, M.},
  journal={IEEE Transactions on Automatic Control},
  volume={60},
  number={3},
  pages={644--658},
  year={2014},
  publisher={IEEE}
}

@article{giselsson2016linear,
  title={Linear convergence and metric selection for Douglas-Rachford splitting and ADMM},
  author={Giselsson, P. and Boyd, S.},
  journal={IEEE Transactions on Automatic Control},
  volume={62},
  number={2},
  pages={532--544},
  year={2016},
  publisher={IEEE}
}

@article{jain1999data,
  title={Data clustering: a review},
  author={Jain, A. K. and Murty, M. N. and Flynn, P. J.},
  journal={ACM computing surveys (CSUR)},
  volume={31},
  number={3},
  pages={264--323},
  year={1999},
  publisher={Acm New York, NY, USA}
}

@article{de1996semismooth,
  title={A semismooth equation approach to the solution of nonlinear complementarity problems},
  author={De Luca, T. and Facchinei, F. and Kanzow, C.},
  journal={Mathematical programming},
  volume={75},
  pages={407--439},
  year={1996},
  publisher={Springer}
}

@article{fletcher1964function,
  title={Function minimization by conjugate gradients},
  author={Fletcher, R. and Reeves, C. M},
  journal={The computer journal},
  volume={7},
  number={2},
  pages={149--154},
  year={1964},
  publisher={Oxford University Press}
}

@article{themelis2019supermann,
  title={SuperMann: a superlinearly convergent algorithm for finding fixed points of nonexpansive operators},
  author={Themelis, A. and Patrinos, P.},
  journal={IEEE Transactions on Automatic Control},
  volume={64},
  number={12},
  pages={4875--4890},
  year={2019},
  publisher={IEEE}
}

@article{castro2023theory,
  title={A theory of irrotational contact fields},
  author={Castro, A. and Han, X. and Masterjohn, J.},
  journal={arXiv preprint arXiv:2312.03908},
  year={2023}
}

@inproceedings{muller2020detailed,
  title={Detailed rigid body simulation with extended position based dynamics},
  author={M{\"u}ller, M. and Macklin, M. and Chentanez, N. and Jeschke, S. and Kim, T.},
  booktitle={Computer Graphics Forum},
  volume={39},
  number={8},
  pages={101--112},
  year={2020},
  organization={Wiley Online Library}
}

@book{ludema2018friction,
  title={Friction, wear, lubrication: a textbook in tribology},
  author={Ludema, K. C. and Ajayi, L.},
  year={2018},
  publisher={CRC press}
}