@article{davella2020pickingobjects,
    title = {A study on picking objects in cluttered environments: Exploiting depth features for a custom low-cost universal jamming gripper},
    author = {Salvatore D’Avella and Paolo Tripicchio and Carlo Alberto Avizzano},
    journal = {Robotics and Computer-Integrated Manufacturing},
    volume = {63},
    pages = {101888},
    year = {2020}
}

@article{friedl2024evaluation,
    author={Friedl, Werner},
    title={Evaluation of different robotic grippers for simultaneous multi-object grasping},
    journal={Frontiers in Robotics and AI},
    volume={11},
    year={2024},
}

@inproceedings{harada98enveloping,
  author={Harada, K. and Kaneko, M.},
  booktitle={IEEE International Conference on Robotics and Automation}, 
  title={Enveloping grasp for multiple objects}, 
  year={1998},
  volume={3},
  number={},
  pages={2409-2415 vol.3}
}

@inproceedings{harada2000rolling,
  author={Harada, K. and Kaneko, M. and Tsuji, T.},
  booktitle={IEEE International Conference on Robotics and Automation}, 
  title={Rolling based manipulation for multiple objects}, 
  year={2000},
  volume={},
  number={},
  pages={3887-3894}}

@inproceedings{harada2000enighborhood,
  author={Harada, K. and Kaneko, M.},
  booktitle={IEEE International Conference on Robotics and Automation}, 
  title={Neighborhood equilibrium grasp for multiple objects}, 
  year={2000},
  volume={3},
  number={},
  pages={2159-2164}}

@inproceedings{yamada2005graspstability,
  author={Yamada, T. and Ooba, T. and Yamamoto, T. and Mimura, N. and Funahashi, Y.},
  booktitle={IEEE International Conference on Robotics and Automation}, 
  title={Grasp Stability Analysis of Two Objects in Two Dimensions}, 
  year={2005},
  volume={},
  number={},
  pages={760-765}}

@inproceedings{yamada2005graspstabilitycontact,
  author={Yamada, T. and Mimura, N. and Funahashi, Y.},
  booktitle={IEEE International Symposium on Micro-NanoMechatronics and Human Science}, 
  title={Grasp stability analysis of two objects with both friction and frictionless contacts in two dimensions}, 
  year={2005},
  volume={},
  number={},
  pages={285-290}}

@inproceedings{yamada2009graspstability,
  author={Yamada, Takayoshi and Yamanaka, Shuichi and Yamada, Manabu and Funahashi, Yasuyuki and Yamamoto, Hidehiko},
  booktitle={IEEE International Conference on Robotics and Biomimetics}, 
  title={Grasp stability analysis of multiple planar objects}, 
  year={2009},
  volume={},
  number={},
  pages={1032-1038}}

@inproceedings{yamada2012stabilityanalysis,
  author={Yamada, Takayoshi and Yamada, Manabu and Yamamoto, Hidehiko},
  booktitle={IEEE International Conference on Mechatronics and Automation}, 
  title={Stability analysis of multiple objects grasped by multifingered hands with revolute joints in 2D}, 
  year={2012},
  volume={},
  number={},
  pages={1785-1792}}

@article{yamada2015stability,
  title = {Static Grasp Stability Analysis of Multiple Spatial Objects},
  author = {Takayoshi Yamada and Hidehiko Yamamoto},
  journal = {Journal of Control Science and Engineering},
  pages = {118--139},
  volume = {3},
  year = {2015}
}

@inproceedings{shenoy2022multi,
  title={Multi-object grasping-efficient robotic picking and transferring policy for batch picking},
  author={Shenoy, Adheesh and Chen, Tianze and Sun, Yu},
  booktitle={IEEE/RSJ International Conference on Intelligent Robots and Systems},
  pages={2741--2747},
  year={2022}
}

@inproceedings{chen2021multiobjectgrasping,
  author={Chen, Tianze and Shenoy, Adheesh and Kolinko, Anzhelika and Shah, Syed and Sun, Yu},
  booktitle={IEEE/RSJ International Conference on Intelligent Robots and Systems}, 
  title={Multi-Object Grasping – Estimating the Number of Objects in a Robotic Grasp}, 
  year={2021},
  volume={},
  number={},
  pages={4995-5001}}

@article{nguyen2023wiringclaw,
  author={Nguyen, Van Pho and Chow, Wai Tuck},
  journal={IEEE Robotics and Automation Letters}, 
  title={Wiring-Claw Gripper for Soft-Stable Picking up Multiple Objects}, 
  year={2023},
  volume={8},
  number={7},
  pages={3972-3979}}

@inproceedings{sakamoto2021efficient,
  title={Efficient picking by considering simultaneous two-object grasping},
  author={Sakamoto, Takumi and Wan, Weiwei and Nishi, Takao and Harada, Kensuke},
  booktitle={2021 IEEE/RSJ International Conference on Intelligent Robots and Systems},
  pages={8295--8300},
  year={2021},
  organization={IEEE}
}

@inproceedings{agboh2022multi,
  title={Multi-object grasping in the plane},
  author={Agboh, Wisdom C and Ichnowski, Jeffrey and Goldberg, Ken and Dogar, Mehmet R},
  booktitle={The International Symposium of Robotics Research},
  pages={222--238},
  year={2022},
  organization={Springer}
}

@inproceedings{agboh2023learning,
  title={Learning to efficiently plan robust frictional multi-object grasps},
  author={Agboh, Wisdom C and Sharma, Satvik and Srinivas, Kishore and Parulekar, Mallika and Datta, Gaurav and Qiu, Tianshuang and Ichnowski, Jeffrey and Solowjow, Eugen and Dogar, Mehmet and Goldberg, Ken},
  booktitle={IEEE/RSJ International Conference on Intelligent Robots and Systems},
  pages={10660--10667},
  year={2023}
}

@inproceedings{aeron2023push,
  title={Push-mog: Efficient pushing to consolidate polygonal objects for multi-object grasping},
  author={Aeron, Shrey and LLontop, Edith and Adler, Aviv and Agboh, Wisdom C and Dogar, Mehmet and Goldberg, Ken},
  booktitle={IEEE International Conference on Automation Science and Engineering},
  pages={1--6},
  year={2023}
}
@inproceedings{srinivas2023busboy,
  title={The busboy problem: Efficient tableware decluttering using consolidation and multi-object grasps},
  author={Srinivas, Kishore and Ganti, Shreya and Parikh, Rishi and Ahmad, Ayah and Agboh, Wisdom and Dogar, Mehmet and Goldberg, Ken},
  booktitle={IEEE International Conference on Automation Science and Engineering},
  pages={1--6},
  year={2023}
}

@article{li2024graspmultiple,
  author={Yuyang Li and Bo Liu and Yiran Geng and Puhao Li and Yaodong Yang and Yixin Zhu and Tengyu Liu and Siyuan Huang},
  title={Grasp Multiple Objects With One Hand},
  year={2024},
  journal={IEEE Robotics Automation Letters},
  volume={9},
  number={5},
  pages={4027--4034}
}

@inproceedings{wang2024self,
  title={Self-supervised learning for joint pushing and grasping policies in highly cluttered environments},
  author={Wang, Yongliang and Mokhtar, Kamal and Heemskerk, Cock and Kasaei, Hamidreza},
  booktitle={IEEE International Conference on Robotics and Automation},
  pages={13840--13847},
  year={2024}
}

@inproceedings{chen2020combining,
  title={Combining reinforcement learning and rule-based method to manipulate objects in clutter},
  author={Chen, Yiwen and Ju, Zhaojie and Yang, Chenguang},
  booktitle={International Joint Conference on Neural Networks},
  pages={1--6},
  year={2020}
}

@inproceedings{zeng2018learning,
  author={Zeng, Andy and Song, Shuran and Welker, Stefan and Lee, Johnny and Rodriguez, Alberto and Funkhouser, Thomas},
  booktitle={IEEE/RSJ International Conference on Intelligent Robots and Systems}, 
  title={Learning Synergies Between Pushing and Grasping with Self-Supervised Deep Reinforcement Learning}, 
  year={2018},
  volume={},
  number={},
  pages={4238-4245}
}

@article{zhao2023learning,
  title={Learning fine-grained bimanual manipulation with low-cost hardware},
  author={Zhao, Tony Z and Kumar, Vikash and Levine, Sergey and Finn, Chelsea},
  journal={arXiv preprint arXiv:2304.13705},
  year={2023}
}

@article{chi2023diffusion,
  title={Diffusion policy: Visuomotor policy learning via action diffusion},
  author={Chi, Cheng and Xu, Zhenjia and Feng, Siyuan and Cousineau, Eric and Du, Yilun and Burchfiel, Benjamin and Tedrake, Russ and Song, Shuran},
  journal={The International Journal of Robotics Research},
  pages={02783649241273668},
  year={2023},
  publisher={SAGE Publications Sage UK: London, England}
}
@article{wang2024equivariant,
  title={Equivariant diffusion policy},
  author={Wang, Dian and Hart, Stephen and Surovik, David and Kelestemur, Tarik and Huang, Haojie and Zhao, Haibo and Yeatman, Mark and Wang, Jiuguang and Walters, Robin and Platt, Robert},
  journal={arXiv preprint arXiv:2407.01812},
  year={2024}
}

@article{qin2023anyteleop,
  title={Anyteleop: A general vision-based dexterous robot arm-hand teleoperation system},
  author={Qin, Yuzhe and Yang, Wei and Huang, Binghao and Van Wyk, Karl and Su, Hao and Wang, Xiaolong and Chao, Yu-Wei and Fox, Dieter},
  journal={arXiv preprint arXiv:2307.04577},
  year={2023}
}

@article{potamias2024wilor,
  title={WiLoR: End-to-end 3D Hand Localization and Reconstruction in-the-wild},
  author={Potamias, Rolandos Alexandros and Zhang, Jinglei and Deng, Jiankang and Zafeiriou, Stefanos},
  journal={arXiv preprint arXiv:2409.12259},
  year={2024}
}

@article{takahashi2021target,
  title={Target-mass grasping of entangled food using pre-grasping \& post-grasping},
  author={Takahashi, Kuniyuki and Fukaya, Naoki and Ummadisingu, Avinash},
  journal={IEEE Robotics and Automation Letters},
  volume={7},
  number={2},
  pages={1222--1229},
  year={2021}
}

@inproceedings{takahashi2021uncertainty,
  title={Uncertainty-aware self-supervised target-mass grasping of granular foods},
  author={Takahashi, Kuniyuki and Ko, Wilson and Ummadisingu, Avinash and Maeda, Shin-ichi},
  booktitle={IEEE International Conference on Robotics and Automation},
  pages={2620--2626},
  year={2021}
}

@article{yamada2015static,
  title={Static grasp stability analysis of multiple spatial objects},
  author={Yamada, Takayoshi and Yamamoto, Hidehiko},
  journal={Journal of Control Science and Engineering},
  volume={3},
  pages={118--139},
  year={2015}
}

@inproceedings{donald2000distributed,
  title={Distributed manipulation of multiple objects using ropes},
  author={Donald, Bruce and Gariepy, Larry and Rus, Daniela},
  booktitle={IEEE International Conference on Robotics and Automation},
  pages={450--457},
  year={2000}
}

@inproceedings{yamada2009grasp,
  title={Grasp stability analysis of multiple planar objects},
  author={Yamada, Takayoshi and Yamanaka, Shuichi and Yamada, Manabu and Funahashi, Yasuyuki and Yamamoto, Hidehiko},
  booktitle={IEEE International Conference on Robotics and Biomimetics},
  pages={1032--1038},
  year={2009}
}

@inproceedings{yamada2012stability,
  title={Stability analysis of multiple objects grasped by multi-fingered hands with revolute joints in 2D},
  author={Yamada, Takayoshi and Yamada, Manabu and Yamamoto, Hidehiko},
  booktitle={IEEE International Conference on Mechatronics and Automation},
  pages={1785--1792},
  year={2012}
}

@inproceedings{harada2000manipulation,
  title={Manipulation of enveloped multiple objects},
  author={Harada, Kensuke and Nakano, Shinya and Kaneko, Makoto and Tsuji, Toshio},
  booktitle={Annual Conference of the IEEE Industrial Electronics Society},
  pages={422--427},
  year={2000}
}

@article{harada2000rolling,
  title={Rolling-based manipulation for multiple objects},
  author={Harada, Kensuke and Kaneko, Makoto and Tsujii, T},
  journal={IEEE Transactions on Robotics and Automation},
  volume={16},
  number={5},
  pages={457--468},
  year={2000}
}

@inproceedings{aiyama98,
  author={Aiyama, Y. and Minami, M. and Arai, T.},
  booktitle={IEEE International Conference on Robotics and Automation}, 
  title={Manipulation of multiple objects by two manipulators}, 
  year={1998},
  pages={2904-2909}}

@article{harada2002active,
  title={Active force closure for multiple objects},
  author={Harada, Kensuke and Kaneko, Makoto and Tsuji, Toshio},
  journal={Journal of Robotic Systems},
  volume={19},
  number={3},
  pages={133--141},
  year={2002}
}

@inproceedings{harada00neighbouring,
  author={Kensuke Harada and Makoto Kaneko},
  booktitle={IEEE International Conference on Robotics and Automation}, 
  title={Neighborhood equilibrium grasp for multiple objects}, 
  year={2000},
  pages={2159-2164}
}

@inproceedings{yoshikawa2001optimization,
  title={Optimization of power grasps for multiple objects},
  author={Yoshikawa, Tsuneo and Watanabe, Tetsuyou and Daito, Mutsuo},
  booktitle={IEEE International Conference on Robotics and Automation},
  volume={2},
  pages={1786--1791},
  year={2001}}


@Article{jiang24multiobject,
  author = {Jiang, Ping and Oaki, Junji and Ishihara, Yoshiyuki and Ooga, Junichiro},
  title = {Multiple-Object Grasping Using a Multiple-Suction-Cup Vacuum Gripper in Cluttered Scenes},
  journal = {Robotics},
  volume = {13},
  year= {2024},
  number = {6}
}