@inproceedings{aeron2023push,
  title={Push-mog: Efficient pushing to consolidate polygonal objects for multi-object grasping},
  author={Aeron, Shrey and LLontop, Edith and Adler, Aviv and Agboh, Wisdom C and Dogar, Mehmet and Goldberg, Ken},
  booktitle={IEEE International Conference on Automation Science and Engineering},
  pages={1--6},
  year={2023}
}

@inproceedings{agboh2022multi,
  title={Multi-object grasping in the plane},
  author={Agboh, Wisdom C and Ichnowski, Jeffrey and Goldberg, Ken and Dogar, Mehmet R},
  booktitle={The International Symposium of Robotics Research},
  pages={222--238},
  year={2022},
  organization={Springer}
}

@inproceedings{agboh2023learning,
  title={Learning to efficiently plan robust frictional multi-object grasps},
  author={Agboh, Wisdom C and Sharma, Satvik and Srinivas, Kishore and Parulekar, Mallika and Datta, Gaurav and Qiu, Tianshuang and Ichnowski, Jeffrey and Solowjow, Eugen and Dogar, Mehmet and Goldberg, Ken},
  booktitle={IEEE/RSJ International Conference on Intelligent Robots and Systems},
  pages={10660--10667},
  year={2023}
}

@inproceedings{aiyama98,
  author={Aiyama, Y. and Minami, M. and Arai, T.},
  booktitle={IEEE International Conference on Robotics and Automation}, 
  title={Manipulation of multiple objects by two manipulators}, 
  year={1998},
  pages={2904-2909}}

@inproceedings{chen2020combining,
  title={Combining reinforcement learning and rule-based method to manipulate objects in clutter},
  author={Chen, Yiwen and Ju, Zhaojie and Yang, Chenguang},
  booktitle={International Joint Conference on Neural Networks},
  pages={1--6},
  year={2020}
}

@inproceedings{chen2021multiobjectgrasping,
  author={Chen, Tianze and Shenoy, Adheesh and Kolinko, Anzhelika and Shah, Syed and Sun, Yu},
  booktitle={IEEE/RSJ International Conference on Intelligent Robots and Systems}, 
  title={Multi-Object Grasping â€“ Estimating the Number of Objects in a Robotic Grasp}, 
  year={2021},
  volume={},
  number={},
  pages={4995-5001}}

@article{chi2023diffusion,
  title={Diffusion policy: Visuomotor policy learning via action diffusion},
  author={Chi, Cheng and Xu, Zhenjia and Feng, Siyuan and Cousineau, Eric and Du, Yilun and Burchfiel, Benjamin and Tedrake, Russ and Song, Shuran},
  journal={The International Journal of Robotics Research},
  pages={02783649241273668},
  year={2023},
  publisher={SAGE Publications Sage UK: London, England}
}

@inproceedings{harada00neighbouring,
  author={Kensuke Harada and Makoto Kaneko},
  booktitle={IEEE International Conference on Robotics and Automation}, 
  title={Neighborhood equilibrium grasp for multiple objects}, 
  year={2000},
  pages={2159-2164}
}

@inproceedings{harada98enveloping,
  author={Harada, K. and Kaneko, M.},
  booktitle={IEEE International Conference on Robotics and Automation}, 
  title={Enveloping grasp for multiple objects}, 
  year={1998},
  volume={3},
  number={},
  pages={2409-2415 vol.3}
}

@Article{jiang24multiobject,
  author = {Jiang, Ping and Oaki, Junji and Ishihara, Yoshiyuki and Ooga, Junichiro},
  title = {Multiple-Object Grasping Using a Multiple-Suction-Cup Vacuum Gripper in Cluttered Scenes},
  journal = {Robotics},
  volume = {13},
  year= {2024},
  number = {6}
}

@article{li2024graspmultiple,
  author={Yuyang Li and Bo Liu and Yiran Geng and Puhao Li and Yaodong Yang and Yixin Zhu and Tengyu Liu and Siyuan Huang},
  title={Grasp Multiple Objects With One Hand},
  year={2024},
  journal={IEEE Robotics Automation Letters},
  volume={9},
  number={5},
  pages={4027--4034}
}

@article{nguyen2023wiringclaw,
  author={Nguyen, Van Pho and Chow, Wai Tuck},
  journal={IEEE Robotics and Automation Letters}, 
  title={Wiring-Claw Gripper for Soft-Stable Picking up Multiple Objects}, 
  year={2023},
  volume={8},
  number={7},
  pages={3972-3979}}

@inproceedings{sakamoto2021efficient,
  title={Efficient picking by considering simultaneous two-object grasping},
  author={Sakamoto, Takumi and Wan, Weiwei and Nishi, Takao and Harada, Kensuke},
  booktitle={2021 IEEE/RSJ International Conference on Intelligent Robots and Systems},
  pages={8295--8300},
  year={2021},
  organization={IEEE}
}

@inproceedings{shenoy2022multi,
  title={Multi-object grasping-efficient robotic picking and transferring policy for batch picking},
  author={Shenoy, Adheesh and Chen, Tianze and Sun, Yu},
  booktitle={IEEE/RSJ International Conference on Intelligent Robots and Systems},
  pages={2741--2747},
  year={2022}
}

@inproceedings{srinivas2023busboy,
  title={The busboy problem: Efficient tableware decluttering using consolidation and multi-object grasps},
  author={Srinivas, Kishore and Ganti, Shreya and Parikh, Rishi and Ahmad, Ayah and Agboh, Wisdom and Dogar, Mehmet and Goldberg, Ken},
  booktitle={IEEE International Conference on Automation Science and Engineering},
  pages={1--6},
  year={2023}
}

@article{takahashi2021target,
  title={Target-mass grasping of entangled food using pre-grasping \& post-grasping},
  author={Takahashi, Kuniyuki and Fukaya, Naoki and Ummadisingu, Avinash},
  journal={IEEE Robotics and Automation Letters},
  volume={7},
  number={2},
  pages={1222--1229},
  year={2021}
}

@inproceedings{takahashi2021uncertainty,
  title={Uncertainty-aware self-supervised target-mass grasping of granular foods},
  author={Takahashi, Kuniyuki and Ko, Wilson and Ummadisingu, Avinash and Maeda, Shin-ichi},
  booktitle={IEEE International Conference on Robotics and Automation},
  pages={2620--2626},
  year={2021}
}

@inproceedings{wang2024self,
  title={Self-supervised learning for joint pushing and grasping policies in highly cluttered environments},
  author={Wang, Yongliang and Mokhtar, Kamal and Heemskerk, Cock and Kasaei, Hamidreza},
  booktitle={IEEE International Conference on Robotics and Automation},
  pages={13840--13847},
  year={2024}
}

@inproceedings{yamada2009grasp,
  title={Grasp stability analysis of multiple planar objects},
  author={Yamada, Takayoshi and Yamanaka, Shuichi and Yamada, Manabu and Funahashi, Yasuyuki and Yamamoto, Hidehiko},
  booktitle={IEEE International Conference on Robotics and Biomimetics},
  pages={1032--1038},
  year={2009}
}

@inproceedings{yamada2012stability,
  title={Stability analysis of multiple objects grasped by multi-fingered hands with revolute joints in 2D},
  author={Yamada, Takayoshi and Yamada, Manabu and Yamamoto, Hidehiko},
  booktitle={IEEE International Conference on Mechatronics and Automation},
  pages={1785--1792},
  year={2012}
}

@article{yamada2015static,
  title={Static grasp stability analysis of multiple spatial objects},
  author={Yamada, Takayoshi and Yamamoto, Hidehiko},
  journal={Journal of Control Science and Engineering},
  volume={3},
  pages={118--139},
  year={2015}
}

@inproceedings{yoshikawa2001optimization,
  title={Optimization of power grasps for multiple objects},
  author={Yoshikawa, Tsuneo and Watanabe, Tetsuyou and Daito, Mutsuo},
  booktitle={IEEE International Conference on Robotics and Automation},
  volume={2},
  pages={1786--1791},
  year={2001}}

@inproceedings{zeng2018learning,
  author={Zeng, Andy and Song, Shuran and Welker, Stefan and Lee, Johnny and Rodriguez, Alberto and Funkhouser, Thomas},
  booktitle={IEEE/RSJ International Conference on Intelligent Robots and Systems}, 
  title={Learning Synergies Between Pushing and Grasping with Self-Supervised Deep Reinforcement Learning}, 
  year={2018},
  volume={},
  number={},
  pages={4238-4245}
}

@article{zhao2023learning,
  title={Learning fine-grained bimanual manipulation with low-cost hardware},
  author={Zhao, Tony Z and Kumar, Vikash and Levine, Sergey and Finn, Chelsea},
  journal={arXiv preprint arXiv:2304.13705},
  year={2023}
}

