@article{autocot,
  title={Automatic chain of thought prompting in large language models},
  author={Zhang, Zhuosheng and Zhang, Aston and Li, Mu and Smola, Alex},
  journal={arXiv preprint arXiv:2210.03493},
  year={2022}
}

@article{cot,
  title={Chain-of-thought prompting elicits reasoning in large language models},
  author={Wei, Jason and Wang, Xuezhi and Schuurmans, Dale and Bosma, Maarten and Xia, Fei and Chi, Ed and Le, Quoc V and Zhou, Denny and others},
  journal={Advances in neural information processing systems},
  volume={35},
  pages={24824--24837},
  year={2022}
}

@article{cot_future1,
  title={Tree of thoughts: Deliberate problem solving with large language models},
  author={Yao, Shunyu and Yu, Dian and Zhao, Jeffrey and Shafran, Izhak and Griffiths, Tom and Cao, Yuan and Narasimhan, Karthik},
  journal={Advances in Neural Information Processing Systems},
  volume={36},
  year={2024}
}

@inproceedings{curriculum2,
  title={On the power of curriculum learning in training deep networks},
  author={Hacohen, Guy and Weinshall, Daphna},
  booktitle={International conference on machine learning},
  pages={2535--2544},
  year={2019},
  organization={PMLR}
}

@article{curriculum_survey,
  title={A survey on curriculum learning},
  author={Wang, Xin and Chen, Yudong and Zhu, Wenwu},
  journal={IEEE transactions on pattern analysis and machine intelligence},
  volume={44},
  number={9},
  pages={4555--4576},
  year={2021},
  publisher={IEEE}
}

@article{datasetdecomposition,
  title={Dataset Decomposition: Faster LLM Training with Variable Sequence Length Curriculum},
  author={Pouransari, Hadi and Li, Chun-Liang and Chang, Jen-Hao Rick and Vasu, Pavan Kumar Anasosalu and Koc, Cem and Shankar, Vaishaal and Tuzel, Oncel},
  journal={arXiv preprint arXiv:2405.13226},
  year={2024}
}

@inproceedings{firstfewshot,
 author = {Brown, Tom and Mann, Benjamin and Ryder, Nick and Subbiah, Melanie and Kaplan, Jared D and Dhariwal, Prafulla and Neelakantan, Arvind and Shyam, Pranav and Sastry, Girish and Askell, Amanda and Agarwal, Sandhini and Herbert-Voss, Ariel and Krueger, Gretchen and Henighan, Tom and Child, Rewon and Ramesh, Aditya and Ziegler, Daniel and Wu, Jeffrey and Winter, Clemens and Hesse, Chris and Chen, Mark and Sigler, Eric and Litwin, Mateusz and Gray, Scott and Chess, Benjamin and Clark, Jack and Berner, Christopher and McCandlish, Sam and Radford, Alec and Sutskever, Ilya and Amodei, Dario},
 booktitle = {Advances in Neural Information Processing Systems},
 editor = {H. Larochelle and M. Ranzato and R. Hadsell and M.F. Balcan and H. Lin},
 pages = {1877--1901},
 publisher = {Curran Associates, Inc.},
 title = {Language Models are Few-Shot Learners},
 url = {https://proceedings.neurips.cc/paper_files/paper/2020/file/1457c0d6bfcb4967418bfb8ac142f64a-Paper.pdf},
 volume = {33},
 year = {2020}
}

@article{humancurriculum,
  title={Instruction tuning with human curriculum},
  author={Lee, Bruce W and Cho, Hyunsoo and Yoo, Kang Min},
  journal={arXiv preprint arXiv:2310.09518},
  year={2023}
}

@article{iccl,
  title={Let's Learn Step by Step: Enhancing In-Context Learning Ability with Curriculum Learning},
  author={Liu, Yinpeng and Liu, Jiawei and Shi, Xiang and Cheng, Qikai and Lu, Wei},
  journal={arXiv preprint arXiv:2402.10738},
  year={2024}
}

@inproceedings{kate,
  title={What Makes Good In-Context Examples for GPT-3?},
  author={Liu, Jiachang and Shen, Dinghan and Zhang, Yizhe and Dolan, William B and Carin, Lawrence and Chen, Weizhu},
  booktitle={Proceedings of Deep Learning Inside Out (DeeLIO 2022): The 3rd Workshop on Knowledge Extraction and Integration for Deep Learning Architectures},
  pages={100--114},
  year={2022}
}

@inproceedings{order,
  title={Fantastically Ordered Prompts and Where to Find Them: Overcoming Few-Shot Prompt Order Sensitivity},
  author={Lu, Yao and Bartolo, Max and Moore, Alastair and Riedel, Sebastian and Stenetorp, Pontus},
  booktitle={Proceedings of the 60th Annual Meeting of the Association for Computational Linguistics (Volume 1: Long Papers)},
  pages={8086--8098},
  year={2022}
}

@article{pca,
  title={Principal component analysis},
  author={Abdi, Herv{\'e} and Williams, Lynne J},
  journal={Wiley interdisciplinary reviews: computational statistics},
  volume={2},
  number={4},
  pages={433--459},
  year={2010},
  publisher={Wiley Online Library}
}

@inproceedings{promot_retrieve,
  title={Learning To Retrieve Prompts for In-Context Learning},
  author={Rubin, Ohad and Herzig, Jonathan and Berant, Jonathan},
  booktitle={Proceedings of the 2022 Conference of the North American Chapter of the Association for Computational Linguistics: Human Language Technologies},
  pages={2655--2671},
  year={2022}
}

@inproceedings{promptso,
  title={Prompt Space Optimizing Few-shot Reasoning Success with Large Language Models},
  author={Shi, Fobo and Qing, Peijun and Yang, Dong and Wang, Nan and Lei, Youbo and Lu, Haonan and Lin, Xiaodong and Li, Duantengchuan},
  booktitle={Findings of the Association for Computational Linguistics: NAACL 2024},
  pages={1836--1862},
  year={2024}
}

@article{relatedwork_cl1,
  title={Strategic Data Ordering: Enhancing Large Language Model Performance through Curriculum Learning},
  author={Kim, Jisu and Lee, Juhwan},
  journal={arXiv preprint arXiv:2405.07490},
  year={2024}
}

@inproceedings{relatedwork_cl2,
  title={Curriculum Learning: Theories, Approaches, Applications, Tools, and Future Directions in the Era of Large Language Models},
  author={Wang, Xin and Zhou, Yuwei and Chen, Hong and Zhu, Wenwu},
  booktitle={Companion Proceedings of the ACM on Web Conference 2024},
  pages={1306--1310},
  year={2024}
}

@article{relatedwork_icl1,
  title={In-context example selection with influences},
  author={Nguyen, Tai and Wong, Eric},
  journal={arXiv preprint arXiv:2302.11042},
  year={2023}
}

@inproceedings{relatedwork_icl2,
  title={Finding Support Examples for In-Context Learning},
  author={Li, Xiaonan and Qiu, Xipeng},
  booktitle={Findings of the Association for Computational Linguistics: EMNLP 2023},
  pages={6219--6235},
  year={2023}
}

@inproceedings{relatedwork_icl3,
  title={What Makes a Good Order of Examples in In-Context Learning},
  author={Guo, Qi and Wang, Leiyu and Wang, Yidong and Ye, Wei and Zhang, Shikun},
  booktitle={Findings of the Association for Computational Linguistics ACL 2024},
  pages={14892--14904},
  year={2024}
}

