@article{balepur2024reverse,
  title={Reverse Question Answering: Can an LLM Write a Question so Hard (or Bad) that it Can't Answer?},
  author={Balepur, Nishant and Gu, Feng and Ravichander, Abhilasha and Feng, Shi and Boyd-Graber, Jordan and Rudinger, Rachel},
  journal={arXiv preprint arXiv:2410.15512},
  year={2024}
}

@article{wang2023mathcoder,
  title={Mathcoder: Seamless code integration in llms for enhanced mathematical reasoning},
  author={Wang, Ke and Ren, Houxing and Zhou, Aojun and Lu, Zimu and Luo, Sichun and Shi, Weikang and Zhang, Renrui and Song, Linqi and Zhan, Mingjie and Li, Hongsheng},
  journal={arXiv preprint arXiv:2310.03731},
  year={2023}
}

@article{gou2023tora,
  title={Tora: A tool-integrated reasoning agent for mathematical problem solving},
  author={Gou, Zhibin and Shao, Zhihong and Gong, Yeyun and Shen, Yelong and Yang, Yujiu and Huang, Minlie and Duan, Nan and Chen, Weizhu},
  journal={arXiv preprint arXiv:2309.17452},
  year={2023}
}

@article{yuan2023scaling,
  title={Scaling relationship on learning mathematical reasoning with large language models},
  author={Yuan, Zheng and Yuan, Hongyi and Li, Chengpeng and Dong, Guanting and Lu, Keming and Tan, Chuanqi and Zhou, Chang and Zhou, Jingren},
  journal={arXiv preprint arXiv:2308.01825},
  year={2023}
}

@article{brown2024large,
  title={Large language monkeys: Scaling inference compute with repeated sampling},
  author={Brown, Bradley and Juravsky, Jordan and Ehrlich, Ryan and Clark, Ronald and Le, Quoc V and R{\'e}, Christopher and Mirhoseini, Azalia},
  journal={arXiv preprint arXiv:2407.21787},
  year={2024}
}

@article{guan2025rstar,
  title={rStar-Math: Small LLMs Can Master Math Reasoning with Self-Evolved Deep Thinking},
  author={Guan, Xinyu and Zhang, Li Lyna and Liu, Yifei and Shang, Ning and Sun, Youran and Zhu, Yi and Yang, Fan and Yang, Mao},
  journal={arXiv preprint arXiv:2501.04519},
  year={2025}
}

@article{lin2024lean,
  title={Lean-star: Learning to interleave thinking and proving},
  author={Lin, Haohan and Sun, Zhiqing and Yang, Yiming and Welleck, Sean},
  journal={arXiv preprint arXiv:2407.10040},
  year={2024}
}

@article{wei2022chain,
  title={Chain-of-thought prompting elicits reasoning in large language models},
  author={Wei, Jason and Wang, Xuezhi and Schuurmans, Dale and Bosma, Maarten and Xia, Fei and Chi, Ed and Le, Quoc V and Zhou, Denny and others},
  journal={Advances in neural information processing systems},
  volume={35},
  pages={24824--24837},
  year={2022}
}

@article{yao2024tree,
  title={Tree of thoughts: Deliberate problem solving with large language models},
  author={Yao, Shunyu and Yu, Dian and Zhao, Jeffrey and Shafran, Izhak and Griffiths, Tom and Cao, Yuan and Narasimhan, Karthik},
  journal={Advances in Neural Information Processing Systems},
  volume={36},
  year={2024}
}

@article{cobbe2021training,
  title={Training verifiers to solve math word problems},
  author={Cobbe, Karl and Kosaraju, Vineet and Bavarian, Mohammad and Chen, Mark and Jun, Heewoo and Kaiser, Lukasz and Plappert, Matthias and Tworek, Jerry and Hilton, Jacob and Nakano, Reiichiro and others},
  journal={arXiv preprint arXiv:2110.14168},
  year={2021}
}

@article{leang2024comat,
  title={CoMAT: Chain of Mathematically Annotated Thought Improves Mathematical Reasoning},
  author={Leang, Joshua Ong Jun and Gema, Aryo Pradipta and Cohen, Shay B},
  journal={arXiv preprint arXiv:2410.10336},
  year={2024}
}

@article{guo2025deepseek,
  title={DeepSeek-R1: Incentivizing Reasoning Capability in LLMs via Reinforcement Learning},
  author={Guo, Daya and Yang, Dejian and Zhang, Haowei and Song, Junxiao and Zhang, Ruoyu and Xu, Runxin and Zhu, Qihao and Ma, Shirong and Wang, Peiyi and Bi, Xiao and others},
  journal={arXiv preprint arXiv:2501.12948},
  year={2025}
}

@article{nezhurina2024alice,
  title={Alice in Wonderland: Simple Tasks Showing Complete Reasoning Breakdown in State-Of-the-Art Large Language Models},
  author={Nezhurina, Marianna and Cipolina-Kun, Lucia and Cherti, Mehdi and Jitsev, Jenia},
  journal={arXiv preprint arXiv:2406.02061},
  year={2024}
}

@article{jaech2024openai,
  title={Openai o1 system card},
  author={Jaech, Aaron and Kalai, Adam and Lerer, Adam and Richardson, Adam and El-Kishky, Ahmed and Low, Aiden and Helyar, Alec and Madry, Aleksander and Beutel, Alex and Carney, Alex and others},
  journal={arXiv preprint arXiv:2412.16720},
  year={2024}
}

@article{yang2024qwen2,
  title={Qwen2. 5-math technical report: Toward mathematical expert model via self-improvement},
  author={Yang, An and Zhang, Beichen and Hui, Binyuan and Gao, Bofei and Yu, Bowen and Li, Chengpeng and Liu, Dayiheng and Tu, Jianhong and Zhou, Jingren and Lin, Junyang and others},
  journal={arXiv preprint arXiv:2409.12122},
  year={2024}
}

@article{dubey2024llama,
  title={The llama 3 herd of models},
  author={Dubey, Abhimanyu and Jauhri, Abhinav and Pandey, Abhinav and Kadian, Abhishek and Al-Dahle, Ahmad and Letman, Aiesha and Mathur, Akhil and Schelten, Alan and Yang, Amy and Fan, Angela and others},
  journal={arXiv preprint arXiv:2407.21783},
  year={2024}
}

@article{zhang2024careful,
  title={A careful examination of large language model performance on grade school arithmetic},
  author={Zhang, Hugh and Da, Jeff and Lee, Dean and Robinson, Vaughn and Wu, Catherine and Song, Will and Zhao, Tiffany and Raja, Pranav and Slack, Dylan and Lyu, Qin and others},
  journal={arXiv preprint arXiv:2405.00332},
  year={2024}
}

@article{lanham2023measuring,
  title={Measuring faithfulness in chain-of-thought reasoning},
  author={Lanham, Tamera and Chen, Anna and Radhakrishnan, Ansh and Steiner, Benoit and Denison, Carson and Hernandez, Danny and Li, Dustin and Durmus, Esin and Hubinger, Evan and Kernion, Jackson and others},
  journal={arXiv preprint arXiv:2307.13702},
  year={2023}
}

@article{chen2022program,
  title={Program of thoughts prompting: Disentangling computation from reasoning for numerical reasoning tasks},
  author={Chen, Wenhu and Ma, Xueguang and Wang, Xinyi and Cohen, William W},
  journal={arXiv preprint arXiv:2211.12588},
  year={2022}
}

@article{lyu2023faithful,
  title={Faithful chain-of-thought reasoning},
  author={Lyu, Qing and Havaldar, Shreya and Stein, Adam and Zhang, Li and Rao, Delip and Wong, Eric and Apidianaki, Marianna and Callison-Burch, Chris},
  journal={arXiv preprint arXiv:2301.13379},
  year={2023}
}

@inproceedings{de2008z3,
  title={Z3: An efficient SMT solver},
  author={De Moura, Leonardo and Bj{\o}rner, Nikolaj},
  booktitle={International conference on Tools and Algorithms for the Construction and Analysis of Systems},
  pages={337--340},
  year={2008},
  organization={Springer}
}

@article{jiang2024leanreasoner,
  title={LeanReasoner: Boosting Complex Logical Reasoning with Lean},
  author={Jiang, Dongwei and Fonseca, Marcio and Cohen, Shay B},
  journal={arXiv preprint arXiv:2403.13312},
  year={2024}
}

@article{jiang2022draft,
  title={Draft, sketch, and prove: Guiding formal theorem provers with informal proofs},
  author={Jiang, Albert Q and Welleck, Sean and Zhou, Jin Peng and Li, Wenda and Liu, Jiacheng and Jamnik, Mateja and Lacroix, Timoth{\'e}e and Wu, Yuhuai and Lample, Guillaume},
  journal={arXiv preprint arXiv:2210.12283},
  year={2022}
}

@article{xu2024faithful,
  title={Faithful Logical Reasoning via Symbolic Chain-of-Thought},
  author={Xu, Jundong and Fei, Hao and Pan, Liangming and Liu, Qian and Lee, Mong-Li and Hsu, Wynne},
  journal={arXiv preprint arXiv:2405.18357},
  year={2024}
}

@article{quan2024verification,
  title={Verification and Refinement of Natural Language Explanations through LLM-Symbolic Theorem Proving},
  author={Quan, Xin and Valentino, Marco and Dennis, Louise A and Freitas, Andr{\'e}},
  journal={arXiv preprint arXiv:2405.01379},
  year={2024}
}

@article{gou2023critic,
  title={Critic: Large language models can self-correct with tool-interactive critiquing},
  author={Gou, Zhibin and Shao, Zhihong and Gong, Yeyun and Shen, Yelong and Yang, Yujiu and Duan, Nan and Chen, Weizhu},
  journal={arXiv preprint arXiv:2305.11738},
  year={2023}
}

@article{olausson2023linc,
  title={LINC: A neurosymbolic approach for logical reasoning by combining language models with first-order logic provers},
  author={Olausson, Theo X and Gu, Alex and Lipkin, Benjamin and Zhang, Cedegao E and Solar-Lezama, Armando and Tenenbaum, Joshua B and Levy, Roger},
  journal={arXiv preprint arXiv:2310.15164},
  year={2023}
}

@article{kojima2022large,
  title={Large language models are zero-shot reasoners},
  author={Kojima, Takeshi and Gu, Shixiang Shane and Reid, Machel and Matsuo, Yutaka and Iwasawa, Yusuke},
  journal={Advances in neural information processing systems},
  volume={35},
  pages={22199--22213},
  year={2022}
}

@article{li2024numinamath,
  title={Numinamath: The largest public dataset in ai4maths with 860k pairs of competition math problems and solutions},
  author={Li, Jia and Beeching, Edward and Tunstall, Lewis and Lipkin, Ben and Soletskyi, Roman and Huang, Shengyi and Rasul, Kashif and Yu, Longhui and Jiang, Albert Q and Shen, Ziju and others},
  journal={Hugging Face repository},
  volume={13},
  pages={9},
  year={2024}
}

@article{yu2023metamath,
  title={Metamath: Bootstrap your own mathematical questions for large language models},
  author={Yu, Longhui and Jiang, Weisen and Shi, Han and Yu, Jincheng and Liu, Zhengying and Zhang, Yu and Kwok, James T and Li, Zhenguo and Weller, Adrian and Liu, Weiyang},
  journal={arXiv preprint arXiv:2309.12284},
  year={2023}
}

@article{tang2024mathscale,
  title={Mathscale: Scaling instruction tuning for mathematical reasoning},
  author={Tang, Zhengyang and Zhang, Xingxing and Wang, Benyou and Wei, Furu},
  journal={arXiv preprint arXiv:2403.02884},
  year={2024}
}

@article{stephan2024calculation,
  title={From calculation to adjudication: Examining llm judges on mathematical reasoning tasks},
  author={Stephan, Andreas and Zhu, Dawei and A{\ss}enmacher, Matthias and Shen, Xiaoyu and Roth, Benjamin},
  journal={arXiv preprint arXiv:2409.04168},
  year={2024}
}

@article{lu2024mathgenie,
  title={Mathgenie: Generating synthetic data with question back-translation for enhancing mathematical reasoning of llms},
  author={Lu, Zimu and Zhou, Aojun and Ren, Houxing and Wang, Ke and Shi, Weikang and Pan, Junting and Zhan, Mingjie and Li, Hongsheng},
  journal={arXiv preprint arXiv:2402.16352},
  year={2024}
}

@article{park2024ensembling,
  title={Ensembling Large Language Models with Process Reward-Guided Tree Search for Better Complex Reasoning},
  author={Park, Sungjin and Liu, Xiao and Gong, Yeyun and Choi, Edward},
  journal={arXiv preprint arXiv:2412.15797},
  year={2024}
}

@article{luo2024improve,
  title={Improve Mathematical Reasoning in Language Models by Automated Process Supervision},
  author={Luo, Liangchen and Liu, Yinxiao and Liu, Rosanne and Phatale, Samrat and Lara, Harsh and Li, Yunxuan and Shu, Lei and Zhu, Yun and Meng, Lei and Sun, Jiao and others},
  journal={arXiv preprint arXiv:2406.06592},
  year={2024}
}

@inproceedings{wang2024math,
  title={Math-shepherd: Verify and reinforce llms step-by-step without human annotations},
  author={Wang, Peiyi and Li, Lei and Shao, Zhihong and Xu, Runxin and Dai, Damai and Li, Yifei and Chen, Deli and Wu, Yu and Sui, Zhifang},
  booktitle={Proceedings of the 62nd Annual Meeting of the Association for Computational Linguistics (Volume 1: Long Papers)},
  pages={9426--9439},
  year={2024}
}

@article{chen2024alphamath,
  title={AlphaMath Almost Zero: process Supervision without process},
  author={Chen, Guoxin and Liao, Minpeng and Li, Chengxi and Fan, Kai},
  journal={arXiv preprint arXiv:2405.03553},
  year={2024}
}

@article{zelikman2022star,
  title={Star: Bootstrapping reasoning with reasoning},
  author={Zelikman, Eric and Wu, Yuhuai and Mu, Jesse and Goodman, Noah},
  journal={Advances in Neural Information Processing Systems},
  volume={35},
  pages={15476--15488},
  year={2022}
}

@article{hendrycks2021measuring,
  title={Measuring mathematical problem solving with the math dataset},
  author={Hendrycks, Dan and Burns, Collin and Kadavath, Saurav and Arora, Akul and Basart, Steven and Tang, Eric and Song, Dawn and Steinhardt, Jacob},
  journal={arXiv preprint arXiv:2103.03874},
  year={2021}
}

@article{hurst2024gpt,
  title={Gpt-4o system card},
  author={Hurst, Aaron and Lerer, Adam and Goucher, Adam P and Perelman, Adam and Ramesh, Aditya and Clark, Aidan and Ostrow, AJ and Welihinda, Akila and Hayes, Alan and Radford, Alec and others},
  journal={arXiv preprint arXiv:2410.21276},
  year={2024}
}

@article{patel2021nlp,
  title={Are NLP models really able to solve simple math word problems?},
  author={Patel, Arkil and Bhattamishra, Satwik and Goyal, Navin},
  journal={arXiv preprint arXiv:2103.07191},
  year={2021}
}

@article{roy2016solving,
  title={Solving general arithmetic word problems},
  author={Roy, Subhro and Roth, Dan},
  journal={arXiv preprint arXiv:1608.01413},
  year={2016}
}

@article{mirzadeh2024gsm,
  title={Gsm-symbolic: Understanding the limitations of mathematical reasoning in large language models},
  author={Mirzadeh, Iman and Alizadeh, Keivan and Shahrokhi, Hooman and Tuzel, Oncel and Bengio, Samy and Farajtabar, Mehrdad},
  journal={arXiv preprint arXiv:2410.05229},
  year={2024}
}

@article{ling2017program,
  title={Program induction by rationale generation: Learning to solve and explain algebraic word problems},
  author={Ling, Wang and Yogatama, Dani and Dyer, Chris and Blunsom, Phil},
  journal={arXiv preprint arXiv:1705.04146},
  year={2017}
}

@article{gema2024we,
  title={Are We Done with MMLU?},
  author={Gema, Aryo Pradipta and Leang, Joshua Ong Jun and Hong, Giwon and Devoto, Alessio and Mancino, Alberto Carlo Maria and Saxena, Rohit and He, Xuanli and Zhao, Yu and Du, Xiaotang and Madani, Mohammad Reza Ghasemi and others},
  journal={arXiv preprint arXiv:2406.04127},
  year={2024}
}

@article{touvron2023llama,
  title={Llama 2: Open foundation and fine-tuned chat models},
  author={Touvron, Hugo and Martin, Louis and Stone, Kevin and Albert, Peter and Almahairi, Amjad and Babaei, Yasmine and Bashlykov, Nikolay and Batra, Soumya and Bhargava, Prajjwal and Bhosale, Shruti and others},
  journal={arXiv preprint arXiv:2307.09288},
  year={2023}
}

@article{olmo20242,
  title={2 OLMo 2 Furious},
  author={OLMo, Team and Walsh, Pete and Soldaini, Luca and Groeneveld, Dirk and Lo, Kyle and Arora, Shane and Bhagia, Akshita and Gu, Yuling and Huang, Shengyi and Jordan, Matt and others},
  journal={arXiv preprint arXiv:2501.00656},
  year={2024}
}

@article{jiang2023mistral,
  title={Mistral 7B},
  author={Jiang, Albert Q and Sablayrolles, Alexandre and Mensch, Arthur and Bamford, Chris and Chaplot, Devendra Singh and Casas, Diego de las and Bressand, Florian and Lengyel, Gianna and Lample, Guillaume and Saulnier, Lucile and others},
  journal={arXiv preprint arXiv:2310.06825},
  year={2023}
}

@article{hu2021lora,
  title={Lora: Low-rank adaptation of large language models},
  author={Hu, Edward J and Shen, Yelong and Wallis, Phillip and Allen-Zhu, Zeyuan and Li, Yuanzhi and Wang, Shean and Wang, Lu and Chen, Weizhu},
  journal={arXiv preprint arXiv:2106.09685},
  year={2021}
}

@article{zhou2024don,
  title={Don't Trust: Verify--Grounding LLM Quantitative Reasoning with Autoformalization},
  author={Zhou, Jin Peng and Staats, Charles and Li, Wenda and Szegedy, Christian and Weinberger, Kilian Q and Wu, Yuhuai},
  journal={arXiv preprint arXiv:2403.18120},
  year={2024}
}

@inproceedings{de2015lean,
  title={The Lean theorem prover (system description)},
  author={De Moura, Leonardo and Kong, Soonho and Avigad, Jeremy and Van Doorn, Floris and von Raumer, Jakob},
  booktitle={Automated Deduction-CADE-25: 25th International Conference on Automated Deduction, Berlin, Germany, August 1-7, 2015, Proceedings 25},
  pages={378--388},
  year={2015},
  organization={Springer}
}

@book{paulson1994isabelle,
  title={Isabelle: A generic theorem prover},
  author={Paulson, Lawrence C},
  year={1994},
  publisher={Springer}
}

@article{xin2024deepseek,
  title={DeepSeek-Prover: Advancing Theorem Proving in LLMs through Large-Scale Synthetic Data},
  author={Xin, Huajian and Guo, Daya and Shao, Zhihong and Ren, Zhizhou and Zhu, Qihao and Liu, Bo and Ruan, Chong and Li, Wenda and Liang, Xiaodan},
  journal={arXiv preprint arXiv:2405.14333},
  year={2024}
}

@article{zheng2023judging,
  title={Judging llm-as-a-judge with mt-bench and chatbot arena},
  author={Zheng, Lianmin and Chiang, Wei-Lin and Sheng, Ying and Zhuang, Siyuan and Wu, Zhanghao and Zhuang, Yonghao and Lin, Zi and Li, Zhuohan and Li, Dacheng and Xing, Eric and others},
  journal={Advances in Neural Information Processing Systems},
  volume={36},
  pages={46595--46623},
  year={2023}
}

@article{saha2025learning,
  title={Learning to Plan \& Reason for Evaluation with Thinking-LLM-as-a-Judge},
  author={Saha, Swarnadeep and Li, Xian and Ghazvininejad, Marjan and Weston, Jason and Wang, Tianlu},
  journal={arXiv preprint arXiv:2501.18099},
  year={2025}
}

@article{bi2024iterative,
  title={Iterative Refinement of Project-Level Code Context for Precise Code Generation with Compiler Feedback},
  author={Bi, Zhangqian and Wan, Yao and Wang, Zheng and Zhang, Hongyu and Guan, Batu and Lu, Fangxin and Zhang, Zili and Sui, Yulei and Shi, Xuanhua and Jin, Hai},
  journal={arXiv preprint arXiv:2403.16792},
  year={2024}
}

@article{toshniwal2024openmathinstruct,
  title={Openmathinstruct-2: Accelerating ai for math with massive open-source instruction data},
  author={Toshniwal, Shubham and Du, Wei and Moshkov, Ivan and Kisacanin, Branislav and Ayrapetyan, Alexan and Gitman, Igor},
  journal={arXiv preprint arXiv:2410.01560},
  year={2024}
}

@article{wu2022autoformalization,
  title={Autoformalization with large language models},
  author={Wu, Yuhuai and Jiang, Albert Qiaochu and Li, Wenda and Rabe, Markus and Staats, Charles and Jamnik, Mateja and Szegedy, Christian},
  journal={Advances in Neural Information Processing Systems},
  volume={35},
  pages={32353--32368},
  year={2022}
}

@article{zheng2021minif2f,
  title={Minif2f: a cross-system benchmark for formal olympiad-level mathematics},
  author={Zheng, Kunhao and Han, Jesse Michael and Polu, Stanislas},
  journal={arXiv preprint arXiv:2109.00110},
  year={2021}
}

@inproceedings{bohme2010sledgehammer,
  title={Sledgehammer: judgement day},
  author={B{\"o}hme, Sascha and Nipkow, Tobias},
  booktitle={Automated Reasoning: 5th International Joint Conference, IJCAR 2010, Edinburgh, UK, July 16-19, 2010. Proceedings 5},
  pages={107--121},
  year={2010},
  organization={Springer}
}

@article{xin2023lego,
  title={Lego-prover: Neural theorem proving with growing libraries},
  author={Xin, Huajian and Wang, Haiming and Zheng, Chuanyang and Li, Lin and Liu, Zhengying and Cao, Qingxing and Huang, Yinya and Xiong, Jing and Shi, Han and Xie, Enze and others},
  journal={arXiv preprint arXiv:2310.00656},
  year={2023}
}

@article{huet1997coq,
  title={The coq proof assistant a tutorial},
  author={Huet, G{\'e}rard and Kahn, Gilles and Paulin-Mohring, Christine},
  journal={Rapport Technique},
  volume={178},
  year={1997}
}

@article{rafailov2024direct,
  title={Direct preference optimization: Your language model is secretly a reward model},
  author={Rafailov, Rafael and Sharma, Archit and Mitchell, Eric and Manning, Christopher D and Ermon, Stefano and Finn, Chelsea},
  journal={Advances in Neural Information Processing Systems},
  volume={36},
  year={2024}
}

@article{he2024olympiadbench,
  title={Olympiadbench: A challenging benchmark for promoting agi with olympiad-level bilingual multimodal scientific problems},
  author={He, Chaoqun and Luo, Renjie and Bai, Yuzhuo and Hu, Shengding and Thai, Zhen Leng and Shen, Junhao and Hu, Jinyi and Han, Xu and Huang, Yujie and Zhang, Yuxiang and others},
  journal={arXiv preprint arXiv:2402.14008},
  year={2024}
}

@article{liang2022holistic,
  title={Holistic evaluation of language models},
  author={Liang, Percy and Bommasani, Rishi and Lee, Tony and Tsipras, Dimitris and Soylu, Dilara and Yasunaga, Michihiro and Zhang, Yian and Narayanan, Deepak and Wu, Yuhuai and Kumar, Ananya and others},
  journal={arXiv preprint arXiv:2211.09110},
  year={2022}
}

@article{shao2024deepseekmath,
  title={Deepseekmath: Pushing the limits of mathematical reasoning in open language models},
  author={Shao, Zhihong and Wang, Peiyi and Zhu, Qihao and Xu, Runxin and Song, Junxiao and Bi, Xiao and Zhang, Haowei and Zhang, Mingchuan and Li, YK and Wu, Y and others},
  journal={arXiv preprint arXiv:2402.03300},
  year={2024}
}

@article{mathstral,
  title={Mathstral-7B-v0.1},
  author={{The Mistral AI Team}},
  journal={https://huggingface.co/mistralai/Mathstral-7B-v0.1},
  year={2024}
}

@article{castelvecchi2021mathematicians,
  title={Mathematicians welcome computer-assisted proof in ‘grand unification’theory},
  author={Castelvecchi, Davide},
  journal={Nature},
  volume={595},
  number={7865},
  pages={18--19},
  year={2021},
  publisher={Nature}
}

@article{gowers2023conjecture,
  title={On a conjecture of Marton},
  author={Gowers, WT and Green, Ben and Manners, Freddie and Tao, Terence},
  journal={arXiv preprint arXiv:2311.05762},
  year={2023}
}

@inproceedings{eberl2024formalising,
  title={Formalising Half of a Graduate Textbook on Number Theory (Short Paper)},
  author={Eberl, Manuel and Bordg, Anthony and Paulson, Lawrence C and Li, Wenda},
  booktitle={15th International Conference on Interactive Theorem Proving (ITP 2024)},
  year={2024},
  organization={Schloss Dagstuhl--Leibniz-Zentrum f{\"u}r Informatik}
}

@article{lu2024process,
  title={Process-driven autoformalization in lean 4},
  author={Lu, Jianqiao and Wan, Yingjia and Liu, Zhengying and Huang, Yinya and Xiong, Jing and Liu, Chengwu and Shen, Jianhao and Jin, Hui and Zhang, Jipeng and Wang, Haiming and others},
  journal={arXiv preprint arXiv:2406.01940},
  year={2024}
}

@article{yang2024formal,
  title={Formal mathematical reasoning: A new frontier in ai},
  author={Yang, Kaiyu and Poesia, Gabriel and He, Jingxuan and Li, Wenda and Lauter, Kristin and Chaudhuri, Swarat and Song, Dawn},
  journal={arXiv preprint arXiv:2412.16075},
  year={2024}
}