@article{brown2024large,
  title={Large language monkeys: Scaling inference compute with repeated sampling},
  author={Brown, Bradley and Juravsky, Jordan and Ehrlich, Ryan and Clark, Ronald and Le, Quoc V and R{\'e}, Christopher and Mirhoseini, Azalia},
  journal={arXiv preprint arXiv:2407.21787},
  year={2024}
}

@article{castelvecchi2021mathematicians,
  title={Mathematicians welcome computer-assisted proof in ‘grand unification’theory},
  author={Castelvecchi, Davide},
  journal={Nature},
  volume={595},
  number={7865},
  pages={18--19},
  year={2021},
  publisher={Nature}
}

@inproceedings{eberl2024formalising,
  title={Formalising Half of a Graduate Textbook on Number Theory (Short Paper)},
  author={Eberl, Manuel and Bordg, Anthony and Paulson, Lawrence C and Li, Wenda},
  booktitle={15th International Conference on Interactive Theorem Proving (ITP 2024)},
  year={2024},
  organization={Schloss Dagstuhl--Leibniz-Zentrum f{\"u}r Informatik}
}

@article{gou2023tora,
  title={Tora: A tool-integrated reasoning agent for mathematical problem solving},
  author={Gou, Zhibin and Shao, Zhihong and Gong, Yeyun and Shen, Yelong and Yang, Yujiu and Huang, Minlie and Duan, Nan and Chen, Weizhu},
  journal={arXiv preprint arXiv:2309.17452},
  year={2023}
}

@article{gowers2023conjecture,
  title={On a conjecture of Marton},
  author={Gowers, WT and Green, Ben and Manners, Freddie and Tao, Terence},
  journal={arXiv preprint arXiv:2311.05762},
  year={2023}
}

@article{guan2025rstar,
  title={rStar-Math: Small LLMs Can Master Math Reasoning with Self-Evolved Deep Thinking},
  author={Guan, Xinyu and Zhang, Li Lyna and Liu, Yifei and Shang, Ning and Sun, Youran and Zhu, Yi and Yang, Fan and Yang, Mao},
  journal={arXiv preprint arXiv:2501.04519},
  year={2025}
}

@article{guo2025deepseek,
  title={DeepSeek-R1: Incentivizing Reasoning Capability in LLMs via Reinforcement Learning},
  author={Guo, Daya and Yang, Dejian and Zhang, Haowei and Song, Junxiao and Zhang, Ruoyu and Xu, Runxin and Zhu, Qihao and Ma, Shirong and Wang, Peiyi and Bi, Xiao and others},
  journal={arXiv preprint arXiv:2501.12948},
  year={2025}
}

@article{huet1997coq,
  title={The coq proof assistant a tutorial},
  author={Huet, G{\'e}rard and Kahn, Gilles and Paulin-Mohring, Christine},
  journal={Rapport Technique},
  volume={178},
  year={1997}
}

@article{jiang2022draft,
  title={Draft, sketch, and prove: Guiding formal theorem provers with informal proofs},
  author={Jiang, Albert Q and Welleck, Sean and Zhou, Jin Peng and Li, Wenda and Liu, Jiacheng and Jamnik, Mateja and Lacroix, Timoth{\'e}e and Wu, Yuhuai and Lample, Guillaume},
  journal={arXiv preprint arXiv:2210.12283},
  year={2022}
}

@article{jiang2024leanreasoner,
  title={LeanReasoner: Boosting Complex Logical Reasoning with Lean},
  author={Jiang, Dongwei and Fonseca, Marcio and Cohen, Shay B},
  journal={arXiv preprint arXiv:2403.13312},
  year={2024}
}

@article{li2024numinamath,
  title={Numinamath: The largest public dataset in ai4maths with 860k pairs of competition math problems and solutions},
  author={Li, Jia and Beeching, Edward and Tunstall, Lewis and Lipkin, Ben and Soletskyi, Roman and Huang, Shengyi and Rasul, Kashif and Yu, Longhui and Jiang, Albert Q and Shen, Ziju and others},
  journal={Hugging Face repository},
  volume={13},
  pages={9},
  year={2024}
}

@article{lin2024lean,
  title={Lean-star: Learning to interleave thinking and proving},
  author={Lin, Haohan and Sun, Zhiqing and Yang, Yiming and Welleck, Sean},
  journal={arXiv preprint arXiv:2407.10040},
  year={2024}
}

@article{luo2024improve,
  title={Improve Mathematical Reasoning in Language Models by Automated Process Supervision},
  author={Luo, Liangchen and Liu, Yinxiao and Liu, Rosanne and Phatale, Samrat and Lara, Harsh and Li, Yunxuan and Shu, Lei and Zhu, Yun and Meng, Lei and Sun, Jiao and others},
  journal={arXiv preprint arXiv:2406.06592},
  year={2024}
}

@article{tang2024mathscale,
  title={Mathscale: Scaling instruction tuning for mathematical reasoning},
  author={Tang, Zhengyang and Zhang, Xingxing and Wang, Benyou and Wei, Furu},
  journal={arXiv preprint arXiv:2403.02884},
  year={2024}
}

@article{toshniwal2024openmathinstruct,
  title={Openmathinstruct-2: Accelerating ai for math with massive open-source instruction data},
  author={Toshniwal, Shubham and Du, Wei and Moshkov, Ivan and Kisacanin, Branislav and Ayrapetyan, Alexan and Gitman, Igor},
  journal={arXiv preprint arXiv:2410.01560},
  year={2024}
}

@article{wang2023mathcoder,
  title={Mathcoder: Seamless code integration in llms for enhanced mathematical reasoning},
  author={Wang, Ke and Ren, Houxing and Zhou, Aojun and Lu, Zimu and Luo, Sichun and Shi, Weikang and Zhang, Renrui and Song, Linqi and Zhan, Mingjie and Li, Hongsheng},
  journal={arXiv preprint arXiv:2310.03731},
  year={2023}
}

@article{xin2023lego,
  title={Lego-prover: Neural theorem proving with growing libraries},
  author={Xin, Huajian and Wang, Haiming and Zheng, Chuanyang and Li, Lin and Liu, Zhengying and Cao, Qingxing and Huang, Yinya and Xiong, Jing and Shi, Han and Xie, Enze and others},
  journal={arXiv preprint arXiv:2310.00656},
  year={2023}
}

@article{yang2024formal,
  title={Formal mathematical reasoning: A new frontier in ai},
  author={Yang, Kaiyu and Poesia, Gabriel and He, Jingxuan and Li, Wenda and Lauter, Kristin and Chaudhuri, Swarat and Song, Dawn},
  journal={arXiv preprint arXiv:2412.16075},
  year={2024}
}

@article{yu2023metamath,
  title={Metamath: Bootstrap your own mathematical questions for large language models},
  author={Yu, Longhui and Jiang, Weisen and Shi, Han and Yu, Jincheng and Liu, Zhengying and Zhang, Yu and Kwok, James T and Li, Zhenguo and Weller, Adrian and Liu, Weiyang},
  journal={arXiv preprint arXiv:2309.12284},
  year={2023}
}

@article{yuan2023scaling,
  title={Scaling relationship on learning mathematical reasoning with large language models},
  author={Yuan, Zheng and Yuan, Hongyi and Li, Chengpeng and Dong, Guanting and Lu, Keming and Tan, Chuanqi and Zhou, Chang and Zhou, Jingren},
  journal={arXiv preprint arXiv:2308.01825},
  year={2023}
}

@article{zelikman2022star,
  title={Star: Bootstrapping reasoning with reasoning},
  author={Zelikman, Eric and Wu, Yuhuai and Mu, Jesse and Goodman, Noah},
  journal={Advances in Neural Information Processing Systems},
  volume={35},
  pages={15476--15488},
  year={2022}
}

@article{zhou2024don,
  title={Don't Trust: Verify--Grounding LLM Quantitative Reasoning with Autoformalization},
  author={Zhou, Jin Peng and Staats, Charles and Li, Wenda and Szegedy, Christian and Weinberger, Kilian Q and Wu, Yuhuai},
  journal={arXiv preprint arXiv:2403.18120},
  year={2024}
}

