@inproceedings{Lipman2023Flow,
  title={Flow Matching for Generative Modeling},
  author={Lipman, Yaron and Chen, Ricky T. Q. and Ben-Hamu, Heli and Nickel, Maximilian and Le, Matthew},
  booktitle={The Eleventh International Conference on Learning Representations},
  year={2023}
}

@article{King2013Spatial,
  author={King, Michael D. and Platnick, Steven and Menzel, W. Paul and Ackerman, Steven A. and Hubanks, Paul A.},
  journal={IEEE Transactions on Geoscience and Remote Sensing}, 
  title={Spatial and Temporal Distribution of Clouds Observed by MODIS Onboard the Terra and Aqua Satellites}, 
  year={2013},
  volume={51},
  number={7},
  pages={3826-3852},
  doi={10.1109/TGRS.2012.2227333}
}

@INPROCEEDINGS{Wang2019,
  author={Wang, Han and Wu, Wei and Su, Yang and Duan, Yongsheng and Wang, Pengze},
  booktitle={2019 IEEE 9th International Conference on Electronics Information and Emergency Communication (ICEIEC)}, 
  title={Image Super-Resolution using a Improved Generative Adversarial Network}, 
  year={2019},
  pages={312-315},
  doi={10.1109/ICEIEC.2019.8784610}}


@inproceedings{khanna2024diffusionsat,
title={DiffusionSat: A Generative Foundation Model for Satellite Imagery},
author={Samar Khanna and Patrick Liu and Linqi Zhou and Chenlin Meng and Robin Rombach and Marshall Burke and David B. Lobell and Stefano Ermon},
booktitle={The Twelfth International Conference on Learning Representations},
year={2024},
url={https://openreview.net/forum?id=I5webNFDgQ}
}

@inproceedings{Lim2017EnhancedDeepSR,
  title={Enhanced Deep Residual Networks for Single Image Super-Resolution},
  author={Lim, Bee and Son, Sanghyun and Kim, Heewon and Nah, Seungjun and Lee, Kyoung Mu},
  booktitle={Proceedings of the IEEE Conference on Computer Vision and Pattern Recognition Workshops},
  pages={136-144},
  year={2017},
  doi={10.1109/CVPRW.2017.151}
}

@article{Huber2024Leveraging,
  author={Huber, Felix and Inderka, Alexander and Steinhage, Volker},
  title={Leveraging Remote Sensing Data for Yield Prediction with Deep Transfer Learning},
  journal={Sensors},
  year={2024},
  volume={24},
  number={3},
  pages={770},
  doi={10.3390/s24030770},
  pmid={38339487},
  pmcid={PMC10857376},
  month={jan}
}

@article{Gillespie2007Assessment,
  author={Gillespie, Thomas W. and Chu, Jasmine and Frankenberg, Elizabeth and Thomas, Duncan},
  title={Assessment and Prediction of Natural Hazards from Satellite Imagery},
  journal={Progress in Physical Geography},
  year={2007},
  volume={31},
  number={5},
  pages={459-470},
  doi={10.1177/0309133307083296},
  pmid={25170186},
  pmcid={PMC4144012},
  month={oct}
}

@article{BOLTON2020111685,
  title={Continental-scale land surface phenology from harmonized {Landsat} 8 and {Sentinel-2} imagery},
  journal={Remote Sensing of Environment},
  volume={240},
  pages={111685},
  year={2020},
  doi={10.1016/j.rse.2020.111685},
  author={Bolton, Douglas K. and Gray, Josh M. and Melaas, Eli K. and Moon, Minkyu and Eklundh, Lars and Friedl, Mark A.}
}

@article{zhu2012fusion,
  title={A new geostatistical approach for filling gaps in {Landsat ETM+} {SLC-off} images},
  journal={Remote Sensing of Environment},
  volume={124},
  pages={49-60},
  year={2012},
  doi={10.1016/j.rse.2012.04.019},
  author={Zhu, Xiaolin and Liu, Desheng and Chen, Jin}
}

@article{Tong2024Improving,
  title={Improving and generalizing flow-based generative models with minibatch optimal transport},
  author={Tong, Alexander and Fatras, Kilian and Malkin, Nikolay and Huguet, Guillaume and Zhang, Yanlei and Rector-Brooks, Jarrid and Wolf, Guy and Bengio, Yoshua},
  journal={Transactions on Machine Learning Research},
  year={2024},
  note={Expert Certification}
}

@article{Liu2023FlowStraight,
  title={Flow Straight and Fast: Learning to Generate and Transfer Data with Rectified Flow},
  author={Liu, Xingchao and Gong, Chengyue and Liu, Qiang},
  journal={arXiv preprint arXiv:2303.08369},
  year={2023}
}

@inproceedings{Diffusion22,
  author={Rombach, Robin and Blattmann, Andreas and Lorenz, Dominik and Esser, Patrick and Ommer, Bj\"{o}rn},
  booktitle={2022 IEEE/CVF Conference on Computer Vision and Pattern Recognition (CVPR)}, 
  title={High-Resolution Image Synthesis with Latent Diffusion Models}, 
  year={2022},
  pages={10674-10685},
  doi={10.1109/CVPR52688.2022.01042}
}

@inproceedings{NODE2019,
  author={Chen, Ricky T. Q. and Rubanova, Yulia and Bettencourt, Jesse and Duvenaud, David K.},
  booktitle={Advances in Neural Information Processing Systems},
  editor={Bengio, S. and Wallach, H. and Larochelle, H. and Grauman, K. and Cesa-Bianchi, N. and Garnett, R.},
  pages={6571--6583},
  publisher={Curran Associates, Inc.},
  title={Neural Ordinary Differential Equations},
  volume={31},
  year={2018}
}

@article{Ronneberger2015UNetCN,
  title={U-Net: Convolutional Networks for Biomedical Image Segmentation},
  author={Ronneberger, Olaf and Fischer, Philipp and Brox, Thomas},
  journal={arXiv preprint arXiv:1505.04597},
  year={2015}
}

@article{CRAWFORD2023100103,
  author={Crawford, Christopher J. and Roy, David P. and Arab, Saeed and Barnes, Christopher and Vermote, Eric and Hulley, Glynn and Gerace, Aaron and Choate, Mike and Engebretson, Christopher and Micijevic, Esad and Schmidt, Gail and Anderson, Cody and Anderson, Martha and Bouchard, Michelle and Cook, Bruce and Dittmeier, Ray and Howard, Danny and Jenkerson, Calli and Kim, Minsu and Kleyians, Tania and Maiersperger, Thomas and Mueller, Chase and Neigh, Christopher and Owen, Linda and Page, Benjamin and Pahlevan, Nima and Rengarajan, Rajagopalan and Roger, Jean-Claude and Sayler, Kristi and Scaramuzza, Pat and Skakun, Sergii and Yan, Lin and Zhang, Hankui K. and Zhu, Zhe and Zahn, Steve},
  title={The 50-year {Landsat} collection 2 archive},
  journal={Science of Remote Sensing},
  volume={8},
  pages={100103},
  year={2023},
  doi={10.1016/j.srs.2023.100103}
}

@article{Liu2024GlobalTree,
  title={A global annual fractional tree cover dataset during 2000--2021 generated from realigned {MODIS} seasonal data},
  author={Liu, Yongze and Liu, Ronggao and Chen, Jin and Ju, Weimin and Feng, Yongxiu and Jiang, Cheng and Zhu, Xiufang and Xiao, Xiangming and Gong, Peng},
  journal={Scientific Data},
  volume={11},
  pages={832},
  year={2024},
  doi={10.1038/s41597-024-03671-9}
}

@article{schaaf2002first,
  title={First operational {BRDF}, albedo and nadir reflectance products from {MODIS}},
  author={Schaaf, Crystal B. and Gao, Feng and Strahler, Alan H. and Lucht, Wolfgang and Li, Xiaowen and Tsang, Trevor and Strugnell, Nicholas C. and Zhang, Xiaoyang and Jin, Yufang and Muller, Jan-Peter and Lewis, Philip and Barnsley, Michael and Hobson, Paul and Disney, Mathias and Roberts, Gareth and Dunderdale, Michael and Doll, Christopher and d'Entremont, Robert P. and Hu, Baoxin and Liang, Shunlin and Privette, Jeffrey L.},
  journal={Remote Sensing of Environment},
  volume={83},
  number={1-2},
  pages={135--148},
  year={2002},
  publisher={Elsevier}
}

@article{Xiong2009NASA,
  author={Xiong, Xiaoxiong and Chiang, Kophu and Sun, Junqiqang and Barnes, William and Guenther, Bruce and Salomonson, V. V.},
  year={2009},
  month={feb},
  pages={413-422},
  title={{NASA EOS} {Terra} and {Aqua MODIS} on-orbit performance},
  volume={43},
  journal={Advances in Space Research},
  doi={10.1016/j.asr.2008.04.008}
}

@inproceedings{Grathwohl2019FFJORD,
  title={{FFJORD}: Free-form continuous dynamics for scalable reversible generative models},
  author={Grathwohl, Will and Chen, Ricky T. Q. and Bettencourt, Jesse and Sutskever, Ilya and Duvenaud, David},
  booktitle={International Conference on Learning Representations},
  year={2019}
}

@inproceedings{Bello2019attentionaugmented,
  title={Attention augmented convolutional networks},
  author={Bello, Irwan and Zoph, Barret and Vasudevan, Vijay and Le, Quoc V.},
  booktitle={Proceedings of the IEEE/CVF International Conference on Computer Vision},
  pages={3286--3295},
  year={2019}
}

@inproceedings{Link2017Status,
  author={Link, Daniel and Wang, Zhipeng and Twedt, Kevin A. and Xiong, Xiaoxiong},
  title={Status of the {MODIS} spatial and spectral characterization and performance after recent {SRCA} operational changes},
  volume={10402},
  booktitle={Earth Observing Systems XXII},
  editor={Butler, James J. and Xiong, Xiaoxiong and Gu, Xingfa},
  organization={International Society for Optics and Photonics},
  publisher={SPIE},
  pages={104022G},
  year={2017},
  doi={10.1117/12.2273053}
}

@article{SCHNEIDER20101733,
  title={Mapping global urban areas using {MODIS} 500-m data: New methods and datasets based on 'urban ecoregions'},
  journal={Remote Sensing of Environment},
  volume={114},
  number={8},
  pages={1733-1746},
  year={2010},
  doi={10.1016/j.rse.2010.03.003},
  author={Schneider, Annemarie and Friedl, Mark A. and Potere, David}
}

@article{lucht2000algorithm,
  title={An algorithm for the retrieval of albedo from space using semiempirical {BRDF} models},
  author={Lucht, Wolfgang and Schaaf, Crystal B. and Strahler, Alan H.},
  journal={IEEE Transactions on Geoscience and Remote Sensing},
  volume={38},
  number={2},
  pages={977--998},
  year={2000},
  publisher={IEEE}
}

@article{Albergo2023Stochastic,
  author={Albergo, Michael S. and Dean, Lavrentiy and Racani{\`e}re, S{\'e}bastien and Cranmer, Kyle},
  title={Building Normalizing Flows with Stochastic Interpolants},
  journal={arXiv preprint arXiv:2303.13649},
  year={2023}
}

@article{Pooladian2023Multisample,
  author={Pooladian, Samira and Chen, Ricky T. Q. and Rubanova, Yulia and Polley, David and Duvenaud, David},
  title={Multisample Flow Matching: Straightening Flows with Minibatch Couplings},
  journal={arXiv preprint arXiv:2310.11779},
  year={2023}
}

@inproceedings{Lugmayr2022RePaint,
  author={Lugmayr, Martin and Danelljan, Martin and Romero, Andres and Yu, Fisher and Timofte, Radu and Van Gool, Luc},
  title={{RePaint}: Inpainting Using Denoising Diffusion Probabilistic Models},
  booktitle={Proceedings of the IEEE/CVF Conference on Computer Vision and Pattern Recognition},
  pages={11461--11471},
  year={2022}
}

@article{Chang2000SID,
  author={Chang, Chein-I},
  title={An Information-Theoretic-Based Approach to Spectral Variability, Similarity, and Discrimination for Hyperspectral Image Analysis},
  journal={IEEE Transactions on Information Theory},
  volume={46},
  number={5},
  pages={1927--1932},
  year={2000}
}

@article{Wang2004SSIM,
  author={Wang, Zhou and Bovik, Alan C. and Sheikh, Hamid R. and Simoncelli, Eero P.},
  title={Image Quality Assessment: From Error Visibility to Structural Similarity},
  journal={IEEE Transactions on Image Processing},
  volume={13},
  number={4},
  pages={600--612},
  year={2004}
}

@article{DiffCR2024,
  author={Zou, Xuechao and Li, Kai and Xing, Junliang and Zhang, Yu and Wang, Shiying and Jin, Lei and Tao, Pin},
  journal={IEEE Transactions on Geoscience and Remote Sensing}, 
  title={{DiffCR}: A Fast Conditional Diffusion Framework for Cloud Removal From Optical Satellite Images}, 
  year={2024},
  volume={62},
  pages={1-14},
  doi={10.1109/TGRS.2024.3365806}
}

@inproceedings{Lin2024Common,
  author={Lin, Shanchuan and Liu, Bingchen and Li, Jiashi and Yang, Xiao},
  title={Common Diffusion Noise Schedules and Sample Steps are Flawed},
  booktitle={2024 IEEE/CVF Winter Conference on Applications of Computer Vision},
  year={2024},
  pages={5392--5399}
}

@inproceedings{goodfellow2014generative,
  title={Generative Adversarial Nets},
  author={Goodfellow, Ian and Pouget-Abadie, Jean and Mirza, Mehdi and Xu, Bing and Warde-Farley, David and Ozair, Sherjil and Courville, Aaron and Bengio, Yoshua},
  booktitle={Advances in Neural Information Processing Systems},
  pages={2672--2680},
  year={2014}
}

@article{dhariwal2021diffusion,
  title={Diffusion Models Beat {GANs} on Image Synthesis},
  author={Dhariwal, Prafulla and Nichol, Alex},
  journal={Advances in Neural Information Processing Systems},
  volume={34},
  pages={8780--8794},
  year={2021}
}

@article{Xiao2024EDiffSR,
  author={Xiao, Yi and Yuan, Qiangqiang and Jiang, Kui and He, Jiang and Jin, Xianyu and Zhang, Liangpei},
  journal={IEEE Transactions on Geoscience and Remote Sensing},
  title={{EDiffSR}: An Efficient Diffusion Probabilistic Model for Remote Sensing Image Super-Resolution},
  year={2024},
  volume={62},
  pages={1-14},
  doi={10.1109/TGRS.2023.3341437}
}

@article{lanaras2018super,
  title={Super-resolution of {Sentinel-2} imagery: Learning a globally applicable deep neural network},
  author={Lanaras, Charis and Bioucas-Dias, Jos{\'e} and Baltsavias, Emmanuel and Schindler, Konrad},
  journal={ISPRS Journal of Photogrammetry and Remote Sensing},
  volume={146},
  pages={305--319},
  year={2018}
}

@article{Zhu2015Fmask,
  title={Improving cloud detection in {Landsat} imagery by combining the {Fmask} algorithm with a multi-temporal approach},
  author={Zhu, Zhe and Woodcock, Curtis E.},
  journal={Remote Sensing of Environment},
  volume={134},
  pages={275--284},
  year={2015}
}

@article{Czerkawski2023,
  author={Czerkawski, Mikolaj and Atkinson, Robert and Michie, Craig and Tachtatzis, Christos},
  title={{SatelliteCloudGenerator}: Controllable Cloud and Shadow Synthesis for Multi-Spectral Optical Satellite Images},
  journal={Remote Sensing},
  volume={15},
  year={2023},
  number={17},
  pages={4138},
  doi={10.3390/rs15174138}
}

@inproceedings{loshchilov2019decoupled,
  title={Decoupled Weight Decay Regularization},
  author={Loshchilov, Ilya and Hutter, Frank},
  booktitle={International Conference on Learning Representations},
  year={2019}
}

@inproceedings{loshchilov2017sgdr,
  title={{SGDR}: Stochastic Gradient Descent with Warm Restarts},
  author={Loshchilov, Ilya and Hutter, Frank},
  booktitle={International Conference on Learning Representations},
  year={2017}
}

@inproceedings{ho2020denoising,
  author={Ho, Jonathan and Jain, Ajay and Abbeel, Pieter},
  booktitle={Advances in Neural Information Processing Systems},
  pages={6840--6851},
  title={Denoising Diffusion Probabilistic Models},
  volume={33},
  year={2020}
}

@inproceedings{He2016DeepRL,
  title={Deep Residual Learning for Image Recognition},
  author={He, Kaiming and Zhang, Xiangyu and Ren, Shaoqing and Sun, Jian},
  booktitle={Proceedings of the IEEE Conference on Computer Vision and Pattern Recognition},
  year={2016}
}

@inproceedings{Vaswani2017AttentionIA,
  title={Attention Is All You Need},
  author={Vaswani, Ashish and Shazeer, Noam and Parmar, Niki and Uszkoreit, Jakob and Jones, Llion and Gomez, Aidan N. and Kaiser, Lukasz and Polosukhin, Illia},
  booktitle={Advances in Neural Information Processing Systems},
  year={2017}
}

@article{gao2006starfm,
  title={On the blending of the {Landsat} and {MODIS} surface reflectance: Predicting daily {Landsat} surface reflectance},
  author={Gao, Feng and Masek, Jeffrey G. and Schwaller, Mathew and Hall, Forrest G.},
  journal={IEEE Transactions on Geoscience and Remote Sensing},
  volume={44},
  number={8},
  pages={2207--2218},
  year={2006}
}

@article{zhu2010fusion,
  title={Combining {Landsat} and {MODIS} for a cloud-free, consistent time series},
  author={Zhu, Xiaolin and Chen, Jin and Gao, Feng and Masek, Jeffrey G.},
  journal={Remote Sensing of Environment},
  volume={114},
  number={11},
  pages={2623--2635},
  year={2010}
}

@article{zhu2016histarfm,
  title={Better monitoring of land cover dynamics using {Landsat} 8 time series},
  author={Zhu, Xiaolin and Gao, Feng and Liu, Yang and Chen, Jin},
  journal={Remote Sensing of Environment},
  volume={190},
  pages={233--241},
  year={2016}
}
