@inproceedings{Diffusion22,
  author={Rombach, Robin and Blattmann, Andreas and Lorenz, Dominik and Esser, Patrick and Ommer, Bj\"{o}rn},
  booktitle={2022 IEEE/CVF Conference on Computer Vision and Pattern Recognition (CVPR)}, 
  title={High-Resolution Image Synthesis with Latent Diffusion Models}, 
  year={2022},
  pages={10674-10685},
  doi={10.1109/CVPR52688.2022.01042}
}

@inproceedings{Lim2017EnhancedDeepSR,
  title={Enhanced Deep Residual Networks for Single Image Super-Resolution},
  author={Lim, Bee and Son, Sanghyun and Kim, Heewon and Nah, Seungjun and Lee, Kyoung Mu},
  booktitle={Proceedings of the IEEE Conference on Computer Vision and Pattern Recognition Workshops},
  pages={136-144},
  year={2017},
  doi={10.1109/CVPRW.2017.151}
}

@inproceedings{Lipman2023Flow,
  title={Flow Matching for Generative Modeling},
  author={Lipman, Yaron and Chen, Ricky T. Q. and Ben-Hamu, Heli and Nickel, Maximilian and Le, Matthew},
  booktitle={The Eleventh International Conference on Learning Representations},
  year={2023}
}

@article{Tong2024Improving,
  title={Improving and generalizing flow-based generative models with minibatch optimal transport},
  author={Tong, Alexander and Fatras, Kilian and Malkin, Nikolay and Huguet, Guillaume and Zhang, Yanlei and Rector-Brooks, Jarrid and Wolf, Guy and Bengio, Yoshua},
  journal={Transactions on Machine Learning Research},
  year={2024},
  note={Expert Certification}
}

@INPROCEEDINGS{Wang2019,
  author={Wang, Han and Wu, Wei and Su, Yang and Duan, Yongsheng and Wang, Pengze},
  booktitle={2019 IEEE 9th International Conference on Electronics Information and Emergency Communication (ICEIEC)}, 
  title={Image Super-Resolution using a Improved Generative Adversarial Network}, 
  year={2019},
  pages={312-315},
  doi={10.1109/ICEIEC.2019.8784610}}

@article{Xiao2024EDiffSR,
  author={Xiao, Yi and Yuan, Qiangqiang and Jiang, Kui and He, Jiang and Jin, Xianyu and Zhang, Liangpei},
  journal={IEEE Transactions on Geoscience and Remote Sensing},
  title={{EDiffSR}: An Efficient Diffusion Probabilistic Model for Remote Sensing Image Super-Resolution},
  year={2024},
  volume={62},
  pages={1-14},
  doi={10.1109/TGRS.2023.3341437}
}

@article{dhariwal2021diffusion,
  title={Diffusion Models Beat {GANs} on Image Synthesis},
  author={Dhariwal, Prafulla and Nichol, Alex},
  journal={Advances in Neural Information Processing Systems},
  volume={34},
  pages={8780--8794},
  year={2021}
}

@article{gao2006starfm,
  title={On the blending of the {Landsat} and {MODIS} surface reflectance: Predicting daily {Landsat} surface reflectance},
  author={Gao, Feng and Masek, Jeffrey G. and Schwaller, Mathew and Hall, Forrest G.},
  journal={IEEE Transactions on Geoscience and Remote Sensing},
  volume={44},
  number={8},
  pages={2207--2218},
  year={2006}
}

@inproceedings{goodfellow2014generative,
  title={Generative Adversarial Nets},
  author={Goodfellow, Ian and Pouget-Abadie, Jean and Mirza, Mehdi and Xu, Bing and Warde-Farley, David and Ozair, Sherjil and Courville, Aaron and Bengio, Yoshua},
  booktitle={Advances in Neural Information Processing Systems},
  pages={2672--2680},
  year={2014}
}

@inproceedings{ho2020denoising,
  author={Ho, Jonathan and Jain, Ajay and Abbeel, Pieter},
  booktitle={Advances in Neural Information Processing Systems},
  pages={6840--6851},
  title={Denoising Diffusion Probabilistic Models},
  volume={33},
  year={2020}
}

@inproceedings{khanna2024diffusionsat,
title={DiffusionSat: A Generative Foundation Model for Satellite Imagery},
author={Samar Khanna and Patrick Liu and Linqi Zhou and Chenlin Meng and Robin Rombach and Marshall Burke and David B. Lobell and Stefano Ermon},
booktitle={The Twelfth International Conference on Learning Representations},
year={2024},
url={https://openreview.net/forum?id=I5webNFDgQ}
}

@article{zhu2010fusion,
  title={Combining {Landsat} and {MODIS} for a cloud-free, consistent time series},
  author={Zhu, Xiaolin and Chen, Jin and Gao, Feng and Masek, Jeffrey G.},
  journal={Remote Sensing of Environment},
  volume={114},
  number={11},
  pages={2623--2635},
  year={2010}
}

@article{zhu2016histarfm,
  title={Better monitoring of land cover dynamics using {Landsat} 8 time series},
  author={Zhu, Xiaolin and Gao, Feng and Liu, Yang and Chen, Jin},
  journal={Remote Sensing of Environment},
  volume={190},
  pages={233--241},
  year={2016}
}

