@article{MAZUROWSKI2023102918,
title = {Segment anything model for medical image analysis: An experimental study},
journal = {Medical Image Analysis},
volume = {89},
pages = {102918},
year = {2023},
issn = {1361-8415},
doi = {https://doi.org/10.1016/j.media.2023.102918},
author = {Maciej A. Mazurowski and Haoyu Dong and Hanxue Gu and Jichen Yang and Nicholas Konz and Yixin Zhang},

}

@article{YAN2024112350,
title = {Cold SegDiffusion: A novel diffusion model for medical image segmentation},
journal = {Knowledge-Based Systems},
volume = {301},
pages = {112350},
year = {2024},
issn = {0950-7051},
doi = {https://doi.org/10.1016/j.knosys.2024.112350},
author = {Pengfei Yan and Minglei Li and Jiusi Zhang and Guanyi Li and Yuchen Jiang and Hao Luo},
}

@article{ZHANG2024108238,
title = {Segment anything model for medical image segmentation: Current applications and future directions},
journal = {Computers in Biology and Medicine},
volume = {171},
pages = {108238},
year = {2024},
issn = {0010-4825},
doi = {https://doi.org/10.1016/j.compbiomed.2024.108238},
author = {Yichi Zhang and Zhenrong Shen and Rushi Jiao},
}

@article{cheng2023sam2d,
  title={Sam-med2d},
  author={Cheng, Junlong and Ye, Jin and Deng, Zhongying and Chen, Jianpin and Li, Tianbin and Wang, Haoyu and Su, Yanzhou and Huang, Ziyan and Chen, Jilong and Jiang, Lei and others},
  journal={arXiv preprint arXiv:2308.16184},
  year={2023}
}

@article{fontanella2024diffusion,
  title={Diffusion models for counterfactual generation and anomaly detection in brain images},
  author={Fontanella, Alessandro and Mair, Grant and Wardlaw, Joanna and Trucco, Emanuele and Storkey, Amos},
  journal={IEEE Transactions on Medical Imaging},
  year={2024},
  publisher={IEEE}
}

@article{kazerouni2023diffusion,
  title={Diffusion models in medical imaging: A comprehensive survey},
  author={Kazerouni, Amirhossein and Aghdam, Ehsan Khodapanah and Heidari, Moein and Azad, Reza and Fayyaz, Mohsen and Hacihaliloglu, Ilker and Merhof, Dorit},
  journal={Medical Image Analysis},
  volume={88},
  pages={102846},
  year={2023},
  publisher={Elsevier}
}

@inproceedings{le2024medficientsam,
  title={MedficientSAM: A robust medical segmentation model with optimized inference pipeline for limited clinical settings},
  author={Le, Bao-Hiep and Nguyen-Vu, Dang-Khoa and Nguyen-Mau, Trong-Hieu and Nguyen, Hai-Dang and Tran, Minh-Triet},
  booktitle={CVPR workshop},
  year={2024}
}

@article{luo2024target,
  title={Target-Guided Diffusion Models for Unpaired Cross-modality Medical Image Translation},
  author={Luo, Yimin and Yang, Qinyu and Liu, Ziyi and Shi, Zenglin and Huang, Weimin and Zheng, Guoyan and Cheng, Jun},
  journal={IEEE Journal of Biomedical and Health Informatics},
  year={2024},
  publisher={IEEE}
}

@article{ma2024medsam,
  title={Segment anything in medical images},
  author={Ma, Jun and He, Yuting and Li, Feifei and Han, Lin and You, Chenyu and Wang, Bo},
  journal={Nature Communications},
  volume={15},
  number={1},
  pages={654},
  year={2024},
  publisher={Nature Publishing Group UK London}
}

@article{pan2024synthetic,
  title={Synthetic CT generation from MRI using 3D transformer-based denoising diffusion model},
  author={Pan, Shaoyan and Abouei, Elham and Wynne, Jacob and Chang, Chih-Wei and Wang, Tonghe and Qiu, Richard LJ and Li, Yuheng and Peng, Junbo and Roper, Justin and Patel, Pretesh and others},
  journal={Medical Physics},
  volume={51},
  number={4},
  pages={2538--2548},
  year={2024},
  publisher={Wiley Online Library}
}

@inproceedings{paranjape2024adaptivesam,
  title={Adaptivesam: Towards efficient tuning of sam for surgical scene segmentation},
  author={Paranjape, Jay N and Nair, Nithin Gopalakrishnan and Sikder, Shameema and Vedula, S Swaroop and Patel, Vishal M},
  booktitle={MIUA},
  pages={187--201},
  year={2024},
  organization={Springer}
}

@inproceedings{ramanarayanan2024dce,
  title={DCE-diff: Diffusion Model for Synthesis of Early and Late Dynamic Contrast-Enhanced MR Images from Non-Contrast Multimodal Inputs},
  author={Ramanarayanan, Sriprabha and Sarkar, Arunima and Gayathri, Matcha Naga and Ram, Keerthi and Sivaprakasam, Mohanasankar and others},
  booktitle={CVPR},
  pages={5174--5183},
  year={2024}
}

@article{stojanovski2024efficient,
  title={Efficient Semantic Diffusion Architectures for Model Training on Synthetic Echocardiograms},
  author={Stojanovski, David and da Silva, Mariana and Lamata, Pablo and Beqiri, Arian and Gomez, Alberto},
  journal={arXiv preprint arXiv:2409.19371},
  year={2024}
}

@article{usman2024brain,
  title={Brain tumor segmentation using synthetic MR images-A comparison of GANs and diffusion models},
  author={Usman Akbar, Muhammad and Larsson, M{\aa}ns and Blystad, Ida and Eklund, Anders},
  journal={Scientific Data},
  volume={11},
  number={1},
  pages={259},
  year={2024},
  publisher={Nature Publishing Group UK London}
}

@article{xie2024masksam,
  title={MaskSAM: Towards Auto-prompt SAM with Mask Classification for Medical Image Segmentation},
  author={Xie, Bin and Tang, Hao and Duan, Bin and Cai, Dawen and Yan, Yan},
  journal={arXiv preprint arXiv:2403.14103},
  year={2024}
}

@article{yue2023part,
  title={Part to whole: Collaborative prompting for surgical instrument segmentation},
  author={Yue, Wenxi and Zhang, Jing and Hu, Kun and Wu, Qiuxia and Ge, Zongyuan and Xia, Yong and Luo, Jiebo and Wang, Zhiyong},
  journal={arXiv preprint arXiv:2312.14481},
  year={2023}
}

@inproceedings{yue2024surgicalsam,
  title={Surgicalsam: Efficient class promptable surgical instrument segmentation},
  author={Yue, Wenxi and Zhang, Jing and Hu, Kun and Xia, Yong and Luo, Jiebo and Wang, Zhiyong},
  booktitle={AAAI},
  volume={38},
  pages={6890--6898},
  year={2024}
}

@article{zhang2023SAMed,
  title={Customized segment anything model for medical image segmentation},
  author={Zhang, Kaidong and Liu, Dong},
  journal={arXiv preprint arXiv:2304.13785},
  year={2023}
}

@inproceedings{zhang2024uv,
  title={Uv-sam: Adapting segment anything model for urban village identification},
  author={Zhang, Xin and Liu, Yu and Lin, Yuming and Liao, Qingmin and Li, Yong},
  booktitle={AAAI},
  volume={38},
  pages={22520--22528},
  year={2024}
}

@article{zhu2024diffusion,
  title={A diffusion model multi-scale feature fusion network for imbalanced medical image classification research},
  author={Zhu, Zipiao and Liu, Yang and Yuan, Chang-An and Qin, Xiao and Yang, Feng},
  journal={Computer Methods and Programs in Biomedicine},
  volume={256},
  pages={108384},
  year={2024},
  publisher={Elsevier}
}

