@article{wang2024artificial,
  title={Artificial Intelligence in Image-based Cardiovascular Disease Analysis: A Comprehensive Survey and Future Outlook},
  author={Wang, Xin and Zhu, Hongtu},
  journal={arXiv:2402.03394},
  year={2024}
}


@article{ma2024medsam,
  title={Segment anything in medical images},
  author={Ma, Jun and He, Yuting and Li, Feifei and Han, Lin and You, Chenyu and Wang, Bo},
  journal={Nature Communications},
  volume={15},
  number={1},
  pages={654},
  year={2024},
  publisher={Nature Publishing Group UK London}
}
@inproceedings{SAM,
  title={Segment anything},
  author={Kirillov, Alexander and Mintun, Eric and Ravi, Nikhila and Mao, Hanzi and Rolland, Chloe and Gustafson, Laura and Xiao, Tete and Whitehead, Spencer and Berg, Alexander C and Lo, Wan-Yen and others},
  booktitle={ICCV},
  pages={4015--4026},
  year={2023}
}
@article{Azad2024UnetReview,
  author={Azad, Reza and Aghdam, Ehsan Khodapanah and Rauland, Amelie and Jia, Yiwei and Avval, Atlas Haddadi and Bozorgpour, Afshin and Karimijafarbigloo, Sanaz and Cohen, Joseph Paul and Adeli, Ehsan and Merhof, Dorit},
  journal={IEEE Transactions on Pattern Analysis and Machine Intelligence}, 
  title={Medical Image Segmentation Review: The Success of U-Net}, 
  year={2024},
  volume={46},
  number={12},
  pages={10076-10095},
  doi={10.1109/TPAMI.2024.3435571}}

@article{Marinov2024seg,
  author={Marinov, Zdravko and JÃ¤ger, Paul F. and Egger, Jan and Kleesiek, Jens and Stiefelhagen, Rainer},
  journal={IEEE Transactions on Pattern Analysis and Machine Intelligence}, 
  title={Deep Interactive Segmentation of Medical Images: A Systematic Review and Taxonomy}, 
  year={2024},
  volume={46},
  number={12},
  pages={10998-11018},
  doi={10.1109/TPAMI.2024.3452629}}

@article{zhang2023comprehensiveSAM,
  title={A comprehensive survey on segment anything model for vision and beyond},
  author={Zhang, Chunhui and Liu, Li and Cui, Yawen and Huang, Guanjie and Lin, Weilin and Yang, Yiqian and Hu, Yuehong},
  journal={arXiv preprint arXiv:2305.08196},
  year={2023}
}
 @inproceedings{Hatamizadeh2022UNETR,  
 title={UNETR: Transformers for 3D Medical Image Segmentation}, 
 DOI={10.1109/wacv51458.2022.00181}, 
 booktitle={WACV}, 
 author={Hatamizadeh, Ali and Tang, Yucheng and Nath, Vishwesh and Yang, Dong and Myronenko, Andriy and Landman, Bennett and Roth, Holger R. and Xu, Daguang}, 
 year={2022}, 
 month={Jan}
 }
@article{U-Mamba,
    title={U-Mamba: Enhancing Long-range Dependency for Biomedical Image Segmentation},
    author={Ma, Jun and Li, Feifei and Wang, Bo},
    journal={arXiv preprint arXiv:2401.04722},
    year={2024}
}
@article{nnFormer,
  author={Zhou, Hong-Yu and Guo, Jiansen and Zhang, Yinghao and Han, Xiaoguang and Yu, Lequan and Wang, Liansheng and Yu, Yizhou},
  journal={IEEE Transactions on Medical Imaging}, 
  title={nnFormer: Volumetric Medical Image Segmentation via a 3D Transformer}, 
  year={2023},
  volume={32},
  number={},
  pages={4036-4045},
  doi={10.1109/TIP.2023.3293771}}

@article{zhang2023towards,
  title={Towards segment anything model (SAM) for medical image segmentation: a survey},
  author={Zhang, Yichi and Jiao, Rushi},
  journal={arXiv preprint arXiv:2305.03678},
  year={2023}
}
@article{li2023autoprosam,
  title={AutoProSAM: Automated Prompting SAM for 3D Multi-Organ Segmentation},
  author={Li, Chengyin and Khanduri, Prashant and Qiang, Yao and Sultan, Rafi Ibn and Chetty, Indrin and Zhu, Dongxiao},
  journal={arXiv preprint arXiv:2308.14936},
  year={2023}
}

@article{xie2024masksam,
  title={MaskSAM: Towards Auto-prompt SAM with Mask Classification for Medical Image Segmentation},
  author={Xie, Bin and Tang, Hao and Duan, Bin and Cai, Dawen and Yan, Yan},
  journal={arXiv preprint arXiv:2403.14103},
  year={2024}
}

@inproceedings{le2024medficientsam,
  title={MedficientSAM: A robust medical segmentation model with optimized inference pipeline for limited clinical settings},
  author={Le, Bao-Hiep and Nguyen-Vu, Dang-Khoa and Nguyen-Mau, Trong-Hieu and Nguyen, Hai-Dang and Tran, Minh-Triet},
  booktitle={CVPR workshop},
  year={2024}
}
@inproceedings{yue2024surgicalsam,
  title={Surgicalsam: Efficient class promptable surgical instrument segmentation},
  author={Yue, Wenxi and Zhang, Jing and Hu, Kun and Xia, Yong and Luo, Jiebo and Wang, Zhiyong},
  booktitle={AAAI},
  volume={38},
  pages={6890--6898},
  year={2024}
}

@article{MAZUROWSKI2023102918,
title = {Segment anything model for medical image analysis: An experimental study},
journal = {Medical Image Analysis},
volume = {89},
pages = {102918},
year = {2023},
issn = {1361-8415},
doi = {https://doi.org/10.1016/j.media.2023.102918},
author = {Maciej A. Mazurowski and Haoyu Dong and Hanxue Gu and Jichen Yang and Nicholas Konz and Yixin Zhang},

}

@article{ZHANG2024108238,
title = {Segment anything model for medical image segmentation: Current applications and future directions},
journal = {Computers in Biology and Medicine},
volume = {171},
pages = {108238},
year = {2024},
issn = {0010-4825},
doi = {https://doi.org/10.1016/j.compbiomed.2024.108238},
author = {Yichi Zhang and Zhenrong Shen and Rushi Jiao},
}

@inproceedings{zhang2024uv,
  title={Uv-sam: Adapting segment anything model for urban village identification},
  author={Zhang, Xin and Liu, Yu and Lin, Yuming and Liao, Qingmin and Li, Yong},
  booktitle={AAAI},
  volume={38},
  pages={22520--22528},
  year={2024}
}

@article{yue2023part,
  title={Part to whole: Collaborative prompting for surgical instrument segmentation},
  author={Yue, Wenxi and Zhang, Jing and Hu, Kun and Wu, Qiuxia and Ge, Zongyuan and Xia, Yong and Luo, Jiebo and Wang, Zhiyong},
  journal={arXiv preprint arXiv:2312.14481},
  year={2023}
}

@inproceedings{paranjape2024adaptivesam,
  title={Adaptivesam: Towards efficient tuning of sam for surgical scene segmentation},
  author={Paranjape, Jay N and Nair, Nithin Gopalakrishnan and Sikder, Shameema and Vedula, S Swaroop and Patel, Vishal M},
  booktitle={MIUA},
  pages={187--201},
  year={2024},
  organization={Springer}
}

@article{YAN2024112350,
title = {Cold SegDiffusion: A novel diffusion model for medical image segmentation},
journal = {Knowledge-Based Systems},
volume = {301},
pages = {112350},
year = {2024},
issn = {0950-7051},
doi = {https://doi.org/10.1016/j.knosys.2024.112350},
author = {Pengfei Yan and Minglei Li and Jiusi Zhang and Guanyi Li and Yuchen Jiang and Hao Luo},
}

@article{zhu2024diffusion,
  title={A diffusion model multi-scale feature fusion network for imbalanced medical image classification research},
  author={Zhu, Zipiao and Liu, Yang and Yuan, Chang-An and Qin, Xiao and Yang, Feng},
  journal={Computer Methods and Programs in Biomedicine},
  volume={256},
  pages={108384},
  year={2024},
  publisher={Elsevier}
}
@article{fontanella2024diffusion,
  title={Diffusion models for counterfactual generation and anomaly detection in brain images},
  author={Fontanella, Alessandro and Mair, Grant and Wardlaw, Joanna and Trucco, Emanuele and Storkey, Amos},
  journal={IEEE Transactions on Medical Imaging},
  year={2024},
  publisher={IEEE}
}

@article{kazerouni2023diffusion,
  title={Diffusion models in medical imaging: A comprehensive survey},
  author={Kazerouni, Amirhossein and Aghdam, Ehsan Khodapanah and Heidari, Moein and Azad, Reza and Fayyaz, Mohsen and Hacihaliloglu, Ilker and Merhof, Dorit},
  journal={Medical Image Analysis},
  volume={88},
  pages={102846},
  year={2023},
  publisher={Elsevier}
}

@article{luo2024target,
  title={Target-Guided Diffusion Models for Unpaired Cross-modality Medical Image Translation},
  author={Luo, Yimin and Yang, Qinyu and Liu, Ziyi and Shi, Zenglin and Huang, Weimin and Zheng, Guoyan and Cheng, Jun},
  journal={IEEE Journal of Biomedical and Health Informatics},
  year={2024},
  publisher={IEEE}
}

@article{pan2024synthetic,
  title={Synthetic CT generation from MRI using 3D transformer-based denoising diffusion model},
  author={Pan, Shaoyan and Abouei, Elham and Wynne, Jacob and Chang, Chih-Wei and Wang, Tonghe and Qiu, Richard LJ and Li, Yuheng and Peng, Junbo and Roper, Justin and Patel, Pretesh and others},
  journal={Medical Physics},
  volume={51},
  number={4},
  pages={2538--2548},
  year={2024},
  publisher={Wiley Online Library}
}

@inproceedings{ramanarayanan2024dce,
  title={DCE-diff: Diffusion Model for Synthesis of Early and Late Dynamic Contrast-Enhanced MR Images from Non-Contrast Multimodal Inputs},
  author={Ramanarayanan, Sriprabha and Sarkar, Arunima and Gayathri, Matcha Naga and Ram, Keerthi and Sivaprakasam, Mohanasankar and others},
  booktitle={CVPR},
  pages={5174--5183},
  year={2024}
}

@article{usman2024brain,
  title={Brain tumor segmentation using synthetic MR images-A comparison of GANs and diffusion models},
  author={Usman Akbar, Muhammad and Larsson, M{\aa}ns and Blystad, Ida and Eklund, Anders},
  journal={Scientific Data},
  volume={11},
  number={1},
  pages={259},
  year={2024},
  publisher={Nature Publishing Group UK London}
}
@article{stojanovski2024efficient,
  title={Efficient Semantic Diffusion Architectures for Model Training on Synthetic Echocardiograms},
  author={Stojanovski, David and da Silva, Mariana and Lamata, Pablo and Beqiri, Arian and Gomez, Alberto},
  journal={arXiv preprint arXiv:2409.19371},
  year={2024}
}

@inproceedings{huang2024robustly,
  title={Robustly optimized deep feature decoupling network for fatty liver diseases detection},
  author={Huang, Peng and Hu, Shu and Peng, Bo and Zhang, Jiashu and Wu, Xi and Wang, Xin},
  booktitle={MICCAI},
  pages={68--78},
  year={2024},
  organization={Springer}
}

@article{weiss2016survey,
  title={A survey of transfer learning},
  author={Weiss, Karl and Khoshgoftaar, Taghi M and Wang, DingDing},
  journal={Journal of Big data},
  volume={3},
  pages={1--40},
  year={2016},
  publisher={Springer}
}

@article{hosna2022transfer,
  title={Transfer learning: a friendly introduction},
  author={Hosna, Asmaul and Merry, Ethel and Gyalmo, Jigmey and Alom, Zulfikar and Aung, Zeyar and Azim, Mohammad Abdul},
  journal={Journal of Big Data},
  volume={9},
  number={1},
  pages={102},
  year={2022},
  publisher={Springer}
}

@article{zhou2024medsam,
  title={MedSAM-U: Uncertainty-Guided Auto Multi-Prompt Adaptation for Reliable MedSAM},
  author={Zhou, Nan and Zou, Ke and Ren, Kai and Luo, Mengting and He, Linchao and Wang, Meng and Chen, Yidi and Zhang, Yi and Chen, Hu and Fu, Huazhu},
  journal={arXiv preprint arXiv:2409.00924},
  year={2024}
}

@inproceedings{ronneberger2015u,
  title={U-net: Convolutional networks for biomedical image segmentation},
  author={Ronneberger, Olaf and Fischer, Philipp and Brox, Thomas},
  booktitle={MICCAI},
  pages={234--241},
  year={2015},
  organization={Springer}
}

@article{wu2019wider,
  title={Wider or deeper: Revisiting the resnet model for visual recognition},
  author={Wu, Zifeng and Shen, Chunhua and Van Den Hengel, Anton},
  journal={Pattern Recogn},
  volume={90},
  pages={119--133},
  year={2019},
  publisher={Elsevier}
}



@article{ma2021abdomenct,
  title={Abdomenct-1k: Is abdominal organ segmentation a solved problem?},
  author={Ma, Jun and Zhang, Yao and Gu, Song and Zhu, Cheng and Ge, Cheng and Zhang, Yichi and An, Xingle and Wang, Congcong and Wang, Qiyuan and Liu, Xin and others},
  journal={IEEE Transactions on Pattern Analysis and Machine Intelligence},
  volume={44},
  number={10},
  pages={6695--6714},
  year={2021},
  publisher={IEEE}
}


@article{menze2014multimodal,
  title={The multimodal brain tumor image segmentation benchmark (BRATS)},
  author={Menze, Bjoern H and Jakab, Andras and Bauer, Stefan and Kalpathy-Cramer, Jayashree and Farahani, Keyvan and Kirby, Justin and Burren, Yuliya and Porz, Nicole and Slotboom, Johannes and Wiest, Roland and others},
  journal={IEEE Transactions on Medical Imaging},
  volume={34},
  number={10},
  pages={1993--2024},
  year={2014},
  publisher={IEEE}
}

@inproceedings{jha2020kvasir,
  title={Kvasir-seg: A segmented polyp dataset},
  author={Jha, Debesh and Smedsrud, Pia H and Riegler, Michael A and Halvorsen, P{\aa}l and De Lange, Thomas and Johansen, Dag and Johansen, H{\aa}vard D},
  booktitle={MMM},
  pages={451--462},
  year={2020},
  organization={Springer}
}


@article{candemir2013lung,
  title={Lung segmentation in chest radiographs using anatomical atlases with nonrigid registration},
  author={Candemir, Sema and Jaeger, Stefan and Palaniappan, Kannappan and Musco, Jonathan P and Singh, Rahul K and Xue, Zhiyun and Karargyris, Alexandros and Antani, Sameer and Thoma, George and McDonald, Clement J},
  journal={IEEE Transactions on Medical Imaging},
  volume={33},
  number={2},
  pages={577--590},
  year={2013},
  publisher={IEEE}
}




@article{ravi2024sam,
  title={Sam 2: Segment anything in images and videos},
  author={Ravi, Nikhila and Gabeur, Valentin and Hu, Yuan-Ting and Hu, Ronghang and Ryali, Chaitanya and Ma, Tengyu and Khedr, Haitham and R{\"a}dle, Roman and Rolland, Chloe and Gustafson, Laura and others},
  journal={arXiv preprint arXiv:2408.00714},
  year={2024}
}
@article{zhang2023SAMed,
  title={Customized segment anything model for medical image segmentation},
  author={Zhang, Kaidong and Liu, Dong},
  journal={arXiv preprint arXiv:2304.13785},
  year={2023}
}

@inproceedings{cheng2024H-SAM,
  title={Unleashing the potential of SAM for medical adaptation via hierarchical decoding},
  author={Cheng, Zhiheng and Wei, Qingyue and Zhu, Hongru and Wang, Yan and Qu, Liangqiong and Shao, Wei and Zhou, Yuyin},
  booktitle={CVPR},
  pages={3511--3522},
  year={2024}
}

@article{hu2023AutoSAM,
  title={How to efficiently adapt large segmentation model (sam) to medical images},
  author={Hu, Xinrong and Xu, Xiaowei and Shi, Yiyu},
  journal={arXiv preprint arXiv:2306.13731},
  year={2023}
}


@article{wang2024u,
  title={U-MedSAM: Uncertainty-aware MedSAM for Medical Image Segmentation},
  author={Wang, Xin and Liu, Xiaoyu and Huang, Peng and Huang, Pu and Hu, Shu and Zhu, Hongtu},
  journal={arXiv preprint arXiv:2408.08881},
  year={2024}
}
@article{cheng2023sam2d,
  title={Sam-med2d},
  author={Cheng, Junlong and Ye, Jin and Deng, Zhongying and Chen, Jianpin and Li, Tianbin and Wang, Haoyu and Su, Yanzhou and Huang, Ziyan and Chen, Jilong and Jiang, Lei and others},
  journal={arXiv preprint arXiv:2308.16184},
  year={2023}
}

@INPROCEEDINGS{Huangshape,
  author={Huang, Quanwei and Zhou, Yuezhi and Tao, Linmi},
  booktitle={ISBI}, 
  title={Dual-Term Loss Function For Shape-Aware Medical Image Segmentation}, 
  year={2021},
  pages={1798-1802}}

@INPROCEEDINGS{TsaiUncertainty,
  author={Tsai, Ting Yu and Lin, Li and Hu, Shu and Chang, Ming-Ching and Zhu, Hongtu and Wang, Xin},
  booktitle={MIPR}, 
  title={UU-Mamba: Uncertainty-aware U-Mamba for Cardiac Image Segmentation}, 
  year={2024},
  pages={267-273},
}

@article{amos,
  title={AMOS: A Large-Scale Abdominal Multi-Organ Benchmark for Versatile Medical Image Segmentation},
  author={Ji, Yuanfeng and Bai, Haotian and Yang, Jie and Ge, Chongjian and Zhu, Ye and Zhang, Ruimao and Li, Zhen and Zhang, Lingyan and Ma, Wanling and Wan, Xiang and others},
  journal={arXiv preprint arXiv:2206.08023},
  year={2022}
}

@article{nnU-Net,
  title={nnU-Net: a self-configuring method for deep learning-based biomedical image segmentation},
  author={Isensee, Fabian and Jaeger, Paul F and Kohl, Simon AA and Petersen, Jens and Maier-Hein, Klaus H},
  journal={Nature methods},
  volume={18},
  number={2},
  pages={203--211},
  year={2021},
  publisher={Nature Publishing Group}
}

@inproceedings{Swin-unet,
  title={Swin-unet: Unet-like pure transformer for medical image segmentation},
  author={Cao, Hu and Wang, Yueyue and Chen, Joy and Jiang, Dongsheng and Zhang, Xiaopeng and Tian, Qi and Wang, Manning},
  booktitle={ECCV},
  pages={205--218},
  year={2022},
  organization={Springer}
}
@article{Medformer,
  title={A data-scalable transformer for medical image segmentation: architecture, model efficiency, and benchmark},
  author={Gao, Yunhe and Zhou, Mu and Liu, Di and Yan, Zhennan and Zhang, Shaoting and Metaxas, Dimitris N},
  journal={arXiv preprint arXiv:2203.00131},
  year={2022}
}