@inproceedings{chatzikyriakidis2019adversarial,
  title={Adversarial face de-identification},
  author={Chatzikyriakidis, Efstathios and Papaioannidis, Christos and Pitas, Ioannis},
  booktitle={2019 IEEE International conference on image processing (ICIP)},
  pages={684--688},
  year={2019},
  organization={IEEE}
}

@inproceedings{chen2023advdiffuser,
  title={Advdiffuser: Natural adversarial example synthesis with diffusion models},
  author={Chen, Xinquan and Gao, Xitong and Zhao, Juanjuan and Ye, Kejiang and Xu, Cheng-Zhong},
  booktitle={Proceedings of the IEEE/CVF International Conference on Computer Vision},
  pages={4562--4572},
  year={2023}
}

@article{chen2024diffusion,
  title={Diffusion models for imperceptible and transferable adversarial attack},
  author={Chen, Jianqi and Chen, Hao and Chen, Keyan and Zhang, Yilan and Zou, Zhengxia and Shi, Zhenwei},
  journal={IEEE Transactions on Pattern Analysis and Machine Intelligence},
  year={2024},
  publisher={IEEE}
}

@inproceedings{dabouei2019fast,
  title={Fast geometrically-perturbed adversarial faces},
  author={Dabouei, Ali and Soleymani, Sobhan and Dawson, Jeremy and Nasrabadi, Nasser},
  booktitle={2019 IEEE Winter Conference on Applications of Computer Vision (WACV)},
  pages={1979--1988},
  year={2019},
  organization={IEEE}
}

@inproceedings{deb2020advfaces,
  title={Advfaces: Adversarial face synthesis},
  author={Deb, Debayan and Zhang, Jianbang and Jain, Anil K},
  booktitle={2020 IEEE International Joint Conference on Biometrics (IJCB)},
  pages={1--10},
  year={2020},
  organization={IEEE}
}

@inproceedings{dong2019efficient,
  title={Efficient decision-based black-box adversarial attacks on face recognition},
  author={Dong, Yinpeng and Su, Hang and Wu, Baoyuan and Li, Zhifeng and Liu, Wei and Zhang, Tong and Zhu, Jun},
  booktitle={proceedings of the IEEE/CVF conference on computer vision and pattern recognition},
  pages={7714--7722},
  year={2019}
}

@inproceedings{goswami2018unravelling,
  title={Unravelling robustness of deep learning based face recognition against adversarial attacks},
  author={Goswami, Gaurav and Ratha, Nalini and Agarwal, Akshay and Singh, Richa and Vatsa, Mayank},
  booktitle={Proceedings of the AAAI Conference on Artificial Intelligence},
  volume={32},
  number={1},
  year={2018}
}

@article{ho2020denoising,
  title={Denoising diffusion probabilistic models},
  author={Ho, Jonathan and Jain, Ajay and Abbeel, Pieter},
  journal={Advances in neural information processing systems},
  volume={33},
  pages={6840--6851},
  year={2020}
}

@article{jia2022adv,
  title={Adv-attribute: Inconspicuous and transferable adversarial attack on face recognition},
  author={Jia, Shuai and Yin, Bangjie and Yao, Taiping and Ding, Shouhong and Shen, Chunhua and Yang, Xiaokang and Ma, Chao},
  journal={Advances in Neural Information Processing Systems},
  volume={35},
  pages={34136--34147},
  year={2022}
}

@inproceedings{komkov2021advhat,
  title={Advhat: Real-world adversarial attack on arcface face id system},
  author={Komkov, Stepan and Petiushko, Aleksandr},
  booktitle={2020 25th international conference on pattern recognition (ICPR)},
  pages={819--826},
  year={2021},
  organization={IEEE}
}

@inproceedings{mokady2023null,
  title={Null-text inversion for editing real images using guided diffusion models},
  author={Mokady, Ron and Hertz, Amir and Aberman, Kfir and Pritch, Yael and Cohen-Or, Daniel},
  booktitle={Proceedings of the IEEE/CVF Conference on Computer Vision and Pattern Recognition},
  pages={6038--6047},
  year={2023}
}

@inproceedings{pautov2019adversarial,
  title={On adversarial patches: real-world attack on arcface-100 face recognition system},
  author={Pautov, Mikhail and Melnikov, Grigorii and Kaziakhmedov, Edgar and Kireev, Klim and Petiushko, Aleksandr},
  booktitle={2019 International Multi-Conference on Engineering, Computer and Information Sciences (SIBIRCON)},
  pages={0391--0396},
  year={2019},
  organization={IEEE}
}

@inproceedings{sharif2016accessorize,
  title={Accessorize to a crime: Real and stealthy attacks on state-of-the-art face recognition},
  author={Sharif, Mahmood and Bhagavatula, Sruti and Bauer, Lujo and Reiter, Michael K},
  booktitle={Proceedings of the 2016 acm sigsac conference on computer and communications security},
  pages={1528--1540},
  year={2016}
}

@article{sharif2019general,
  title={A general framework for adversarial examples with objectives},
  author={Sharif, Mahmood and Bhagavatula, Sruti and Bauer, Lujo and Reiter, Michael K},
  journal={ACM Transactions on Privacy and Security (TOPS)},
  volume={22},
  number={3},
  pages={1--30},
  year={2019},
  publisher={ACM New York, NY, USA}
}

@inproceedings{sohl2015deep,
  title={Deep unsupervised learning using nonequilibrium thermodynamics},
  author={Sohl-Dickstein, Jascha and Weiss, Eric and Maheswaranathan, Niru and Ganguli, Surya},
  booktitle={International conference on machine learning},
  pages={2256--2265},
  year={2015},
  organization={PMLR}
}

@inproceedings{sun2024diffam,
  title={DiffAM: Diffusion-based Adversarial Makeup Transfer for Facial Privacy Protection},
  author={Sun, Yuhao and Yu, Lingyun and Xie, Hongtao and Li, Jiaming and Zhang, Yongdong},
  booktitle={Proceedings of the IEEE/CVF Conference on Computer Vision and Pattern Recognition},
  pages={24584--24594},
  year={2024}
}

@inproceedings{szegedy2013intriguing,
  title={Intriguing properties of neural networks},
  author={Szegedy, Christian and Zaremba, Wojciech and Sutskever, Ilya and Bruna, Joan and Erhan, Dumitru and Goodfellow, Ian and Fergus, Rob},
  booktitle={International Conference on Learning Representations},
  year={2014}
}

@article{wang2024survey,
  title={A Survey on Physical Adversarial Attacks against Face Recognition Systems},
  author={Wang, Mingsi and Zhou, Jiachen and Li, Tianlin and Meng, Guozhu and Chen, Kai},
  journal={arXiv preprint arXiv:2410.16317},
  year={2024}
}

@article{wei2022adversarial,
  title={Adversarial sticker: A stealthy attack method in the physical world},
  author={Wei, Xingxing and Guo, Ying and Yu, Jie},
  journal={IEEE Transactions on Pattern Analysis and Machine Intelligence},
  volume={45},
  number={3},
  pages={2711--2725},
  year={2022},
  publisher={IEEE}
}

@article{wei2022simultaneously,
  title={Simultaneously optimizing perturbations and positions for black-box adversarial patch attacks},
  author={Wei, Xingxing and Guo, Ying and Yu, Jie and Zhang, Bo},
  journal={IEEE transactions on pattern analysis and machine intelligence},
  volume={45},
  number={7},
  pages={9041--9054},
  year={2022},
  publisher={IEEE}
}

@inproceedings{xiao2021improving,
  title={Improving transferability of adversarial patches on face recognition with generative models},
  author={Xiao, Zihao and Gao, Xianfeng and Fu, Chilin and Dong, Yinpeng and Gao, Wei and Zhang, Xiaolu and Zhou, Jun and Zhu, Jun},
  booktitle={Proceedings of the IEEE/CVF conference on computer vision and pattern recognition},
  pages={11845--11854},
  year={2021}
}

@article{yang2021attacks,
  title={Attacks on state-of-the-art face recognition using attentional adversarial attack generative network},
  author={Yang, Lu and Song, Qing and Wu, Yingqi},
  journal={Multimedia tools and applications},
  volume={80},
  pages={855--875},
  year={2021},
  publisher={Springer}
}

@article{yang2022controllable,
  title={Controllable evaluation and generation of physical adversarial patch on face recognition},
  author={Yang, Xiao and Dong, Yinpeng and Pang, Tianyu and Xiao, Zihao and Su, Hang and Zhu, Jun},
  journal={arXiv preprint arXiv:2203.04623},
  year={2022}
}

@inproceedings{yang2023towards,
  title={Towards effective adversarial textured 3d meshes on physical face recognition},
  author={Yang, Xiao and Liu, Chang and Xu, Longlong and Wang, Yikai and Dong, Yinpeng and Chen, Ning and Su, Hang and Zhu, Jun},
  booktitle={Proceedings of the IEEE/CVF Conference on Computer Vision and Pattern Recognition},
  pages={4119--4128},
  year={2023}
}

@inproceedings{zhong2019adversarial,
  title={Adversarial learning with margin-based triplet embedding regularization},
  author={Zhong, Yaoyao and Deng, Weihong},
  booktitle={Proceedings of the IEEE/CVF international conference on computer vision},
  pages={6549--6558},
  year={2019}
}

@article{zhong2020towards,
  title={Towards transferable adversarial attack against deep face recognition},
  author={Zhong, Yaoyao and Deng, Weihong},
  journal={IEEE Transactions on Information Forensics and Security},
  volume={16},
  pages={1452--1466},
  year={2020},
  publisher={IEEE}
}

