@article{wang2024survey,
  title={A Survey on Physical Adversarial Attacks against Face Recognition Systems},
  author={Wang, Mingsi and Zhou, Jiachen and Li, Tianlin and Meng, Guozhu and Chen, Kai},
  journal={arXiv preprint arXiv:2410.16317},
  year={2024}
}
@article{brown2017adversarial,
  title={Adversarial patch},
  author={Brown, Tom B and Man{\'e}, Dandelion and Roy, Aurko and Abadi, Mart{\'\i}n and Gilmer, Justin},
  journal={arXiv preprint arXiv:1712.09665},
  year={2017}
}
@article{ho2020denoising,
  title={Denoising diffusion probabilistic models},
  author={Ho, Jonathan and Jain, Ajay and Abbeel, Pieter},
  journal={Advances in neural information processing systems},
  volume={33},
  pages={6840--6851},
  year={2020}
}
@inproceedings{
song2021denoising,
title={Denoising Diffusion Implicit Models},
author={Jiaming Song and Chenlin Meng and Stefano Ermon},
booktitle={International Conference on Learning Representations},
year={2021}
}
@inproceedings{sohl2015deep,
  title={Deep unsupervised learning using nonequilibrium thermodynamics},
  author={Sohl-Dickstein, Jascha and Weiss, Eric and Maheswaranathan, Niru and Ganguli, Surya},
  booktitle={International conference on machine learning},
  pages={2256--2265},
  year={2015},
  organization={PMLR}
}
@inproceedings{mokady2023null,
  title={Null-text inversion for editing real images using guided diffusion models},
  author={Mokady, Ron and Hertz, Amir and Aberman, Kfir and Pritch, Yael and Cohen-Or, Daniel},
  booktitle={Proceedings of the IEEE/CVF Conference on Computer Vision and Pattern Recognition},
  pages={6038--6047},
  year={2023}
}
@inproceedings{rombach2022high,
  title={High-resolution image synthesis with latent diffusion models},
  author={Rombach, Robin and Blattmann, Andreas and Lorenz, Dominik and Esser, Patrick and Ommer, Bj{\"o}rn},
  booktitle={Proceedings of the IEEE/CVF conference on computer vision and pattern recognition},
  pages={10684--10695},
  year={2022}
}
@article{dhariwal2021diffusion,
  title={Diffusion models beat gans on image synthesis},
  author={Dhariwal, Prafulla and Nichol, Alexander},
  journal={Advances in neural information processing systems},
  volume={34},
  pages={8780--8794},
  year={2021}
}
@inproceedings{feng2018joint,
  title={Joint 3d face reconstruction and dense alignment with position map regression network},
  author={Feng, Yao and Wu, Fan and Shao, Xiaohu and Wang, Yanfeng and Zhou, Xi},
  booktitle={Proceedings of the European conference on computer vision (ECCV)},
  pages={534--551},
  year={2018}
}
@inproceedings{esser2021taming,
  title={Taming transformers for high-resolution image synthesis},
  author={Esser, Patrick and Rombach, Robin and Ommer, Bjorn},
  booktitle={Proceedings of the IEEE/CVF conference on computer vision and pattern recognition},
  pages={12873--12883},
  year={2021}
}
@inproceedings{xiao2021improving,
  title={Improving transferability of adversarial patches on face recognition with generative models},
  author={Xiao, Zihao and Gao, Xianfeng and Fu, Chilin and Dong, Yinpeng and Gao, Wei and Zhang, Xiaolu and Zhou, Jun and Zhu, Jun},
  booktitle={Proceedings of the IEEE/CVF conference on computer vision and pattern recognition},
  pages={11845--11854},
  year={2021}
}
@inproceedings{huang2008labeled,
  title={Labeled faces in the wild: A database forstudying face recognition in unconstrained environments},
  author={Huang, Gary B and Mattar, Marwan and Berg, Tamara and Learned-Miller, Eric},
  booktitle={Workshop on faces in'Real-Life'Images: detection, alignment, and recognition},
  year={2008}
}
@article{karras2017progressive,
  title={Progressive Growing of GANs for Improved Quality, Stability, and Variation},
  author={Karras, Tero},
  journal={arXiv preprint arXiv:1710.10196},
  year={2017}
}
@inproceedings{schroff2015facenet,
  title={Facenet: A unified embedding for face recognition and clustering},
  author={Schroff, Florian and Kalenichenko, Dmitry and Philbin, James},
  booktitle={Proceedings of the IEEE conference on computer vision and pattern recognition},
  pages={815--823},
  year={2015}
}
@inproceedings{wang2018cosface,
  title={Cosface: Large margin cosine loss for deep face recognition},
  author={Wang, Hao and Wang, Yitong and Zhou, Zheng and Ji, Xing and Gong, Dihong and Zhou, Jingchao and Li, Zhifeng and Liu, Wei},
  booktitle={Proceedings of the IEEE conference on computer vision and pattern recognition},
  pages={5265--5274},
  year={2018}
}
@inproceedings{deng2019arcface,
  title={Arcface: Additive angular margin loss for deep face recognition},
  author={Deng, Jiankang and Guo, Jia and Xue, Niannan and Zafeiriou, Stefanos},
  booktitle={Proceedings of the IEEE/CVF conference on computer vision and pattern recognition},
  pages={4690--4699},
  year={2019}
}
@article{wei2022simultaneously,
  title={Simultaneously optimizing perturbations and positions for black-box adversarial patch attacks},
  author={Wei, Xingxing and Guo, Ying and Yu, Jie and Zhang, Bo},
  journal={IEEE transactions on pattern analysis and machine intelligence},
  volume={45},
  number={7},
  pages={9041--9054},
  year={2022},
  publisher={IEEE}
}
@inproceedings{yang2023towards,
  title={Towards effective adversarial textured 3d meshes on physical face recognition},
  author={Yang, Xiao and Liu, Chang and Xu, Longlong and Wang, Yikai and Dong, Yinpeng and Chen, Ning and Su, Hang and Zhu, Jun},
  booktitle={Proceedings of the IEEE/CVF Conference on Computer Vision and Pattern Recognition},
  pages={4119--4128},
  year={2023}
}
@article{yang2022controllable,
  title={Controllable evaluation and generation of physical adversarial patch on face recognition},
  author={Yang, Xiao and Dong, Yinpeng and Pang, Tianyu and Xiao, Zihao and Su, Hang and Zhu, Jun},
  journal={arXiv preprint arXiv:2203.04623},
  year={2022}
}
@article{wei2022adversarial,
  title={Adversarial sticker: A stealthy attack method in the physical world},
  author={Wei, Xingxing and Guo, Ying and Yu, Jie},
  journal={IEEE Transactions on Pattern Analysis and Machine Intelligence},
  volume={45},
  number={3},
  pages={2711--2725},
  year={2022},
  publisher={IEEE}
}
@inproceedings{szegedy2013intriguing,
  title={Intriguing properties of neural networks},
  author={Szegedy, Christian and Zaremba, Wojciech and Sutskever, Ilya and Bruna, Joan and Erhan, Dumitru and Goodfellow, Ian and Fergus, Rob},
  booktitle={International Conference on Learning Representations},
  year={2014}
}
@inproceedings{dong2019efficient,
  title={Efficient decision-based black-box adversarial attacks on face recognition},
  author={Dong, Yinpeng and Su, Hang and Wu, Baoyuan and Li, Zhifeng and Liu, Wei and Zhang, Tong and Zhu, Jun},
  booktitle={proceedings of the IEEE/CVF conference on computer vision and pattern recognition},
  pages={7714--7722},
  year={2019}
}
@article{zhong2020towards,
  title={Towards transferable adversarial attack against deep face recognition},
  author={Zhong, Yaoyao and Deng, Weihong},
  journal={IEEE Transactions on Information Forensics and Security},
  volume={16},
  pages={1452--1466},
  year={2020},
  publisher={IEEE}
}
@article{yang2021attacks,
  title={Attacks on state-of-the-art face recognition using attentional adversarial attack generative network},
  author={Yang, Lu and Song, Qing and Wu, Yingqi},
  journal={Multimedia tools and applications},
  volume={80},
  pages={855--875},
  year={2021},
  publisher={Springer}
}
@inproceedings{deb2020advfaces,
  title={Advfaces: Adversarial face synthesis},
  author={Deb, Debayan and Zhang, Jianbang and Jain, Anil K},
  booktitle={2020 IEEE International Joint Conference on Biometrics (IJCB)},
  pages={1--10},
  year={2020},
  organization={IEEE}
}
@article{jia2022adv,
  title={Adv-attribute: Inconspicuous and transferable adversarial attack on face recognition},
  author={Jia, Shuai and Yin, Bangjie and Yao, Taiping and Ding, Shouhong and Shen, Chunhua and Yang, Xiaokang and Ma, Chao},
  journal={Advances in Neural Information Processing Systems},
  volume={35},
  pages={34136--34147},
  year={2022}
}
@inproceedings{goswami2018unravelling,
  title={Unravelling robustness of deep learning based face recognition against adversarial attacks},
  author={Goswami, Gaurav and Ratha, Nalini and Agarwal, Akshay and Singh, Richa and Vatsa, Mayank},
  booktitle={Proceedings of the AAAI Conference on Artificial Intelligence},
  volume={32},
  number={1},
  year={2018}
}
@inproceedings{zhong2019adversarial,
  title={Adversarial learning with margin-based triplet embedding regularization},
  author={Zhong, Yaoyao and Deng, Weihong},
  booktitle={Proceedings of the IEEE/CVF international conference on computer vision},
  pages={6549--6558},
  year={2019}
}
@inproceedings{chatzikyriakidis2019adversarial,
  title={Adversarial face de-identification},
  author={Chatzikyriakidis, Efstathios and Papaioannidis, Christos and Pitas, Ioannis},
  booktitle={2019 IEEE International conference on image processing (ICIP)},
  pages={684--688},
  year={2019},
  organization={IEEE}
}
@inproceedings{dabouei2019fast,
  title={Fast geometrically-perturbed adversarial faces},
  author={Dabouei, Ali and Soleymani, Sobhan and Dawson, Jeremy and Nasrabadi, Nasser},
  booktitle={2019 IEEE Winter Conference on Applications of Computer Vision (WACV)},
  pages={1979--1988},
  year={2019},
  organization={IEEE}
}
@inproceedings{PGD,
title={Towards Deep Learning Models Resistant to Adversarial Attacks},
author={Aleksander Madry and Aleksandar Makelov and Ludwig Schmidt and Dimitris Tsipras and Adrian Vladu},
booktitle={International Conference on Learning Representations},
year={2018},
}
@inproceedings{CW,
  title={Towards evaluating the robustness of neural networks},
  author={Carlini, Nicholas and Wagner, David},
  booktitle={2017 IEEE symposium on security and privacy (sp)},
  pages={39--57},
  year={2017},
  organization={Ieee}
}
@inproceedings{MI-FGSM,
  title={Boosting adversarial attacks with momentum},
  author={Dong, Yinpeng and Liao, Fangzhou and Pang, Tianyu and Su, Hang and Zhu, Jun and Hu, Xiaolin and Li, Jianguo},
  booktitle={Proceedings of the IEEE conference on computer vision and pattern recognition},
  pages={9185--9193},
  year={2018}
}
@inproceedings{Deepfool,
  title={Deepfool: a simple and accurate method to fool deep neural networks},
  author={Moosavi-Dezfooli, Seyed-Mohsen and Fawzi, Alhussein and Frossard, Pascal},
  booktitle={Proceedings of the IEEE conference on computer vision and pattern recognition},
  pages={2574--2582},
  year={2016}
}
@inproceedings{karmon2018lavan,
  title={Lavan: Localized and visible adversarial noise},
  author={Karmon, Danny and Zoran, Daniel and Goldberg, Yoav},
  booktitle={International conference on machine learning},
  pages={2507--2515},
  year={2018},
  organization={PMLR}
}
@inproceedings{jia2020adv,
  title={Adv-watermark: A novel watermark perturbation for adversarial examples},
  author={Jia, Xiaojun and Wei, Xingxing and Cao, Xiaochun and Han, Xiaoguang},
  booktitle={Proceedings of the 28th ACM international conference on multimedia},
  pages={1579--1587},
  year={2020}
}
@inproceedings{xu2020adversarial,
  title={Adversarial t-shirt! evading person detectors in a physical world},
  author={Xu, Kaidi and Zhang, Gaoyuan and Liu, Sijia and Fan, Quanfu and Sun, Mengshu and Chen, Hongge and Chen, Pin-Yu and Wang, Yanzhi and Lin, Xue},
  booktitle={Computer Vision--ECCV 2020: 16th European Conference, Glasgow, UK, August 23--28, 2020, Proceedings, Part V 16},
  pages={665--681},
  year={2020},
  organization={Springer}
}
@inproceedings{eykholt2018robust,
  title={Robust physical-world attacks on deep learning visual classification},
  author={Eykholt, Kevin and Evtimov, Ivan and Fernandes, Earlence and Li, Bo and Rahmati, Amir and Xiao, Chaowei and Prakash, Atul and Kohno, Tadayoshi and Song, Dawn},
  booktitle={Proceedings of the IEEE conference on computer vision and pattern recognition},
  pages={1625--1634},
  year={2018}
}
@inproceedings{liu2019perceptual,
  title={Perceptual-sensitive gan for generating adversarial patches},
  author={Liu, Aishan and Liu, Xianglong and Fan, Jiaxin and Ma, Yuqing and Zhang, Anlan and Xie, Huiyuan and Tao, Dacheng},
  booktitle={Proceedings of the AAAI conference on artificial intelligence},
  volume={33},
  number={01},
  pages={1028--1035},
  year={2019}
}
@inproceedings{komkov2021advhat,
  title={Advhat: Real-world adversarial attack on arcface face id system},
  author={Komkov, Stepan and Petiushko, Aleksandr},
  booktitle={2020 25th international conference on pattern recognition (ICPR)},
  pages={819--826},
  year={2021},
  organization={IEEE}
}
@inproceedings{pautov2019adversarial,
  title={On adversarial patches: real-world attack on arcface-100 face recognition system},
  author={Pautov, Mikhail and Melnikov, Grigorii and Kaziakhmedov, Edgar and Kireev, Klim and Petiushko, Aleksandr},
  booktitle={2019 International Multi-Conference on Engineering, Computer and Information Sciences (SIBIRCON)},
  pages={0391--0396},
  year={2019},
  organization={IEEE}
}
@article{sharif2019general,
  title={A general framework for adversarial examples with objectives},
  author={Sharif, Mahmood and Bhagavatula, Sruti and Bauer, Lujo and Reiter, Michael K},
  journal={ACM Transactions on Privacy and Security (TOPS)},
  volume={22},
  number={3},
  pages={1--30},
  year={2019},
  publisher={ACM New York, NY, USA}
}
@inproceedings{sharif2016accessorize,
  title={Accessorize to a crime: Real and stealthy attacks on state-of-the-art face recognition},
  author={Sharif, Mahmood and Bhagavatula, Sruti and Bauer, Lujo and Reiter, Michael K},
  booktitle={Proceedings of the 2016 acm sigsac conference on computer and communications security},
  pages={1528--1540},
  year={2016}
}
@article{lecun2015deep,
  title={Deep learning},
  author={LeCun, Yann and Bengio, Yoshua and Hinton, Geoffrey},
  journal={nature},
  volume={521},
  number={7553},
  pages={436--444},
  year={2015},
  publisher={Nature Publishing Group UK London}
}
@inproceedings{DeepFace,
  title={Deepface: Closing the gap to human-level performance in face verification},
  author={Taigman, Yaniv and Yang, Ming and Ranzato, Marc'Aurelio and Wolf, Lior},
  booktitle={Proceedings of the IEEE conference on computer vision and pattern recognition},
  pages={1701--1708},
  year={2014}
}
@article{patel2016secure,
  title={Secure face unlock: Spoof detection on smartphones},
  author={Patel, Keyurkumar and Han, Hu and Jain, Anil K},
  journal={IEEE transactions on information forensics and security},
  volume={11},
  number={10},
  pages={2268--2283},
  year={2016},
  publisher={IEEE}
}
@article{wang2021exploring,
  title={Exploring biometric identification in FinTech applications based on the modified TAM},
  author={Wang, Jen Sheng},
  journal={Financial Innovation},
  volume={7},
  number={1},
  pages={42},
  year={2021},
  publisher={Springer}
}
@inproceedings{goel2019development,
  title={Development of human detection system for security and military applications},
  author={Goel, Vidushi and Raj, Harsh and Muthigi, Kiran and Sanjay Kumar, S and Prasad, Deepak and Nath, Vijay},
  booktitle={Proceedings of the Third International Conference on Microelectronics, Computing and Communication Systems: MCCS 2018},
  pages={195--200},
  year={2019},
  organization={Springer}
}
@inproceedings{wang2024invisible,
  title={The Invisible Polyjuice Potion: an Effective Physical Adversarial Attack against Face Recognition},
  author={Wang, Ye and Liu, Zeyan and Luo, Bo and Hui, Rongqing and Li, Fengjun},
  booktitle={Proceedings of the 2024 on ACM SIGSAC Conference on Computer and Communications Security},
  pages={3346--3360},
  year={2024}
}
@inproceedings{yamada2012use,
  title={Use of invisible noise signals to prevent privacy invasion through face recognition from camera images},
  author={Yamada, Takayuki and Gohshi, Seiichi and Echizen, Isao},
  booktitle={Proceedings of the 20th ACM international conference on Multimedia},
  pages={1315--1316},
  year={2012}
}
@article{shen2019vla,
  title={Vla: A practical visible light-based attack on face recognition systems in physical world},
  author={Shen, Meng and Liao, Zelin and Zhu, Liehuang and Xu, Ke and Du, Xiaojiang},
  journal={Proceedings of the ACM on Interactive, Mobile, Wearable and Ubiquitous Technologies},
  volume={3},
  number={3},
  pages={1--19},
  year={2019},
  publisher={ACM New York, NY, USA}
}
@inproceedings{an2023imu,
  title={ImU: Physical Impersonating Attack for Face Recognition System with Natural Style Changes},
  author={An, Shengwei and Yao, Yuan and Xu, Qiuling and Ma, Shiqing and Tao, Guanhong and Cheng, Siyuan and Zhang, Kaiyuan and Liu, Yingqi and Shen, Guangyu and Kelk, Ian and others},
  booktitle={2023 IEEE Symposium on Security and Privacy (SP)},
  pages={899--916},
  year={2023},
  organization={IEEE}
}
@article{yin2021adv,
  title={Adv-makeup: A new imperceptible and transferable attack on face recognition},
  author={Yin, Bangjie and Wang, Wenxuan and Yao, Taiping and Guo, Junfeng and Kong, Zelun and Ding, Shouhong and Li, Jilin and Liu, Cong},
  journal={arXiv preprint arXiv:2105.03162},
  year={2021}
}
@inproceedings{tramer2017ensemble,
title={Ensemble Adversarial Training: Attacks and Defenses},
author={Florian Tramèr and Alexey Kurakin and Nicolas Papernot and Ian Goodfellow and Dan Boneh and Patrick McDaniel},
booktitle={International Conference on Learning Representations},
year={2018},
}
@inproceedings{liu2016delving,
  title={Delving into transferable adversarial examples and black-box attacks},
  author={Liu, Yanpei and Chen, Xinyun and Liu, Chang and Song, Dawn},
  booktitle={International Conference on Learning Representations},
  year={2017},
}
@inproceedings{dong2019attention,
  title={Attention-aware sampling via deep reinforcement learning for action recognition},
  author={Dong, Wenkai and Zhang, Zhaoxiang and Tan, Tieniu},
  booktitle={Proceedings of the AAAI Conference on Artificial Intelligence},
  volume={33},
  number={01},
  pages={8247--8254},
  year={2019}
}
@article{zheng2023robust,
  title={Robust physical-world attacks on face recognition},
  author={Zheng, Xin and Fan, Yanbo and Wu, Baoyuan and Zhang, Yong and Wang, Jue and Pan, Shirui},
  journal={Pattern Recognition},
  volume={133},
  pages={109009},
  year={2023},
  publisher={Elsevier}
}
@article{gong2023stealthy,
  title={Stealthy Physical Masked Face Recognition Attack via Adversarial Style Optimization},
  author={Gong, Huihui and Dong, Minjing and Ma, Siqi and Camtepe, Seyit and Nepal, Surya and Xu, Chang},
  journal={IEEE Transactions on Multimedia},
  year={2023},
  publisher={IEEE}
}
@inproceedings{zolfi2022adversarial,
  title={Adversarial mask: Real-world universal adversarial attack on face recognition models},
  author={Zolfi, Alon and Avidan, Shai and Elovici, Yuval and Shabtai, Asaf},
  booktitle={Joint European Conference on Machine Learning and Knowledge Discovery in Databases},
  pages={304--320},
  year={2022},
  organization={Springer}
}
@article{kong2022digital,
  title={Digital and physical face attacks: Reviewing and one step further},
  author={Kong, Chenqi and Wang, Shiqi and Li, Haoliang and others},
  journal={APSIPA Transactions on Signal and Information Processing},
  volume={12},
  number={1},
  year={2022},
  publisher={Now Publishers, Inc.}
}
@article{guesmi2023physical,
  title={Physical adversarial attacks for camera-based smart systems: Current trends, categorization, applications, research challenges, and future outlook},
  author={Guesmi, Amira and Hanif, Muhammad Abdullah and Ouni, Bassem and Shafique, Muhammad},
  journal={IEEE Access},
  year={2023},
  publisher={IEEE}
}

@article{wei2022visually,
  title={Visually adversarial attacks and defenses in the physical world: A survey},
  author={Wei, Xingxing and Pu, Bangzheng and Lu, Jiefan and Wu, Baoyuan},
  journal={arXiv preprint arXiv:2211.01671},
  year={2022}
}
@article{wang2022survey,
  title={A survey on physical adversarial attack in computer vision},
  author={Wang, Donghua and Yao, Wen and Jiang, Tingsong and Tang, Guijian and Chen, Xiaoqian},
  journal={arXiv preprint arXiv:2209.14262},
  year={2022}
}
@article{wei2024physical,
  title={Physical adversarial attack meets computer vision: A decade survey},
  author={Wei, Hui and Tang, Hao and Jia, Xuemei and Wang, Zhixiang and Yu, Hanxun and Li, Zhubo and Satoh, Shin'ichi and Van Gool, Luc and Wang, Zheng},
  journal={IEEE Transactions on Pattern Analysis and Machine Intelligence},
  year={2024},
  publisher={IEEE}
}
@article{wang2023adversarial,
  title={Adversarial Examples in the Physical World: A Survey},
  author={Wang, Jiakai and Wang, Donghua and Hu, Jin and Wu, Siyang and Jiang, Tingsong and Yao, Wen and Liu, Aishan and Liu, Xianglong},
  journal={arXiv preprint arXiv:2311.01473},
  year={2023}
}
@article{fang2024state,
  title={State-of-the-art optical-based physical adversarial attacks for deep learning computer vision systems},
  author={Fang, Junbin and Jiang, You and Jiang, Canjian and Jiang, Zoe L and Liu, Chuanyi and Yiu, Siu-Ming},
  journal={Expert Systems with Applications},
  pages={123761},
  year={2024},
  publisher={Elsevier}
}
@inproceedings{chen2023advdiffuser,
  title={Advdiffuser: Natural adversarial example synthesis with diffusion models},
  author={Chen, Xinquan and Gao, Xitong and Zhao, Juanjuan and Ye, Kejiang and Xu, Cheng-Zhong},
  booktitle={Proceedings of the IEEE/CVF International Conference on Computer Vision},
  pages={4562--4572},
  year={2023}
}
@inproceedings{sun2024diffam,
  title={DiffAM: Diffusion-based Adversarial Makeup Transfer for Facial Privacy Protection},
  author={Sun, Yuhao and Yu, Lingyun and Xie, Hongtao and Li, Jiaming and Zhang, Yongdong},
  booktitle={Proceedings of the IEEE/CVF Conference on Computer Vision and Pattern Recognition},
  pages={24584--24594},
  year={2024}
}
@inproceedings{
couairon2023diffedit,
title={DiffEdit: Diffusion-based semantic image editing with mask guidance},
author={Guillaume Couairon and Jakob Verbeek and Holger Schwenk and Matthieu Cord},
booktitle={The Eleventh International Conference on Learning Representations },
year={2023}
}
@article{chen2024diffusion,
  title={Diffusion models for imperceptible and transferable adversarial attack},
  author={Chen, Jianqi and Chen, Hao and Chen, Keyan and Zhang, Yilan and Zou, Zhengxia and Shi, Zhenwei},
  journal={IEEE Transactions on Pattern Analysis and Machine Intelligence},
  year={2024},
  publisher={IEEE}
}