@article{ahmadi2013complete,
  title={A complete characterization of the gap between convexity and SOS-convexity},
  author={Ahmadi, Amir Ali and Parrilo, Pablo A},
  journal={SIAM Journal on Optimization},
  volume={23},
  number={2},
  pages={811--833},
  year={2013},
  publisher={SIAM}
}

@article{ahmadi2013np,
  title={NP-hardness of deciding convexity of quartic polynomials and related problems},
  author={Ahmadi, Amir Ali and Olshevsky, Alex and Parrilo, Pablo A and Tsitsiklis, John N},
  journal={Mathematical programming},
  volume={137},
  pages={453--476},
  year={2013},
  publisher={Springer}
}

@article{ahmadi2022complexity,
  title={On the complexity of finding a local minimizer of a quadratic function over a polytope},
  author={Ahmadi, Amir Ali and Zhang, Jeffrey},
  journal={Mathematical Programming},
  volume={195},
  number={1-2},
  pages={783--792},
  year={2022},
  publisher={Springer}
}

@article{ahmadi2023higher,
  title={Higher-Order Newton Methods with Polynomial Work per Iteration},
  author={Ahmadi, Amir Ali and Chaudhry, Abraar and Zhang, Jeffrey},
  journal={arXiv preprint arXiv:2311.06374},
  year={2023}
}

@article{ahmadi2023sums,
  title={Sums of separable and quadratic polynomials},
  author={Ahmadi, Amir Ali and Dibek, Cemil and Hall, Georgina},
  journal={Mathematics of Operations Research},
  volume={48},
  number={3},
  pages={1316--1343},
  year={2023},
  publisher={INFORMS}
}

@incollection{camps2017interplay,
  author    = {Camps, Octavia and Sznaier, Mario},
  title     = {The Interplay between Big-data and Sparsity in Systems Identification},
  booktitle = {Geometric and Numerical Foundations of Movements},
  editor    = {Laumond, Jean-Paul and Mansard, Nicolas and Lasserre, Jean-Bernard},
  publisher = {Springer},
  year      = {2017},
  pages     = {133--159},
  series    = {Springer Tracts in Advanced Robotics},
  number    = {117},
  address   = {New York}
}

@article{hilbert1893ternare,
  title={{\"U}ber tern{\"a}re definite Formen},
  author={Hilbert, David},
  journal={Journal},
  year={1893}
}

@article{lasserre2000optimisation,
  title={Optimisation globale et th{\'e}orie des moments},
  author={Lasserre, Jean Bernard},
  journal={Comptes Rendus de l'Acad{\'e}mie des Sciences-Series I-Mathematics},
  volume={331},
  number={11},
  pages={929--934},
  year={2000},
  publisher={Elsevier}
}

@article{lasserre2001global,
  title={Global optimization with polynomials and the problem of moments},
  author={Lasserre, Jean B},
  journal={SIAM Journal on optimization},
  volume={11},
  number={3},
  pages={796--817},
  year={2001},
  publisher={SIAM}
}

@article{lasserre2006convergent,
  title={Convergent SDP-relaxations in polynomial optimization with sparsity},
  author={Lasserre, Jean-Bernard},
  journal={SIAM Journal on Optimization},
  volume={17},
  number={3},
  pages={822--843},
  year={2006},
  publisher={SIAM}
}

@article{lasserre2017bounded,
  title={A bounded degree SOS hierarchy for polynomial optimization},
  author={Lasserre, JeanB and Toh, Kim-Chuan and Yang, Shouguang},
  journal={EURO Journal on Computational Optimization},
  volume={5},
  number={1-2},
  pages={87--117},
  year={2017},
  publisher={Elsevier}
}

@article{luo2010semidefinite,
  title={A semidefinite relaxation scheme for multivariate quartic polynomial optimization with quadratic constraints},
  author={Luo, Zhi-Quan and Zhang, Shuzhong},
  journal={SIAM Journal on Optimization},
  volume={20},
  number={4},
  pages={1716--1736},
  year={2010},
  publisher={SIAM}
}

@article{molzahn2015sparsity,
  title={Sparsity-Exploiting Moment-Based Relaxations of the Optimal Power Flow Problem},
  author={Molzahn, Daniel K and Hiskens, Ian K},
  journal={IEEE Transactions on Power Systems},
  volume={30},
  year={2015},
  pages={3168--3180}
}

@article{murty1987some,
  title={Some NP-complete problems in quadratic and nonlinear programming},
  author={Murty, Katta G and Kabadi, Santosh N},
  journal={Mathematical Programming: Series A and B},
  volume={39},
  number={2},
  pages={117--129},
  year={1987},
  publisher={Springer-Verlag Berlin, Heidelberg}
}

@article{parrilo2001minimizing,
  title={Minimizing polynomial functions},
  author={Parrilo, Pablo A and Sturmfels, Bernd},
  journal={arXiv preprint math/0103170},
  year={2001}
}

@article{waki2006sums,
  title={Sums of squares and semidefinite program relaxations for polynomial optimization problems with structured sparsity},
  author={Waki, Hayato and Kim, Sunyoung and Kojima, Masakazu and Muramatsu, Masakazu},
  journal={SIAM Journal on Optimization},
  volume={17},
  number={1},
  pages={218--242},
  year={2006},
  publisher={SIAM}
}

@article{weisser2018sparse,
  title={Sparse-BSOS: a bounded degree SOS hierarchy for large scale polynomial optimization with sparsity},
  author={Weisser, Tillmann and Lasserre, Jean B and Toh, Kim-Chuan},
  journal={Mathematical Programming Computation},
  volume={10},
  pages={1--32},
  year={2018},
  publisher={Springer}
}

@inproceedings{zheng2019sparse,
  title={Sparse sum-of-squares (SOS) optimization: A bridge between DSOS/SDSOS and SOS optimization for sparse polynomials},
  author={Zheng, Yang and Fantuzzi, Giovanni and Papachristodoulou, Antonis},
  booktitle={2019 American Control Conference (ACC)},
  pages={5513--5518},
  year={2019},
  organization={IEEE}
}

@article{zhu2024global,
  title={Global Convergence of High-Order Regularization Methods with Sums-of-Squares Taylor Models},
  author={Zhu, Wenqi and Cartis, Coralia},
  journal={arXiv preprint arXiv:2404.03035},
  year={2024}
}

