% Use this file for citations not found in the ACL Anthology (contained in "anthology.bib").
@article{bonagiri2024sage,
  title={SaGE: Evaluating Moral Consistency in Large Language Models},
  author={Bonagiri, Vamshi Krishna and Vennam, Sreeram and Govil, Priyanshul and Kumaraguru, Ponnurangam and Gaur, Manas},
  journal={arXiv preprint arXiv:2402.13709},
  year={2024}
}
@misc{zhixuan2024preferencesaialignment,
      title={Beyond Preferences in AI Alignment}, 
      author={Tan Zhi-Xuan and Micah Carroll and Matija Franklin and Hal Ashton},
      year={2024},
      eprint={2408.16984},
      archivePrefix={arXiv},
      primaryClass={cs.AI},
      url={https://arxiv.org/abs/2408.16984}, 
}
@article{bai2022training,
  title={Training a helpful and harmless assistant with reinforcement learning from human feedback},
  author={Bai, Yuntao and Jones, Andy and Ndousse, Kamal and Askell, Amanda and Chen, Anna and DasSarma, Nova and Drain, Dawn and Fort, Stanislav and Ganguli, Deep and Henighan, Tom and others},
  journal={arXiv preprint arXiv:2204.05862},
  year={2022}
}
@article{xie2023defending,
  title={Defending chatgpt against jailbreak attack via self-reminders},
  author={Xie, Yueqi and Yi, Jingwei and Shao, Jiawei and Curl, Justin and Lyu, Lingjuan and Chen, Qifeng and Xie, Xing and Wu, Fangzhao},
  journal={Nature Machine Intelligence},
  volume={5},
  number={12},
  pages={1486--1496},
  year={2023},
  publisher={Nature Publishing Group UK London}
}
@inproceedings{liu-etal-2024-intrinsic,
    title = "Intrinsic Self-correction for Enhanced Morality: An Analysis of Internal Mechanisms and the Superficial Hypothesis",
    author = "Liu, Guangliang  and
      Mao, Haitao  and
      Tang, Jiliang  and
      Johnson, Kristen",
    editor = "Al-Onaizan, Yaser  and
      Bansal, Mohit  and
      Chen, Yun-Nung",
    booktitle = "Proceedings of the 2024 Conference on Empirical Methods in Natural Language Processing",
    month = nov,
    year = "2024",
    address = "Miami, Florida, USA",
    publisher = "Association for Computational Linguistics",
    url = "https://aclanthology.org/2024.emnlp-main.918/",
    doi = "10.18653/v1/2024.emnlp-main.918",
    pages = "16439--16455",
   
}
@article{jiang2021can,
  title={Can machines learn morality? the delphi experiment},
  author={Jiang, Liwei and Hwang, Jena D and Bhagavatula, Chandra and Bras, Ronan Le and Liang, Jenny and Dodge, Jesse and Sakaguchi, Keisuke and Forbes, Maxwell and Borchardt, Jon and Gabriel, Saadia and others},
  journal={arXiv preprint arXiv:2110.07574},
  year={2021}
}
@inproceedings{vida-etal-2023-values,
    title = "Values, Ethics, Morals? On the Use of Moral Concepts in {NLP} Research",
    author = "Vida, Karina  and
      Simon, Judith  and
      Lauscher, Anne",
    editor = "Bouamor, Houda  and
      Pino, Juan  and
      Bali, Kalika",
    booktitle = "Findings of the Association for Computational Linguistics: EMNLP 2023",
    month = dec,
    year = "2023",
    address = "Singapore",
    publisher = "Association for Computational Linguistics",
    url = "https://aclanthology.org/2023.findings-emnlp.368",
    doi = "10.18653/v1/2023.findings-emnlp.368",
    pages = "5534--5554",
    
}
@article{fraser2022does,
  title={Does Moral Code Have a Moral Code? Probing Delphi's Moral Philosophy},
  author={Fraser, Kathleen C and Kiritchenko, Svetlana and Balkir, Esma},
  journal={arXiv preprint arXiv:2205.12771},
  year={2022}
}
@inproceedings{lin2023unlocking,
  title={The unlocking spell on base llms: Rethinking alignment via in-context learning},
  author={Lin, Bill Yuchen and Ravichander, Abhilasha and Lu, Ximing and Dziri, Nouha and Sclar, Melanie and Chandu, Khyathi and Bhagavatula, Chandra and Choi, Yejin},
  booktitle={The Twelfth International Conference on Learning Representations},
    year={2023}
}
@article{qi2024safety,
  title={Safety Alignment Should Be Made More Than Just a Few Tokens Deep},
  author={Qi, Xiangyu and Panda, Ashwinee and Lyu, Kaifeng and Ma, Xiao and Roy, Subhrajit and Beirami, Ahmad and Mittal, Prateek and Henderson, Peter},
  journal={arXiv preprint arXiv:2406.05946},
  year={2024}
}

@article{awad2022computational,
  title={Computational ethics},
  author={Awad, Edmond and Levine, Sydney and Anderson, Michael and Anderson, Susan Leigh and Conitzer, Vincent and Crockett, MJ and Everett, Jim AC and Evgeniou, Theodoros and Gopnik, Alison and Jamison, Julian C and others},
  journal={Trends in Cognitive Sciences},
  volume={26},
  number={5},
  pages={388--405},
  year={2022},
  publisher={Elsevier}
}
@article{abdulhai2023moral,
  title={Moral foundations of large language models},
  author={Abdulhai, Marwa and Serapio-Garcia, Gregory and Crepy, Cl{\'e}ment and Valter, Daria and Canny, John and Jaques, Natasha},
  journal={arXiv preprint arXiv:2310.15337},
  year={2023}
}
@article{scherrer2024evaluating,
  title={Evaluating the moral beliefs encoded in llms},
  author={Scherrer, Nino and Shi, Claudia and Feder, Amir and Blei, David},
  journal={Advances in Neural Information Processing Systems},
  volume={36},
  year={2024}
}
@article{arvanitis2020consistency,
  title={Consistency and moral integrity: A self-determination theory perspective},
  author={Arvanitis, Alexios and Kalliris, Konstantinos},
  journal={Journal of Moral Education},
  volume={49},
  number={3},
  pages={316--329},
  year={2020},
  publisher={Taylor \& Francis}
}
@inproceedings{ren-etal-2024-valuebench,
    title = "{V}alue{B}ench: Towards Comprehensively Evaluating Value Orientations and Understanding of Large Language Models",
    author = "Ren, Yuanyi  and
      Ye, Haoran  and
      Fang, Hanjun  and
      Zhang, Xin  and
      Song, Guojie",
    editor = "Ku, Lun-Wei  and
      Martins, Andre  and
      Srikumar, Vivek",
    booktitle = "Proceedings of the 62nd Annual Meeting of the Association for Computational Linguistics (Volume 1: Long Papers)",
    month = aug,
    year = "2024",
    address = "Bangkok, Thailand",
    publisher = "Association for Computational Linguistics",
    url = "https://aclanthology.org/2024.acl-long.111",
    pages = "2015--2040",
    
}
@article{zhang2023measuring,
  title={Measuring value understanding in language models through discriminator-critique gap},
  author={Zhang, Zhaowei and Bai, Fengshuo and Gao, Jun and Yang, Yaodong},
  journal={arXiv preprint arXiv:2310.00378},
  year={2023}
}
@inproceedings{zhou2024rethinking,
  title={Rethinking Machine Ethics--Can LLMs Perform Moral Reasoning through the Lens of Moral Theories?},
  author={Zhou, Jingyan and Hu, Minda and Li, Junan and Zhang, Xiaoying and Wu, Xixin and King, Irwin and Meng, Helen},
  booktitle={Findings of the Association for Computational Linguistics: NAACL 2024},
  pages={2227--2242},
  year={2024}
}
@article{anderson2007machine,
  title={Machine ethics: Creating an ethical intelligent agent},
  author={Anderson, Michael and Anderson, Susan Leigh},
  journal={AI magazine},
  volume={28},
  number={4},
  pages={15--15},
  year={2007}
}
@article{hendrycks2020aligning,
  title={Aligning ai with shared human values},
  author={Hendrycks, Dan and Burns, Collin and Basart, Steven and Critch, Andrew and Li, Jerry and Song, Dawn and Steinhardt, Jacob},
  journal={arXiv preprint arXiv:2008.02275},
  year={2020}
}
@inproceedings{forbes2020social,
  title={Social Chemistry 101: Learning to Reason about Social and Moral Norms},
  author={Forbes, Maxwell and Hwang, Jena D and Shwartz, Vered and Sap, Maarten and Choi, Yejin},
  booktitle={Proceedings of the 2020 Conference on Empirical Methods in Natural Language Processing (EMNLP)},
  pages={653--670},
  year={2020}
}
@inproceedings{talat2022machine,
  title={On the Machine Learning of Ethical Judgments from Natural Language},
  author={Talat, Zeerak and Blix, Hagen and Valvoda, Josef and Ganesh, Maya Indira and Cotterell, Ryan and Williams, Adina},
  booktitle={Proceedings of the 2022 Conference of the North American Chapter of the Association for Computational Linguistics: Human Language Technologies},
  pages={769--779},
  year={2022}
}
@article{schramowski2022large,
  title={Large pre-trained language models contain human-like biases of what is right and wrong to do},
  author={Schramowski, Patrick and Turan, Cigdem and Andersen, Nico and Rothkopf, Constantin A and Kersting, Kristian},
  journal={Nature Machine Intelligence},
  volume={4},
  number={3},
  pages={258--268},
  year={2022},
  publisher={Nature Publishing Group UK London}
}
@inproceedings{van2023large,
  title={Large Language Models: The Need for Nuance in Current Debates and a Pragmatic Perspective on Understanding},
  author={van Dijk, Bram and Kouwenhoven, Tom and Spruit, Marco and van Duijn, Max Johannes},
  booktitle={Proceedings of the 2023 Conference on Empirical Methods in Natural Language Processing},
  pages={12641--12654},
  year={2023}
}
@misc{fui2023generative,
  title={Generative AI and ChatGPT: Applications, challenges, and AI-human collaboration},
  author={Fui-Hoon Nah, Fiona and Zheng, Ruilin and Cai, Jingyuan and Siau, Keng and Chen, Langtao},
  journal={Journal of Information Technology Case and Application Research},
  volume={25},
  number={3},
  pages={277--304},
  year={2023},
  publisher={Taylor \& Francis}
}
@article{jin2022make,
  title={When to make exceptions: Exploring language models as accounts of human moral judgment},
  author={Jin, Zhijing and Levine, Sydney and Gonzalez Adauto, Fernando and Kamal, Ojasv and Sap, Maarten and Sachan, Mrinmaya and Mihalcea, Rada and Tenenbaum, Josh and Sch{\"o}lkopf, Bernhard},
  journal={Advances in neural information processing systems},
  volume={35},
  pages={28458--28473},
  year={2022}
}

@inproceedings{sap2022neural,
  title={Neural Theory-of-Mind? On the Limits of Social Intelligence in Large LMs},
  author={Sap, Maarten and Le Bras, Ronan and Fried, Daniel and Choi, Yejin},
  booktitle={Proceedings of the 2022 Conference on Empirical Methods in Natural Language Processing},
  pages={3762--3780},
  year={2022}
}
@article{mahowald2024dissociating,
  title={Dissociating language and thought in large language models},
  author={Mahowald, Kyle and Ivanova, Anna A and Blank, Idan A and Kanwisher, Nancy and Tenenbaum, Joshua B and Fedorenko, Evelina},
  journal={Trends in Cognitive Sciences},
  year={2024},
  publisher={Elsevier}
}
@article{kosinski2024evaluating,
  title={Evaluating large language models in theory of mind tasks},
  author={Kosinski, Michal},
  journal={Proceedings of the National Academy of Sciences},
  volume={121},
  number={45},
  pages={e2405460121},
  year={2024},
  publisher={National Academy of Sciences}
}
@article{mitchell2023debate,
  title={The debate over understanding in AI’s large language models},
  author={Mitchell, Melanie and Krakauer, David C},
  journal={Proceedings of the National Academy of Sciences},
  volume={120},
  number={13},
  pages={e2215907120},
  year={2023},
  publisher={National Acad Sciences}
}
@inproceedings{li2021implicit,
  title={Implicit Representations of Meaning in Neural Language Models},
  author={Li, Belinda Z and Nye, Maxwell and Andreas, Jacob},
  booktitle={Proceedings of the 59th Annual Meeting of the Association for Computational Linguistics and the 11th International Joint Conference on Natural Language Processing (Volume 1: Long Papers)},
  pages={1813--1827},
  year={2021}
}
@article{park2023linear,
  title={The linear representation hypothesis and the geometry of large language models},
  author={Park, Kiho and Choe, Yo Joong and Veitch, Victor},
  journal={arXiv preprint arXiv:2311.03658},
  year={2023}
}
@article{Joos1950DescriptionOL,
  title={Description of Language Design},
  author={Martin Joos},
  journal={Journal of the Acoustical Society of America},
  year={1950},
  volume={22},
  pages={701-707},
  url={https://api.semanticscholar.org/CorpusID:121205709}
}
@article{tennant2024moral,
  title={Moral Alignment for LLM Agents},
  author={Tennant, Elizaveta and Hailes, Stephen and Musolesi, Mirco},
  journal={arXiv preprint arXiv:2410.01639},
  year={2024}
}
@inproceedings{liutraining,
  title={Training Socially Aligned Language Models on Simulated Social Interactions},
  author={Liu, Ruibo and Yang, Ruixin and Jia, Chenyan and Zhang, Ge and Yang, Diyi and Vosoughi, Soroush},
  booktitle={The Twelfth International Conference on Learning Representations},
    year={2023}
}
@inproceedings{bender2020climbing,
  title={Climbing towards NLU: On meaning, form, and understanding in the age of data},
  author={Bender, Emily M and Koller, Alexander},
  booktitle={Proceedings of the 58th annual meeting of the association for computational linguistics},
  pages={5185--5198},
  year={2020}
}
@article{rogers2021primer,
  title={A primer in BERTology: What we know about how BERT works},
  author={Rogers, Anna and Kovaleva, Olga and Rumshisky, Anna},
  journal={Transactions of the Association for Computational Linguistics},
  volume={8},
  pages={842--866},
  year={2021},
  publisher={MIT Press One Rogers Street, Cambridge, MA 02142-1209, USA journals-info~…}
}
@article{beuls2024humans,
  title={Humans learn language from situated communicative interactions. What about machines?},
  author={Beuls, Katrien and Van Eecke, Paul},
  journal={Computational Linguistics},
  volume={50},
  number={4},
  pages={1277--1311},
  year={2024},
  publisher={MIT Press 255 Main Street, 9th Floor, Cambridge, Massachusetts 02142, USA~…}
}
@article{lenci2008distributional,
  title={Distributional semantics in linguistic and cognitive research},
  author={Lenci, Alessandro and others},
  journal={Italian journal of linguistics},
  volume={20},
  number={1},
  pages={1--31},
  year={2008}
}
@misc{harris1954distributional,
  title={Distributional structure},
  author={Harris, Zellig S},
  year={1954},
  publisher={Word}
}
@article{boleda2020distributional,
  title={Distributional semantics and linguistic theory},
  author={Boleda, Gemma},
  journal={Annual Review of Linguistics},
  volume={6},
  number={1},
  pages={213--234},
  year={2020},
  publisher={Annual Reviews}
}
@article{sap2019social,
  title={Social bias frames: Reasoning about social and power implications of language},
  author={Sap, Maarten and Gabriel, Saadia and Qin, Lianhui and Jurafsky, Dan and Smith, Noah A and Choi, Yejin},
  journal={arXiv preprint arXiv:1911.03891},
  year={2019}
}
@article{ziems2022moral,
  title={The moral integrity corpus: A benchmark for ethical dialogue systems},
  author={Ziems, Caleb and Yu, Jane A and Wang, Yi-Chia and Halevy, Alon and Yang, Diyi},
  journal={arXiv preprint arXiv:2204.03021},
  year={2022}
}
@inproceedings{devlin2019bert,
  title={BERT: Pre-training of Deep Bidirectional Transformers for Language Understanding},
  author={Devlin, Jacob and Chang, Ming-Wei and Lee, Kenton and Toutanova, Kristina},
  booktitle={Proceedings of the 2019 Conference of the North American Chapter of the Association for Computational Linguistics: Human Language Technologies, Volume 1 (Long and Short Papers)},
  pages={4171--4186},
  year={2019}
}
@inproceedings{johnson2018classification,
  title={Classification of moral foundations in microblog political discourse},
  author={Johnson, Kristen and Goldwasser, Dan},
  booktitle={Proceedings of the 56th annual meeting of the association for computational linguistics (volume 1: long papers)},
  pages={720--730},
  year={2018}
}
@inproceedings{roy2021identifying,
  title={Identifying Morality Frames in Political Tweets using Relational Learning},
  author={Roy, Shamik and Pacheco, Mar{\'\i}a Leonor and Goldwasser, Dan},
  booktitle={Proceedings of the 2021 Conference on Empirical Methods in Natural Language Processing},
  pages={9939--9958},
  year={2021}
}
@inproceedings{sorensen2024value,
  title={Value kaleidoscope: Engaging ai with pluralistic human values, rights, and duties},
  author={Sorensen, Taylor and Jiang, Liwei and Hwang, Jena D and Levine, Sydney and Pyatkin, Valentina and West, Peter and Dziri, Nouha and Lu, Ximing and Rao, Kavel and Bhagavatula, Chandra and others},
  booktitle={Proceedings of the AAAI Conference on Artificial Intelligence},
  volume={38},
  number={18},
  pages={19937--19947},
  year={2024}
}
@article{rafailov2024direct,
  title={Direct preference optimization: Your language model is secretly a reward model},
  author={Rafailov, Rafael and Sharma, Archit and Mitchell, Eric and Manning, Christopher D and Ermon, Stefano and Finn, Chelsea},
  journal={Advances in Neural Information Processing Systems},
  volume={36},
  year={2024}
}
@inproceedings{wang2018glue,
  title={GLUE: A Multi-Task Benchmark and Analysis Platform for Natural Language Understanding},
  author={Wang, Alex and Singh, Amanpreet and Michael, Julian and Hill, Felix and Levy, Omer and Bowman, Samuel},
  booktitle={Proceedings of the 2018 EMNLP Workshop BlackboxNLP: Analyzing and Interpreting Neural Networks for NLP},
  pages={353--355},
  year={2018}
}
@article{zhang2019bertscore,
  title={Bertscore: Evaluating text generation with bert},
  author={Zhang, Tianyi and Kishore, Varsha and Wu, Felix and Weinberger, Kilian Q and Artzi, Yoav},
  journal={arXiv preprint arXiv:1904.09675},
  year={2019}
}
@inproceedings{wang-etal-2024-sotopia,
    title = "{SOTOPIA}-{\ensuremath{\pi}}: Interactive Learning of Socially Intelligent Language Agents",
    author = "Wang, Ruiyi  and
      Yu, Haofei  and
      Zhang, Wenxin  and
      Qi, Zhengyang  and
      Sap, Maarten  and
      Bisk, Yonatan  and
      Neubig, Graham  and
      Zhu, Hao",
    booktitle = "Proceedings of the 62nd Annual Meeting of the Association for Computational Linguistics (Volume 1: Long Papers)",
    month = aug,
    year = "2024",
    address = "Bangkok, Thailand",
    publisher = "Association for Computational Linguistics",
    url = "https://aclanthology.org/2024.acl-long.698/",
    doi = "10.18653/v1/2024.acl-long.698",
    pages = "12912--12940",
  
}
@article{zhou2022domain,
  title={Domain generalization: A survey},
  author={Zhou, Kaiyang and Liu, Ziwei and Qiao, Yu and Xiang, Tao and Loy, Chen Change},
  journal={IEEE Transactions on Pattern Analysis and Machine Intelligence},
  volume={45},
  number={4},
  pages={4396--4415},
  year={2022},
  publisher={IEEE}
}
@article{hupkes2022state,
  title={State-of-the-art generalisation research in NLP: a taxonomy and review},
  author={Hupkes, Dieuwke and Giulianelli, Mario and Dankers, Verna and Artetxe, Mikel and Elazar, Yanai and Pimentel, Tiago and Christodoulopoulos, Christos and Lasri, Karim and Saphra, Naomi and Sinclair, Arabella and others},
  journal={arXiv preprint arXiv:2210.03050},
  year={2022}
}
@inproceedings{geva2023dissecting,
  title={Dissecting Recall of Factual Associations in Auto-Regressive Language Models},
  author={Geva, Mor and Bastings, Jasmijn and Filippova, Katja and Globerson, Amir},
  booktitle={Proceedings of the 2023 Conference on Empirical Methods in Natural Language Processing},
  pages={12216--12235},
  year={2023}
}
@article{liu2024coverge,
  title={On the Intrinsic Self-Correction Capability of LLMs: Uncertainty and Latent Concept},
  author={Liu, Guangliang and Mao, Haitao and Cao, Bochuan and Xue, Zhiyu and Johnson, Kristen and Tang, Jiliang and Wang, Rongrong},
  journal={arXiv preprint arXiv:2406.02378},
  year={2024}
}
@article{qi2024moral,
  title={Is Moral Self-correction An Innate Capability of Large Language Models? A Mechanistic Analysis to Self-correction},
  author={Qi, Zimo and Liu, Guangliang and Johnson, Kristen Marie and Cheng, Lu},
  journal={arXiv preprint arXiv:2410.20513},
  year={2024}
}
@article{ganguli2023capacity,
  title={The capacity for moral self-correction in large language models},
  author={Ganguli, Deep and Askell, Amanda and Schiefer, Nicholas and Liao, Thomas I and Luko{\v{s}}i{\=u}t{\.e}, Kamil{\.e} and Chen, Anna and Goldie, Anna and Mirhoseini, Azalia and Olsson, Catherine and Hernandez, Danny and others},
  journal={arXiv preprint arXiv:2302.07459},
  year={2023}
}
@misc{Gokaslan2019OpenWeb,
    title={OpenWebText Corpus},
    author={Gokaslan, Aaron and Cohen, Vanya and Pavlick, Ellie and Tellex, Stefanie},
    howpublished={\url{http://Skylion007.github.io/OpenWebTextCorpus}},
    year={2019}
}
@article{laverick2010ethical,
  title={Ethical dilemmas and pragmatic compromises},
  author={Laverick, Wendy},
  journal={Ethnography in social science practice},
  pages={73},
  year={2010},
  publisher={Taylor \& Francis}
}
@book{anderson2011machine,
  title={Machine ethics},
  author={Anderson, Michael and Anderson, Susan Leigh},
  year={2011},
  publisher={Cambridge University Press}
}
@article{tolmeijer2020implementations,
  title={Implementations in machine ethics: A survey},
  author={Tolmeijer, Suzanne and Kneer, Markus and Sarasua, Cristina and Christen, Markus and Bernstein, Abraham},
  journal={ACM Computing Surveys (CSUR)},
  volume={53},
  number={6},
  pages={1--38},
  year={2020},
  publisher={ACM New York, NY, USA}
}

@article{nath2020problem,
  title={The problem of machine ethics in artificial intelligence},
  author={Nath, Rajakishore and Sahu, Vineet},
  journal={AI \& society},
  volume={35},
  pages={103--111},
  year={2020},
  publisher={Springer}
}
@article{allen2006machine,
  title={Why machine ethics?},
  author={Allen, Colin and Wallach, Wendell and Smit, Iva},
  journal={IEEE Intelligent Systems},
  volume={21},
  number={4},
  pages={12--17},
  year={2006},
  publisher={IEEE}
}
@article{asimov1941three,
  title={Three laws of robotics},
  author={Asimov, Isaac},
  journal={Asimov, I. Runaround},
  volume={2},
  number={3},
  year={1941}
}
@article{haidt2004,
  title={Intuitive ethics: How innately prepared intuitions generate culturally variable virtues},
  author={Haidt, Jonathan and Joseph, Craig},
  journal={Daedalus},
  volume={133},
  number={4},
  pages={55--66},
  year={2004},
  publisher={MIT Press}
}
@article{haidt2007morality,
  title={When morality opposes justice: Conservatives have moral intuitions that liberals may not recognize},
  author={Haidt, Jonathan and Graham, Jesse},
  journal={Social Justice Research},
  volume={20},
  number={1},
  pages={98--116},
  year={2007},
  publisher={Springer}
}
@article{atari2023morality,
  title={Morality beyond the WEIRD: How the nomological network of morality varies across cultures.},
  author={Atari, Mohammad and Haidt, Jonathan and Graham, Jesse and Koleva, Sena and Stevens, Sean T and Dehghani, Morteza},
  journal={Journal of Personality and Social Psychology},
  year={2023},
  publisher={American Psychological Association}
}