@article{abdulhai2023moral,
  title={Moral foundations of large language models},
  author={Abdulhai, Marwa and Serapio-Garcia, Gregory and Crepy, Cl{\'e}ment and Valter, Daria and Canny, John and Jaques, Natasha},
  journal={arXiv preprint arXiv:2310.15337},
  year={2023}
}

@article{allen2006machine,
  title={Why machine ethics?},
  author={Allen, Colin and Wallach, Wendell and Smit, Iva},
  journal={IEEE Intelligent Systems},
  volume={21},
  number={4},
  pages={12--17},
  year={2006},
  publisher={IEEE}
}

@book{anderson2011machine,
  title={Machine ethics},
  author={Anderson, Michael and Anderson, Susan Leigh},
  year={2011},
  publisher={Cambridge University Press}
}

@article{asimov1941three,
  title={Three laws of robotics},
  author={Asimov, Isaac},
  journal={Asimov, I. Runaround},
  volume={2},
  number={3},
  year={1941}
}

@article{awad2022computational,
  title={Computational ethics},
  author={Awad, Edmond and Levine, Sydney and Anderson, Michael and Anderson, Susan Leigh and Conitzer, Vincent and Crockett, MJ and Everett, Jim AC and Evgeniou, Theodoros and Gopnik, Alison and Jamison, Julian C and others},
  journal={Trends in Cognitive Sciences},
  volume={26},
  number={5},
  pages={388--405},
  year={2022},
  publisher={Elsevier}
}

@article{bonagiri2024sage,
  title={SaGE: Evaluating Moral Consistency in Large Language Models},
  author={Bonagiri, Vamshi Krishna and Vennam, Sreeram and Govil, Priyanshul and Kumaraguru, Ponnurangam and Gaur, Manas},
  journal={arXiv preprint arXiv:2402.13709},
  year={2024}
}

@article{nath2020problem,
  title={The problem of machine ethics in artificial intelligence},
  author={Nath, Rajakishore and Sahu, Vineet},
  journal={AI \& society},
  volume={35},
  pages={103--111},
  year={2020},
  publisher={Springer}
}

@article{scherrer2024evaluating,
  title={Evaluating the moral beliefs encoded in llms},
  author={Scherrer, Nino and Shi, Claudia and Feder, Amir and Blei, David},
  journal={Advances in Neural Information Processing Systems},
  volume={36},
  year={2024}
}

@article{tolmeijer2020implementations,
  title={Implementations in machine ethics: A survey},
  author={Tolmeijer, Suzanne and Kneer, Markus and Sarasua, Cristina and Christen, Markus and Bernstein, Abraham},
  journal={ACM Computing Surveys (CSUR)},
  volume={53},
  number={6},
  pages={1--38},
  year={2020},
  publisher={ACM New York, NY, USA}
}

@article{zhang2023measuring,
  title={Measuring value understanding in language models through discriminator-critique gap},
  author={Zhang, Zhaowei and Bai, Fengshuo and Gao, Jun and Yang, Yaodong},
  journal={arXiv preprint arXiv:2310.00378},
  year={2023}
}

@misc{zhixuan2024preferencesaialignment,
      title={Beyond Preferences in AI Alignment}, 
      author={Tan Zhi-Xuan and Micah Carroll and Matija Franklin and Hal Ashton},
      year={2024},
      eprint={2408.16984},
      archivePrefix={arXiv},
      primaryClass={cs.AI},
      url={https://arxiv.org/abs/2408.16984}, 
}

