@inproceedings{ahn2015correlation,
  title={Correlation clustering in data streams},
  author={Ahn, KookJin and Cormode, Graham and Guha, Sudipto and McGregor, Andrew and Wirth, Anthony},
  booktitle={International Conference on Machine Learning},
  pages={2237--2246},
  year={2015},
  organization={PMLR}
}

@inproceedings{assadi2022deterministic,
  title={Deterministic graph coloring in the streaming model},
  author={Assadi, Sepehr and Chen, Andrew and Sun, Glenn},
  booktitle={Proceedings of the 54th Annual ACM SIGACT Symposium on Theory of Computing},
  pages={261--274},
  year={2022}
}

@inproceedings{assadi2024log,
  title={{$O(\log\log n)$} Passes Is Optimal for Semi-streaming Maximal Independent Set},
  author={Assadi, Sepehr and Konrad, Christian and Naidu, Kheeran K and Sundaresan, Janani},
  booktitle={Proceedings of the 56th Annual ACM Symposium on Theory of Computing},
  pages={847--858},
  year={2024}
}

@inproceedings{bakshi2019weighted,
  author       = {Ainesh Bakshi and
                  Nadiia Chepurko and
                  David P. Woodruff},
  editor       = {Jaroslaw Byrka and
                  Raghu Meka},
  title        = {Weighted Maximum Independent Set of Geometric Objects in Turnstile
                  Streams},
  booktitle    = {Approximation, Randomization, and Combinatorial Optimization. Algorithms
                  and Techniques, {APPROX/RANDOM} 2020, August 17-19, 2020, Virtual
                  Conference},
  series       = {LIPIcs},
  volume       = {176},
  pages        = {64:1--64:22},
  publisher    = {Schloss Dagstuhl - Leibniz-Zentrum f{\"{u}}r Informatik},
  year         = {2020}
}

@inproceedings{bhore2022streaming,
  title={On streaming algorithms for geometric independent set and clique},
  author={Bhore, Sujoy and Klute, Fabian and Oostveen, Jelle J},
  booktitle={International Workshop on Approximation and Online Algorithms},
  pages={211--224},
  year={2022},
  organization={Springer}
}

@inproceedings{chen2023sublinear,
  title={Sublinear-Space Streaming Algorithms for Estimating Graph Parameters on Sparse Graphs},
  author={Chen, Xiuge and Chitnis, Rajesh and Eades, Patrick and Wirth, Anthony},
  booktitle={Algorithms and Data Structures Symposium},
  pages={247--261},
  year={2023},
  organization={Springer}
}

@article{cormode2017independent,
  title={Independent set size approximation in graph streams},
  author={Cormode, Graham and Dark, Jacques and Konrad, Christian},
  journal={arXiv preprint arXiv:1702.08299},
  year={2017}
}

@inproceedings{cormode2018approximating,
  title={Approximating the caro-wei bound for independent sets in graph streams},
  author={Cormode, Graham and Dark, Jacques and Konrad, Christian},
  booktitle={International Symposium on Combinatorial Optimization},
  pages={101--114},
  year={2018},
  organization={Springer}
}

@inproceedings{cormode2018independent,
  author       = {Graham Cormode and
                  Jacques Dark and
                  Christian Konrad},
  editor       = {Christel Baier and
                  Ioannis Chatzigiannakis and
                  Paola Flocchini and
                  Stefano Leonardi},
  title        = {Independent Sets in Vertex-Arrival Streams},
  booktitle    = {46th International Colloquium on Automata, Languages, and Programming,
                  {ICALP} 2019, July 9-12, 2019, Patras, Greece},
  series       = {LIPIcs},
  volume       = {132},
  pages        = {45:1--45:14},
  publisher    = {Schloss Dagstuhl - Leibniz-Zentrum f{\"{u}}r Informatik},
  year         = {2019}
}

@inproceedings{halldorsson2010streaming,
  title={Streaming algorithms for independent sets},
  author={Halld{\'o}rsson, Bjarni V and Halld{\'o}rsson, Magn{\'u}s M and Losievskaja, Elena and Szegedy, Mario},
  booktitle={Automata, Languages and Programming: 37th International Colloquium, ICALP 2010, Bordeaux, France, July 6-10, 2010, Proceedings, Part I 37},
  pages={641--652},
  year={2010},
  organization={Springer}
}

@article{halldorsson2016streaming,
  title={Streaming algorithms for independent sets in sparse hypergraphs},
  author={Halld{\'o}rsson, Bjarni V and Halld{\'o}rsson, Magn{\'u}s M and Losievskaja, Elena and Szegedy, Mario},
  journal={Algorithmica},
  volume={76},
  pages={490--501},
  year={2016},
  publisher={Springer}
}

