% Use this file for citations not found in the ACL Anthology (contained in "anthology.bib").

@book{Aho:72,
    author = {Alfred V. Aho and Jeffrey D. Ullman},
    title = {The Theory of Parsing, Translation and Compiling},
    year = "1972",
    volume = "1",
    publisher = {Prentice-Hall},
    address = {Englewood Cliffs, NJ},
    url = {https://api.semanticscholar.org/CorpusID:60775129}
}

@book{APA:83,
    author = {{American Psychological Association}},
    title = {Publications Manual},
    year = "1983",
    publisher = {American Psychological Association},
    address = {Washington, DC}
}

@article{Chandra:81,
	author = {Ashok K. Chandra and Dexter C. Kozen and Larry J. Stockmeyer},
	year = "1981",
	title = {Alternation},
	journal = {Journal of the Association for Computing Machinery},
	volume = "28",
	number = "1",
	pages = "114--133",
	doi = "10.1145/322234.322243",
}

@inproceedings{andrew2007scalable,
  title={Scalable training of {L1}-regularized log-linear models},
  author={Andrew, Galen and Gao, Jianfeng},
  booktitle={Proceedings of the 24th International Conference on Machine Learning},
  pages={33--40},
  year={2007},
}

@book{Gusfield:97,
    author  = {Dan Gusfield},
    title   = {Algorithms on Strings, Trees and Sequences},
    year    = "1997",
    publisher = {Cambridge University Press},
    address = {Cambridge, UK}
}

@article{rasooli-tetrault-2015,
    author    = {Mohammad Sadegh Rasooli and Joel R. Tetreault},
    title     = {Yara Parser: {A} Fast and Accurate Dependency Parser},
    journal   = {Computing Research Repository},
    volume    = {arXiv:1503.06733},
    year      = {2015},
    url       = {http://arxiv.org/abs/1503.06733},
    note    = {version 2}
}

@article{Ando2005,
	Acmid = {1194905},
	Author = {Ando, Rie Kubota and Zhang, Tong},
	Issn = {1532-4435},
	Issue_Date = {12/1/2005},
	Journal = {Journal of Machine Learning Research},
	Month = dec,
	Numpages = {37},
	Pages = {1817--1853},
	Publisher = {JMLR.org},
	Title = {A Framework for Learning Predictive Structures from Multiple Tasks and Unlabeled Data},
	Volume = {6},
	Year = {2005}
}

@inproceedings{daic-gratch2014distress,
  title={The distress analysis interview corpus of human and computer interviews.},
  author={Gratch, Jonathan and Artstein, Ron and Lucas, Gale M and Stratou, Giota and Scherer, Stefan and Nazarian, Angela and Wood, Rachel and Boberg, Jill and DeVault, David and Marsella, Stacy and others},
  booktitle={LREC},
  pages={3123--3128},
  year={2014},
  organization={Reykjavik},
  url={https://api.semanticscholar.org/CorpusID:14488823}
}

@inproceedings{rinaldi2020predicting,
    title = "Predicting Depression in Screening Interviews from Latent Categorization of Interview Prompts",
    author = "Rinaldi, Alex  and
      Fox Tree, Jean  and
      Chaturvedi, Snigdha",
    editor = "Jurafsky, Dan  and
      Chai, Joyce  and
      Schluter, Natalie  and
      Tetreault, Joel",
    booktitle = "Proceedings of the 58th Annual Meeting of the Association for Computational Linguistics",
    month = jul,
    year = "2020",
    address = "Online",
    publisher = "Association for Computational Linguistics",
    url = "https://aclanthology.org/2020.acl-main.2/",
    doi = "10.18653/v1/2020.acl-main.2",
    pages = "7--18"
}


@inproceedings{wu2023self,
  title={Self-supervised representations in speech-based depression detection},
  author={Wu, Wen and Zhang, Chao and Woodland, Philip C},
  booktitle={ICASSP 2023-2023 IEEE International Conference on Acoustics, Speech and Signal Processing (ICASSP)},
  pages={1--5},
  year={2023},
  organization={IEEE},
  doi = {10.48550/arXiv.2305.12263}
}

@article{zhang2024llms,
    title = "When {LLM}s Meets Acoustic Landmarks: An Efficient Approach to Integrate Speech into Large Language Models for Depression Detection",
    author = "Zhang, Xiangyu  and
      Liu, Hexin  and
      Xu, Kaishuai  and
      Zhang, Qiquan  and
      Liu, Daijiao  and
      Ahmed, Beena  and
      Epps, Julien",
    editor = "Al-Onaizan, Yaser  and
      Bansal, Mohit  and
      Chen, Yun-Nung",
    booktitle = "Proceedings of the 2024 Conference on Empirical Methods in Natural Language Processing",
    month = nov,
    year = "2024",
    address = "Miami, Florida, USA",
    publisher = "Association for Computational Linguistics",
    url = "https://aclanthology.org/2024.emnlp-main.8/",
    doi = "10.18653/v1/2024.emnlp-main.8",
    pages = "146--158",
}

@inproceedings{mm-1-gong2017topic,
  title={Topic modeling based multi-modal depression detection},
  author={Gong, Yuan and Poellabauer, Christian},
  booktitle={Proceedings of the 7th annual workshop on Audio/Visual emotion challenge},
  pages={69--76},
  year={2017},
  url = {https://doi.org/10.1145/3133944.3133945},
  doi = {10.1145/3133944.3133945},
}

@article{mm-4-li2022multi,
    title = "Multi-Task Learning for Depression Detection in Dialogs",
    author = "Li, Chuyuan  and
      Braud, Chlo{\'e}  and
      Amblard, Maxime",
    editor = "Lemon, Oliver  and
      Hakkani-Tur, Dilek  and
      Li, Junyi Jessy  and
      Ashrafzadeh, Arash  and
      Garcia, Daniel Hern{\'a}ndez  and
      Alikhani, Malihe  and
      Vandyke, David  and
      Du{\v{s}}ek, Ond{\v{r}}ej",
    booktitle = "Proceedings of the 23rd Annual Meeting of the Special Interest Group on Discourse and Dialogue",
    month = sep,
    year = "2022",
    address = "Edinburgh, UK",
    publisher = "Association for Computational Linguistics",
    url = "https://aclanthology.org/2022.sigdial-1.7/",
    doi = "10.18653/v1/2022.sigdial-1.7",
    pages = "68--75",
}

@article{mm-2-mallol2019hierarchical,
  title={A Hierarchical Attention Network-Based Approach for Depression Detection from Transcribed Clinical Interviews},
  author={Adria Mallol-Ragolta and Ziping Zhao and Lukas Stappen and Nicholas Cummins and Bj{\"o}rn Schuller},
  booktitle={Interspeech},
  year={2019},
  url={https://api.semanticscholar.org/CorpusID:202723572}
}

@inproceedings{zadeh-etal-2017-tensor,
    title = "Tensor Fusion Network for Multimodal Sentiment Analysis",
    author = "Zadeh, Amir  and
      Chen, Minghai  and
      Poria, Soujanya  and
      Cambria, Erik  and
      Morency, Louis-Philippe",
    editor = "Palmer, Martha  and
      Hwa, Rebecca  and
      Riedel, Sebastian",
    booktitle = "Proceedings of the 2017 Conference on Empirical Methods in Natural Language Processing",
    month = sep,
    year = "2017",
    address = "Copenhagen, Denmark",
    publisher = "Association for Computational Linguistics",
    url = "https://aclanthology.org/D17-1115/",
    doi = "10.18653/v1/D17-1115",
    pages = "1103--1114"
}

@article{Lin2020TowardsAD,
  title={Towards Automatic Depression Detection: A BiLSTM/1D CNN-Based Model},
  author={Lin Lin and Xuri Chen and Ying Shen and Lin Zhang},
  journal={Applied Sciences},
  year={2020},
  url={https://api.semanticscholar.org/CorpusID:230616507}
}

@inproceedings{tsai-etal-2019-multimodal,
    title = "Multimodal Transformer for Unaligned Multimodal Language Sequences",
    author = "Tsai, Yao-Hung Hubert  and
      Bai, Shaojie  and
      Liang, Paul Pu  and
      Kolter, J. Zico  and
      Morency, Louis-Philippe  and
      Salakhutdinov, Ruslan",
    editor = "Korhonen, Anna  and
      Traum, David  and
      M{\`a}rquez, Llu{\'i}s",
    booktitle = "Proceedings of the 57th Annual Meeting of the Association for Computational Linguistics",
    month = jul,
    year = "2019",
    address = "Florence, Italy",
    publisher = "Association for Computational Linguistics",
    url = "https://aclanthology.org/P19-1656/",
    doi = "10.18653/v1/P19-1656",
    pages = "6558--6569"
}

@article{Hazarika2020MISAMA,
  title={MISA: Modality-Invariant and -Specific Representations for Multimodal Sentiment Analysis},
  author={Devamanyu Hazarika and Roger Zimmermann and Soujanya Poria},
  journal={Proceedings of the 28th ACM International Conference on Multimedia},
  year={2020},
  url={https://api.semanticscholar.org/CorpusID:218538102}
}

@inproceedings{yoon2022d,
  title={D-vlog: Multimodal Vlog Dataset for Depression Detection},
  author={Yoon, Jeewoo and Kang, Chaewon and Kim, Seungbae and Han, Jinyoung},
  booktitle={Proceedings of the AAAI Conference on Artificial Intelligence},
  volume={36},
  number={11},
  pages={12226--12234},
  year={2022},
  doi = {10.1609/aaai.v36i11.21483}
}

@inproceedings{poria2017context,
    title = "Context-Dependent Sentiment Analysis in User-Generated Videos",
    author = "Poria, Soujanya  and
      Cambria, Erik  and
      Hazarika, Devamanyu  and
      Majumder, Navonil  and
      Zadeh, Amir  and
      Morency, Louis-Philippe",
    editor = "Barzilay, Regina  and
      Kan, Min-Yen",
    booktitle = "Proceedings of the 55th Annual Meeting of the Association for Computational Linguistics (Volume 1: Long Papers)",
    month = jul,
    year = "2017",
    address = "Vancouver, Canada",
    publisher = "Association for Computational Linguistics",
    url = "https://aclanthology.org/P17-1081/",
    doi = "10.18653/v1/P17-1081",
    pages = "873--883"
}

@inproceedings{satt2017efficient,
  title={Efficient Emotion Recognition from Speech Using Deep Learning on Spectrograms},
  author={Aharon Satt and Shai Rozenberg and Ron Hoory},
  booktitle={Interspeech},
  year={2017},
  url={https://api.semanticscholar.org/CorpusID:41416350}
}

@inproceedings{al2018detecting,
  title={Detecting Depression with Audio/Text Sequence Modeling of Interviews},
  author={Tuka Al Hanai and Mohammad Mahdi Ghassemi and James R. Glass},
  booktitle={Interspeech},
  year={2018},
  url={https://api.semanticscholar.org/CorpusID:52191746}
}

@inproceedings{gong2017topic,
author = {Gong, Yuan and Poellabauer, Christian},
title = {Topic Modeling Based Multi-modal Depression Detection},
year = {2017},
isbn = {9781450355025},
publisher = {Association for Computing Machinery},
address = {New York, NY, USA},
url = {https://doi.org/10.1145/3133944.3133945},
doi = {10.1145/3133944.3133945},
booktitle = {Proceedings of the 7th Annual Workshop on Audio/Visual Emotion Challenge},
pages = {69–76},
numpages = {8},
keywords = {topic modeling, natural language processing, multi-modal, emotion recognition, depression detection},
location = {Mountain View, California, USA},
series = {AVEC '17}
}

@inproceedings{lam2019context,
  title={Context-aware Deep Learning for Multi-modal Depression Detection},
  author={Genevieve Lam and Dongyan Huang and Weisi Lin},
  journal={ICASSP 2019 - 2019 IEEE International Conference on Acoustics, Speech and Signal Processing (ICASSP)},
  year={2019},
  pages={3946-3950},
  url={https://api.semanticscholar.org/CorpusID:145833193}
}

@article{chen2022speechformer,
author = {Chen, Weidong and Xing, Xiaofen and Xu, Xiangmin and Pang, Jianxin and Du, Lan},
year = {2022},
month = {09},
pages = {346-350},
title = {SpeechFormer: A Hierarchical Efficient Framework Incorporating the Characteristics of Speech},
doi = {10.21437/Interspeech.2022-74}
}

@inproceedings{shen2022automatic,
  title={Automatic Depression Detection: an Emotional Audio-Textual Corpus and A Gru/Bilstm-Based Model},
  author={Yingli Shen and Huiyu Yang and Lin Lin},
  journal={ICASSP 2022 - 2022 IEEE International Conference on Acoustics, Speech and Signal Processing (ICASSP)},
  year={2022},
  pages={6247-6251},
  url={https://api.semanticscholar.org/CorpusID:246867141}
}

@inproceedings{10.1145/3627673.3679797,
author = {Jung, Juho and Kang, Chaewon and Yoon, Jeewoo and Kim, Seungbae and Han, Jinyoung},
title = {HiQuE: Hierarchical Question Embedding Network for Multimodal Depression Detection},
year = {2024},
isbn = {9798400704369},
publisher = {Association for Computing Machinery},
address = {New York, NY, USA},
url = {https://doi.org/10.1145/3627673.3679797},
doi = {10.1145/3627673.3679797},
booktitle = {Proceedings of the 33rd ACM International Conference on Information and Knowledge Management},
pages = {1049–1059},
numpages = {11},
keywords = {clinical interview, hierarchical question embedding, multimodal depression detection},
location = {Boise, ID, USA},
series = {CIKM '24}
}

@article{graves2012long,
  title={Long short-term memory},
  author={Graves, Alex and Graves, Alex},
  journal={Supervised sequence labelling with recurrent neural networks},
  pages={37--45},
  year={2012},
  publisher={Springer},
  url={https://api.semanticscholar.org/CorpusID:261210189}
}

@inproceedings{mm-3-tsai2019multimodal,
    title = "Multimodal Transformer for Unaligned Multimodal Language Sequences",
    author = "Tsai, Yao-Hung Hubert  and
      Bai, Shaojie  and
      Liang, Paul Pu  and
      Kolter, J. Zico  and
      Morency, Louis-Philippe  and
      Salakhutdinov, Ruslan",
    editor = "Korhonen, Anna  and
      Traum, David  and
      M{\`a}rquez, Llu{\'i}s",
    booktitle = "Proceedings of the 57th Annual Meeting of the Association for Computational Linguistics",
    month = jul,
    year = "2019",
    address = "Florence, Italy",
    publisher = "Association for Computational Linguistics",
    url = "https://aclanthology.org/P19-1656/",
    doi = "10.18653/v1/P19-1656",
    pages = "6558--6569"
}

@inproceedings{devault2014simsensei,
  title={SimSensei Kiosk: A virtual human interviewer for healthcare decision support},
  author={DeVault, David and Artstein, Ron and Benn, Grace and Dey, Teresa and Fast, Ed and Gainer, Alesia and Georgila, Kallirroi and Gratch, Jon and Hartholt, Arno and Lhommet, Margaux and others},
  booktitle={Proceedings of the 2014 international conference on Autonomous agents and multi-agent systems},
  pages={1061--1068},
  year={2014},
  url={https://api.semanticscholar.org/CorpusID:11087454}
}

@inproceedings{zhang2024prompt,
  title={Prompt Highlighter: Interactive Control for Multi-Modal LLMs},
  author={Zhang, Yuechen and Qian, Shengju and Peng, Bohao and Liu, Shu and Jia, Jiaya},
  booktitle={Proceedings of the IEEE/CVF Conference on Computer Vision and Pattern Recognition},
  pages={13215--13224},
  year={2024},
  url={https://arxiv.org/abs/2312.04302}, 
}

@article{Abdurrahim2024MentalHP,
  title={Mental Health Prediction Model on Social Media Data Using CNN-BiLSTM},
  author={Abdurrahim Abdurrahim and Dhomas Hatta Fudholi},
  journal={Kinetik: Game Technology, Information System, Computer Network, Computing, Electronics, and Control},
  year={2024},
  url={https://api.semanticscholar.org/CorpusID:267630703}
}

@article{Cai2023DepressionDO,
  title={Depression detection on online social network with multivariate time series feature of user depressive symptoms},
  author={Yicheng Cai and Haizhou Wang and Huali Ye and Yanwen Jin and Wei Gao},
  journal={Expert Syst. Appl.},
  year={2023},
  volume={217},
  pages={119538},
  url={https://api.semanticscholar.org/CorpusID:255922745}
}


@inproceedings{10037751,
  author={Misgar, Muzafar Mehraj and Bhatia, M.P.S},
  booktitle={2022 International Conference on Computing, Communication, and Intelligent Systems (ICCCIS)}, 
  title={Detection of Depression from IoMT Time Series Data using UMAP features}, 
  year={2022},
  volume={},
  number={},
  pages={623-628},
  keywords={Wrist;Manifolds;Sensitivity;Time series analysis;Neural networks;Mental health;Depression;Depression;IOMT;Deep Learning;Artificial Intelligence;Machine Learning},
  doi={10.1109/ICCCIS56430.2022.10037751},
  url={https://api.semanticscholar.org/CorpusID:256744255}
}

@article{Wang2024SADTIMEAS,
  title={SAD-TIME: a Spatiotemporal-fused network for depression detection with Automated multi-scale Depth-wise and TIME-interval-related common feature extractor},
  author={Han-Guang Wang and Huirang Hou and Li-Cheng Jin and Chen-Yang Xu and Zhong-Yi Zhang and Qinghao Meng},
  journal={ArXiv},
  year={2024},
  volume={abs/2411.08521},
  url={https://api.semanticscholar.org/CorpusID:273993758}
}

@InProceedings{Yao2024Depression,
author = {Yao, Xingda and Ying, Lingkang and He, Tianxiang and Ren, Ligang and Xu, Ruiji and Mao, Keji},
title = {Depression Detection Based on Multilevel Semantic Features},
year = {2024},
isbn = {978-3-031-72352-0},
publisher = {Springer-Verlag},
address = {Berlin, Heidelberg},
url = {https://doi.org/10.1007/978-3-031-72353-7_4},
doi = {10.1007/978-3-031-72353-7_4},
booktitle = {Artificial Neural Networks and Machine Learning – ICANN 2024: 33rd International Conference on Artificial Neural Networks, Lugano, Switzerland, September 17–20, 2024, Proceedings, Part VIII},
pages = {44–55},
numpages = {12},
keywords = {Depression detection, Multilevel semantic features, Deep learning},
location = {Lugano, Switzerland}
}

@article{DAI20211040,
title = {Improving depression prediction using a novel feature selection algorithm coupled with context-aware analysis},
journal = {Journal of Affective Disorders},
volume = {295},
pages = {1040-1048},
year = {2021},
issn = {0165-0327},
doi = {https://doi.org/10.1016/j.jad.2021.09.001},
url = {https://www.sciencedirect.com/science/article/pii/S0165032721009599},
author = {Zhijun Dai and Heng Zhou and Qingfang Ba and Yang Zhou and Lifeng Wang and Guochen Li},
}

@article{YING2024106182,
title = {EDT: An EEG-based attention model for feature learning and depression recognition},
journal = {Biomedical Signal Processing and Control},
volume = {93},
pages = {106182},
year = {2024},
issn = {1746-8094},
doi = {https://doi.org/10.1016/j.bspc.2024.106182},
url = {https://www.sciencedirect.com/science/article/pii/S1746809424002404},
author = {Ming Ying and Xuexiao Shao and Jing Zhu and Qinglin Zhao and Xiaowei Li and Bin Hu},
}

@article{Ali2024LeveragingAA,
  title={Leveraging Audio and Text Modalities in Mental Health: A Study of LLMs Performance},
  author={Abdelrahman A. Ali and Aya E. Fouda and Radwa J. Hanafy and Mohammed E. Fouda},
  journal={ArXiv},
  year={2024},
  volume={abs/2412.10417},
  url={https://api.semanticscholar.org/CorpusID:274776471}
}

@article{Ye2024DepMambaPF,
  title={DepMamba: Progressive Fusion Mamba for Multimodal Depression Detection},
  author={Jiaxin Ye and Junping Zhang and Hongming Shan},
  journal={ArXiv},
  year={2024},
  volume={abs/2409.15936},
  url={https://api.semanticscholar.org/CorpusID:272832599}
}

@article{Lan2024DepressionDO,
  title={Depression Detection on Social Media with Large Language Models},
  author={Xiaochong Lan and Yiming Cheng and Li Sheng and Chen Gao and Yong Li},
  journal={ArXiv},
  year={2024},
  volume={abs/2403.10750},
  url={https://api.semanticscholar.org/CorpusID:268513532}
}

@article{Shah2024AdvancingDD,
  title={Advancing Depression Detection on Social Media Platforms Through Fine-Tuned Large Language Models},
  author={Shahid Munir Shah and Syeda Anshrah Gillani and Mirza Samad Ahmed Baig and Muhammad Aamer Saleem and Muhammad Hamzah Siddiqui},
  journal={ArXiv},
  year={2024},
  volume={abs/2409.14794},
  url={https://api.semanticscholar.org/CorpusID:272827858}
}

@article{Kuzmin2024MentalDD,
  title={Mental Disorders Detection in the Era of Large Language Models},
  author={Gleb Kuzmin and Petr Strepetov and Maksim Stankevich and Ivan Smirnov and Artem Shelmanov},
  journal={ArXiv},
  year={2024},
  volume={abs/2410.07129},
  url={https://api.semanticscholar.org/CorpusID:273233235}
}

@INPROCEEDINGS{10354236,
  author={Danner, Michael and Hadzic, Bakir and Gerhardt, Sophie and Ludwig, Simon and Uslu, Irem and Shao, Peng and Weber, Thomas and Shiban, Youssef and Ratsch, Matthias},
  booktitle={2023 62nd Annual Conference of the Society of Instrument and Control Engineers (SICE)}, 
  title={Advancing Mental Health Diagnostics: GPT-Based Method for Depression Detection}, 
  year={2023},
  volume={},
  number={},
  pages={1290-1296},
  keywords={Law;Refining;Mental health;Linguistics;Depression;Transformers;Data models;Mental Health;Depression Detection;Deep Learning;NLP Transformer LLM;GPT-3.5;ChatGPT-4.},
  doi={10.23919/SICE59929.2023.10354236}
}

@article{Yang2023MentaLLaMAIM,
  author = {Yang, Kailai and Zhang, Tianlin and Kuang, Ziyan and Xie, Qianqian and Huang, Jimin and Ananiadou, Sophia},
  title = {MentaLLaMA: Interpretable Mental Health Analysis on Social Media with Large Language Models},
  year = {2024},
  isbn = {9798400701719},
  publisher = {Association for Computing Machinery},
  address = {New York, NY, USA},
  url = {https://doi.org/10.1145/3589334.3648137},
  doi = {10.1145/3589334.3648137},
  booktitle = {Proceedings of the ACM Web Conference 2024},
  pages = {4489–4500},
  numpages = {12},
  keywords = {interpretability, large language models, mental health analysis, social media},
  location = {Singapore, Singapore},
  series = {WWW '24}
}


@article{gpt-3-brown2020language,
author = {Brown, Tom B. and Mann, Benjamin and Ryder, Nick and Subbiah, Melanie and Kaplan, Jared and Dhariwal, Prafulla and Neelakantan, Arvind and Shyam, Pranav and Sastry, Girish and Askell, Amanda and Agarwal, Sandhini and Herbert-Voss, Ariel and Krueger, Gretchen and Henighan, Tom and Child, Rewon and Ramesh, Aditya and Ziegler, Daniel M. and Wu, Jeffrey and Winter, Clemens and Hesse, Christopher and Chen, Mark and Sigler, Eric and Litwin, Mateusz and Gray, Scott and Chess, Benjamin and Clark, Jack and Berner, Christopher and McCandlish, Sam and Radford, Alec and Sutskever, Ilya and Amodei, Dario},
title = {Language models are few-shot learners},
year = {2020},
isbn = {9781713829546},
publisher = {Curran Associates Inc.},
address = {Red Hook, NY, USA},
booktitle = {Proceedings of the 34th International Conference on Neural Information Processing Systems},
articleno = {159},
numpages = {25},
location = {Vancouver, BC, Canada},
series = {NIPS '20}
}

@article{icl-surveydong2022survey,
    title = "A Survey on In-context Learning",
    author = "Dong, Qingxiu  and
      Li, Lei  and
      Dai, Damai  and
      Zheng, Ce  and
      Ma, Jingyuan  and
      Li, Rui  and
      Xia, Heming  and
      Xu, Jingjing  and
      Wu, Zhiyong  and
      Chang, Baobao  and
      Sun, Xu  and
      Li, Lei  and
      Sui, Zhifang",
    editor = "Al-Onaizan, Yaser  and
      Bansal, Mohit  and
      Chen, Yun-Nung",
    booktitle = "Proceedings of the 2024 Conference on Empirical Methods in Natural Language Processing",
    month = nov,
    year = "2024",
    address = "Miami, Florida, USA",
    publisher = "Association for Computational Linguistics",
    url = "https://aclanthology.org/2024.emnlp-main.64/",
    doi = "10.18653/v1/2024.emnlp-main.64",
    pages = "1107--1128"
}

@article{llama-touvron2023llama,
  title={LLaMA: Open and Efficient Foundation Language Models},
  author={Hugo Touvron and Thibaut Lavril and Gautier Izacard and Xavier Martinet and Marie-Anne Lachaux and Timoth{\'e}e Lacroix and Baptiste Rozi{\`e}re and Naman Goyal and Eric Hambro and Faisal Azhar and Aur{\'e}lien Rodriguez and Armand Joulin and Edouard Grave and Guillaume Lample},
  journal={ArXiv},
  year={2023},
  volume={abs/2302.13971},
  url={https://api.semanticscholar.org/CorpusID:257219404}
}

@article{icl0-dong2022survey,
    title = "A Survey on In-context Learning",
    author = "Dong, Qingxiu  and
      Li, Lei  and
      Dai, Damai  and
      Zheng, Ce  and
      Ma, Jingyuan  and
      Li, Rui  and
      Xia, Heming  and
      Xu, Jingjing  and
      Wu, Zhiyong  and
      Chang, Baobao  and
      Sun, Xu  and
      Li, Lei  and
      Sui, Zhifang",
    editor = "Al-Onaizan, Yaser  and
      Bansal, Mohit  and
      Chen, Yun-Nung",
    booktitle = "Proceedings of the 2024 Conference on Empirical Methods in Natural Language Processing",
    month = nov,
    year = "2024",
    address = "Miami, Florida, USA",
    publisher = "Association for Computational Linguistics",
    url = "https://aclanthology.org/2024.emnlp-main.64/",
    doi = "10.18653/v1/2024.emnlp-main.64",
    pages = "1107--1128"
}

@article{icl1-liu2021makes,
    title = "What Makes Good In-Context Examples for {GPT}-3?",
    author = "Liu, Jiachang  and
      Shen, Dinghan  and
      Zhang, Yizhe  and
      Dolan, Bill  and
      Carin, Lawrence  and
      Chen, Weizhu",
    editor = "Agirre, Eneko  and
      Apidianaki, Marianna  and
      Vuli{\'c}, Ivan",
    booktitle = "Proceedings of Deep Learning Inside Out (DeeLIO 2022): The 3rd Workshop on Knowledge Extraction and Integration for Deep Learning Architectures",
    month = may,
    year = "2022",
    address = "Dublin, Ireland and Online",
    publisher = "Association for Computational Linguistics",
    url = "https://aclanthology.org/2022.deelio-1.10/",
    doi = "10.18653/v1/2022.deelio-1.10",
    pages = "100--114",
}

@article{icl2-sorensen2022information,
    title = "An Information-theoretic Approach to Prompt Engineering Without Ground Truth Labels",
    author = "Sorensen, Taylor  and
      Robinson, Joshua  and
      Rytting, Christopher  and
      Shaw, Alexander  and
      Rogers, Kyle  and
      Delorey, Alexia  and
      Khalil, Mahmoud  and
      Fulda, Nancy  and
      Wingate, David",
    editor = "Muresan, Smaranda  and
      Nakov, Preslav  and
      Villavicencio, Aline",
    booktitle = "Proceedings of the 60th Annual Meeting of the Association for Computational Linguistics (Volume 1: Long Papers)",
    month = may,
    year = "2022",
    address = "Dublin, Ireland",
    publisher = "Association for Computational Linguistics",
    url = "https://aclanthology.org/2022.acl-long.60/",
    doi = "10.18653/v1/2022.acl-long.60",
    pages = "819--862"
}

@article{icl3-tanwar2023multilingual,
    title = "Multilingual {LLM}s are Better Cross-lingual In-context Learners with Alignment",
    author = "Tanwar, Eshaan  and
      Dutta, Subhabrata  and
      Borthakur, Manish  and
      Chakraborty, Tanmoy",
    editor = "Rogers, Anna  and
      Boyd-Graber, Jordan  and
      Okazaki, Naoaki",
    booktitle = "Proceedings of the 61st Annual Meeting of the Association for Computational Linguistics (Volume 1: Long Papers)",
    month = jul,
    year = "2023",
    address = "Toronto, Canada",
    publisher = "Association for Computational Linguistics",
    url = "https://aclanthology.org/2023.acl-long.346/",
    doi = "10.18653/v1/2023.acl-long.346",
    pages = "6292--6307"
}

@article{icl4-chung2024scaling,
  title={Scaling Instruction-Finetuned Language Models},
  author={Hyung Won Chung and Le Hou and S. Longpre and Barret Zoph and Yi Tay and William Fedus and Eric Li and Xuezhi Wang and Mostafa Dehghani and Siddhartha Brahma and Albert Webson and Shixiang Shane Gu and Zhuyun Dai and Mirac Suzgun and Xinyun Chen and Aakanksha Chowdhery and Dasha Valter and Sharan Narang and Gaurav Mishra and Adams Wei Yu and Vincent Zhao and Yanping Huang and Andrew M. Dai and Hongkun Yu and Slav Petrov and Ed H. Chi and Jeff Dean and Jacob Devlin and Adam Roberts and Denny Zhou and Quoc V. Le and Jason Wei},
  journal={ArXiv},
  year={2022},
  volume={abs/2210.11416},
  url={https://api.semanticscholar.org/CorpusID:253018554}
}

@article{icl5-levy2022diverse,
    title = "Diverse Demonstrations Improve In-context Compositional Generalization",
    author = "Levy, Itay  and
      Bogin, Ben  and
      Berant, Jonathan",
    editor = "Rogers, Anna  and
      Boyd-Graber, Jordan  and
      Okazaki, Naoaki",
    booktitle = "Proceedings of the 61st Annual Meeting of the Association for Computational Linguistics (Volume 1: Long Papers)",
    month = jul,
    year = "2023",
    address = "Toronto, Canada",
    publisher = "Association for Computational Linguistics",
    url = "https://aclanthology.org/2023.acl-long.78/",
    doi = "10.18653/v1/2023.acl-long.78",
    pages = "1401--1422"
}

@article{icl6-kim2022self,
  title={Self-Generated In-Context Learning: Leveraging Auto-regressive Language Models as a Demonstration Generator},
  author={Hyuhng Joon Kim and Hyunsoo Cho and Junyeob Kim and Taeuk Kim and Kang Min Yoo and Sang-goo Lee},
  journal={ArXiv},
  year={2022},
  volume={abs/2206.08082},
  url={https://api.semanticscholar.org/CorpusID:249712501}
}

@inproceedings{10.5555/3540261.3540933,
author = {Dhariwal, Prafulla and Nichol, Alex},
title = {Diffusion models beat GANs on image synthesis},
year = {2021},
isbn = {9781713845393},
publisher = {Curran Associates Inc.},
booktitle = {Proceedings of the 35th International Conference on Neural Information Processing Systems},
articleno = {672},
numpages = {15},
series = {NIPS '21}
}

@inproceedings{wei2022multi,
  title={Multi-modal Depression Estimation based on Sub-attentional Fusion},
  author={Ping-Cheng Wei and Kunyu Peng and Alina Roitberg and Kailun Yang and Jiaming Zhang and Rainer Stiefelhagen},
  booktitle={ECCV Workshops},
  year={2022},
  url={https://api.semanticscholar.org/CorpusID:250492932}
}

@inproceedings{chen2021multimodal,
  title={Multimodal Fusion Network with Latent Topic Memory for Rumor Detection},
  author={Jiaxin Chen and Zekai Wu and Zhenguo Yang and Hao Geng Xie and Fu Lee Wang and Wenyin Liu},
  journal={2021 IEEE International Conference on Multimedia and Expo (ICME)},
  year={2021},
  pages={1-6},
  url={https://api.semanticscholar.org/CorpusID:236264911}
}

@inproceedings{1-wu2022climate,
  title={Climate and Weather: Inspecting Depression Detection via Emotion Recognition},
  author={Wen Wu and Mengyue Wu and K. Yu},
  journal={ICASSP 2022 - 2022 IEEE International Conference on Acoustics, Speech and Signal Processing (ICASSP)},
  year={2022},
  pages={6262-6266},
  url={https://api.semanticscholar.org/CorpusID:248476301}
}

@article{anshul2023multimodal,  
  title={A Multimodal Framework for Depression Detection During COVID-19 via Harvesting Social Media},
  author={Ashutosh Anshul and Gumpili Sai Pranav and Mohammad Zia Ur Rehman and Nagendra Kumar},
  journal={IEEE Transactions on Computational Social Systems},
  year={2024},
  volume={11},
  pages={2872-2888},
  url={https://api.semanticscholar.org/CorpusID:261567783}
}
@inproceedings{sanchezstay,
  title={Stay on Topic with Classifier-Free Guidance},
  author={Sanchez, Guillaume and Spangher, Alexander and Fan, Honglu and Levi, Elad and Biderman, Stella},
  booktitle={Forty-first International Conference on Machine Learning},
  year={2024}
}
@article{dhariwal2021diffusion,
  title={Diffusion models beat gans on image synthesis},
  author={Dhariwal, Prafulla and Nichol, Alexander},
  journal={Advances in neural information processing systems},
  volume={34},
  pages={8780--8794},
  year={2021}
}