@inproceedings{10.1145/3627673.3679797,
author = {Jung, Juho and Kang, Chaewon and Yoon, Jeewoo and Kim, Seungbae and Han, Jinyoung},
title = {HiQuE: Hierarchical Question Embedding Network for Multimodal Depression Detection},
year = {2024},
isbn = {9798400704369},
publisher = {Association for Computing Machinery},
address = {New York, NY, USA},
url = {https://doi.org/10.1145/3627673.3679797},
doi = {10.1145/3627673.3679797},
booktitle = {Proceedings of the 33rd ACM International Conference on Information and Knowledge Management},
pages = {1049–1059},
numpages = {11},
keywords = {clinical interview, hierarchical question embedding, multimodal depression detection},
location = {Boise, ID, USA},
series = {CIKM '24}
}

@inproceedings{10037751,
  author={Misgar, Muzafar Mehraj and Bhatia, M.P.S},
  booktitle={2022 International Conference on Computing, Communication, and Intelligent Systems (ICCCIS)}, 
  title={Detection of Depression from IoMT Time Series Data using UMAP features}, 
  year={2022},
  volume={},
  number={},
  pages={623-628},
  keywords={Wrist;Manifolds;Sensitivity;Time series analysis;Neural networks;Mental health;Depression;Depression;IOMT;Deep Learning;Artificial Intelligence;Machine Learning},
  doi={10.1109/ICCCIS56430.2022.10037751},
  url={https://api.semanticscholar.org/CorpusID:256744255}
}

@INPROCEEDINGS{10354236,
  author={Danner, Michael and Hadzic, Bakir and Gerhardt, Sophie and Ludwig, Simon and Uslu, Irem and Shao, Peng and Weber, Thomas and Shiban, Youssef and Ratsch, Matthias},
  booktitle={2023 62nd Annual Conference of the Society of Instrument and Control Engineers (SICE)}, 
  title={Advancing Mental Health Diagnostics: GPT-Based Method for Depression Detection}, 
  year={2023},
  volume={},
  number={},
  pages={1290-1296},
  keywords={Law;Refining;Mental health;Linguistics;Depression;Transformers;Data models;Mental Health;Depression Detection;Deep Learning;NLP Transformer LLM;GPT-3.5;ChatGPT-4.},
  doi={10.23919/SICE59929.2023.10354236}
}

@article{Abdurrahim2024MentalHP,
  title={Mental Health Prediction Model on Social Media Data Using CNN-BiLSTM},
  author={Abdurrahim Abdurrahim and Dhomas Hatta Fudholi},
  journal={Kinetik: Game Technology, Information System, Computer Network, Computing, Electronics, and Control},
  year={2024},
  url={https://api.semanticscholar.org/CorpusID:267630703}
}

@article{Ali2024LeveragingAA,
  title={Leveraging Audio and Text Modalities in Mental Health: A Study of LLMs Performance},
  author={Abdelrahman A. Ali and Aya E. Fouda and Radwa J. Hanafy and Mohammed E. Fouda},
  journal={ArXiv},
  year={2024},
  volume={abs/2412.10417},
  url={https://api.semanticscholar.org/CorpusID:274776471}
}

@article{Cai2023DepressionDO,
  title={Depression detection on online social network with multivariate time series feature of user depressive symptoms},
  author={Yicheng Cai and Haizhou Wang and Huali Ye and Yanwen Jin and Wei Gao},
  journal={Expert Syst. Appl.},
  year={2023},
  volume={217},
  pages={119538},
  url={https://api.semanticscholar.org/CorpusID:255922745}
}

@article{Kuzmin2024MentalDD,
  title={Mental Disorders Detection in the Era of Large Language Models},
  author={Gleb Kuzmin and Petr Strepetov and Maksim Stankevich and Ivan Smirnov and Artem Shelmanov},
  journal={ArXiv},
  year={2024},
  volume={abs/2410.07129},
  url={https://api.semanticscholar.org/CorpusID:273233235}
}

@article{Lan2024DepressionDO,
  title={Depression Detection on Social Media with Large Language Models},
  author={Xiaochong Lan and Yiming Cheng and Li Sheng and Chen Gao and Yong Li},
  journal={ArXiv},
  year={2024},
  volume={abs/2403.10750},
  url={https://api.semanticscholar.org/CorpusID:268513532}
}

@article{Shah2024AdvancingDD,
  title={Advancing Depression Detection on Social Media Platforms Through Fine-Tuned Large Language Models},
  author={Shahid Munir Shah and Syeda Anshrah Gillani and Mirza Samad Ahmed Baig and Muhammad Aamer Saleem and Muhammad Hamzah Siddiqui},
  journal={ArXiv},
  year={2024},
  volume={abs/2409.14794},
  url={https://api.semanticscholar.org/CorpusID:272827858}
}

@article{Yang2023MentaLLaMAIM,
  author = {Yang, Kailai and Zhang, Tianlin and Kuang, Ziyan and Xie, Qianqian and Huang, Jimin and Ananiadou, Sophia},
  title = {MentaLLaMA: Interpretable Mental Health Analysis on Social Media with Large Language Models},
  year = {2024},
  isbn = {9798400701719},
  publisher = {Association for Computing Machinery},
  address = {New York, NY, USA},
  url = {https://doi.org/10.1145/3589334.3648137},
  doi = {10.1145/3589334.3648137},
  booktitle = {Proceedings of the ACM Web Conference 2024},
  pages = {4489–4500},
  numpages = {12},
  keywords = {interpretability, large language models, mental health analysis, social media},
  location = {Singapore, Singapore},
  series = {WWW '24}
}

@article{Ye2024DepMambaPF,
  title={DepMamba: Progressive Fusion Mamba for Multimodal Depression Detection},
  author={Jiaxin Ye and Junping Zhang and Hongming Shan},
  journal={ArXiv},
  year={2024},
  volume={abs/2409.15936},
  url={https://api.semanticscholar.org/CorpusID:272832599}
}

@article{gpt-3-brown2020language,
author = {Brown, Tom B. and Mann, Benjamin and Ryder, Nick and Subbiah, Melanie and Kaplan, Jared and Dhariwal, Prafulla and Neelakantan, Arvind and Shyam, Pranav and Sastry, Girish and Askell, Amanda and Agarwal, Sandhini and Herbert-Voss, Ariel and Krueger, Gretchen and Henighan, Tom and Child, Rewon and Ramesh, Aditya and Ziegler, Daniel M. and Wu, Jeffrey and Winter, Clemens and Hesse, Christopher and Chen, Mark and Sigler, Eric and Litwin, Mateusz and Gray, Scott and Chess, Benjamin and Clark, Jack and Berner, Christopher and McCandlish, Sam and Radford, Alec and Sutskever, Ilya and Amodei, Dario},
title = {Language models are few-shot learners},
year = {2020},
isbn = {9781713829546},
publisher = {Curran Associates Inc.},
address = {Red Hook, NY, USA},
booktitle = {Proceedings of the 34th International Conference on Neural Information Processing Systems},
articleno = {159},
numpages = {25},
location = {Vancouver, BC, Canada},
series = {NIPS '20}
}

@article{icl0-dong2022survey,
    title = "A Survey on In-context Learning",
    author = "Dong, Qingxiu  and
      Li, Lei  and
      Dai, Damai  and
      Zheng, Ce  and
      Ma, Jingyuan  and
      Li, Rui  and
      Xia, Heming  and
      Xu, Jingjing  and
      Wu, Zhiyong  and
      Chang, Baobao  and
      Sun, Xu  and
      Li, Lei  and
      Sui, Zhifang",
    editor = "Al-Onaizan, Yaser  and
      Bansal, Mohit  and
      Chen, Yun-Nung",
    booktitle = "Proceedings of the 2024 Conference on Empirical Methods in Natural Language Processing",
    month = nov,
    year = "2024",
    address = "Miami, Florida, USA",
    publisher = "Association for Computational Linguistics",
    url = "https://aclanthology.org/2024.emnlp-main.64/",
    doi = "10.18653/v1/2024.emnlp-main.64",
    pages = "1107--1128"
}

@article{icl1-liu2021makes,
    title = "What Makes Good In-Context Examples for {GPT}-3?",
    author = "Liu, Jiachang  and
      Shen, Dinghan  and
      Zhang, Yizhe  and
      Dolan, Bill  and
      Carin, Lawrence  and
      Chen, Weizhu",
    editor = "Agirre, Eneko  and
      Apidianaki, Marianna  and
      Vuli{\'c}, Ivan",
    booktitle = "Proceedings of Deep Learning Inside Out (DeeLIO 2022): The 3rd Workshop on Knowledge Extraction and Integration for Deep Learning Architectures",
    month = may,
    year = "2022",
    address = "Dublin, Ireland and Online",
    publisher = "Association for Computational Linguistics",
    url = "https://aclanthology.org/2022.deelio-1.10/",
    doi = "10.18653/v1/2022.deelio-1.10",
    pages = "100--114",
}

@article{icl2-sorensen2022information,
    title = "An Information-theoretic Approach to Prompt Engineering Without Ground Truth Labels",
    author = "Sorensen, Taylor  and
      Robinson, Joshua  and
      Rytting, Christopher  and
      Shaw, Alexander  and
      Rogers, Kyle  and
      Delorey, Alexia  and
      Khalil, Mahmoud  and
      Fulda, Nancy  and
      Wingate, David",
    editor = "Muresan, Smaranda  and
      Nakov, Preslav  and
      Villavicencio, Aline",
    booktitle = "Proceedings of the 60th Annual Meeting of the Association for Computational Linguistics (Volume 1: Long Papers)",
    month = may,
    year = "2022",
    address = "Dublin, Ireland",
    publisher = "Association for Computational Linguistics",
    url = "https://aclanthology.org/2022.acl-long.60/",
    doi = "10.18653/v1/2022.acl-long.60",
    pages = "819--862"
}

@article{icl3-tanwar2023multilingual,
    title = "Multilingual {LLM}s are Better Cross-lingual In-context Learners with Alignment",
    author = "Tanwar, Eshaan  and
      Dutta, Subhabrata  and
      Borthakur, Manish  and
      Chakraborty, Tanmoy",
    editor = "Rogers, Anna  and
      Boyd-Graber, Jordan  and
      Okazaki, Naoaki",
    booktitle = "Proceedings of the 61st Annual Meeting of the Association for Computational Linguistics (Volume 1: Long Papers)",
    month = jul,
    year = "2023",
    address = "Toronto, Canada",
    publisher = "Association for Computational Linguistics",
    url = "https://aclanthology.org/2023.acl-long.346/",
    doi = "10.18653/v1/2023.acl-long.346",
    pages = "6292--6307"
}

@article{icl4-chung2024scaling,
  title={Scaling Instruction-Finetuned Language Models},
  author={Hyung Won Chung and Le Hou and S. Longpre and Barret Zoph and Yi Tay and William Fedus and Eric Li and Xuezhi Wang and Mostafa Dehghani and Siddhartha Brahma and Albert Webson and Shixiang Shane Gu and Zhuyun Dai and Mirac Suzgun and Xinyun Chen and Aakanksha Chowdhery and Dasha Valter and Sharan Narang and Gaurav Mishra and Adams Wei Yu and Vincent Zhao and Yanping Huang and Andrew M. Dai and Hongkun Yu and Slav Petrov and Ed H. Chi and Jeff Dean and Jacob Devlin and Adam Roberts and Denny Zhou and Quoc V. Le and Jason Wei},
  journal={ArXiv},
  year={2022},
  volume={abs/2210.11416},
  url={https://api.semanticscholar.org/CorpusID:253018554}
}

@article{icl5-levy2022diverse,
    title = "Diverse Demonstrations Improve In-context Compositional Generalization",
    author = "Levy, Itay  and
      Bogin, Ben  and
      Berant, Jonathan",
    editor = "Rogers, Anna  and
      Boyd-Graber, Jordan  and
      Okazaki, Naoaki",
    booktitle = "Proceedings of the 61st Annual Meeting of the Association for Computational Linguistics (Volume 1: Long Papers)",
    month = jul,
    year = "2023",
    address = "Toronto, Canada",
    publisher = "Association for Computational Linguistics",
    url = "https://aclanthology.org/2023.acl-long.78/",
    doi = "10.18653/v1/2023.acl-long.78",
    pages = "1401--1422"
}

