@inproceedings{BMC,
  title="{BMC: Accelerating Memcached using Safe In-kernel Caching and Pre-stack Processing}",
  author={Yoann Ghigoff and Julien Sopena and Kahina Lazri and Antoine Blin and Gilles Muller},
  booktitle="{Proceedings of the 18th USENIX Symposium on Networked Systems Design and Implementation (NSDI'21)}",
  year = {2021},
  month = apr,
}

@inproceedings{Burtsev-hotos23,
author = {Burtsev, Anton and Narayanan, Vikram and Huang, Yongzhe and Huang, Kaiming and Tan, Gang and Jaeger, Trent},
title = "{Evolving Operating System Kernels Towards Secure Kernel-Driver Interfaces}",
year = {2023},
booktitle = "{Proceedings of the 19th ACM Workshop on Hot Topics in Operating Systems (HotOS'23)}",
month = jun,
}

@inproceedings{Electrode,
  title="{Electrode: Accelerating Distributed Protocols with eBPF}",
  author={Yang Zhou and Zezhou Wang and Sowmya Dharanipragada and Minlan Yu},
  booktitle="{Proceedings of the 20th USENIX Symposium on Networked Systems Design and Implementation (NSDI'23)}",
  year=2023,
  month = APR,
}

@inproceedings{Hoiland-Jorgensen:conext:2018,
author = {H\o{}iland-J\o{}rgensen, Toke and Brouer, Jesper Dangaard and Borkmann, Daniel and Fastabend, John and Herbert, Tom and Ahern, David and Miller, David},
title = "{The eXpress data path: fast programmable packet processing in the operating system kernel}",
year = {2018},
booktitle = "{Proceedings of the 14th International Conference on Emerging Networking EXperiments and Technologies (CoNEXT'18)}",
month = dec,
}

@inproceedings{Miller-hotos19,
author = {Samantha Miller and Kaiyuan Zhang and Danyang Zhuo and Shibin Xu and Arvind Krishnamurthy and Thomas Anderson},
title = "{Practical Safe Linux Kernel Extensibility}",
year = {2021},
booktitle = "{Proceedings of the 17th ACM Workshop on Hot Topics in Operating Systems (HotOS'21)}",
month = may,
}

@inproceedings{Wang:2014,
    author = {Xi Wang and David Lazar and Nickolai Zeldovich and Adam Chlipala and Zachary Tatlock.},
    title = "{Jitk: A Trustworthy In-Kernel Interpreter Infrastructure}",
    year = {2014},
    booktitle = {Proceedings of the 11th USENIX Symposium on Operating Systems
        Design and Implementation (OSDI'14)},
    month = OCT,
}

@inproceedings{bsdpf,
	title = "{The BSD Packet Filter: A New Architecture for User-level Packet Capture}",
	author = {Steven McCanne and Van Jacobson},
	booktitle = {Proceedings of the 1993 Winter USENIX Conference},
	year = 1993,
	month = jan,
}

@inproceedings{dwivedi-sosp24,
  author = {Kumar Kartikeya Dwivedi and Rishabh Iyer and Sanidhya Kashyap},
  title = "{Fast, Flexible, and Practical Kernel Extensions}",
  year = {2024},
  booktitle = "{Proceedings of the 30th ACM Symposium on Operating Systems Principles (SOSP'24)}",
  month = nov,
}

@inproceedings{ebpf-fuzzing,
author = {Mohamed, Mohamed Husain Noor and Wang, Xiaoguang and Ravindran, Binoy},
title = "{Understanding the Security of Linux eBPF Subsystem}",
year = {2023},
booktitle = "{Proceedings of the 14th ACM SIGOPS Asia-Pacific Workshop on Systems (APSys'23)}",
month = aug,
}

@article{ebpf-mm,
      title="{eBPF-mm: Userspace-guided memory management in Linux with eBPF}",
      author={Konstantinos Mores and Stratos Psomadakis and Georgios Goumas},
      year={2024},
      journal="{arXiv:2409.11220}",
      month = sep,
}

@inproceedings{ghost-scheduler,
author = {Humphries, Jack Tigar and Natu, Neel and Chaugule, Ashwin and Weisse, Ofir and Rhoden, Barret and Don, Josh and Rizzo, Luigi and Rombakh, Oleg and Turner, Paul and Kozyrakis, Christos},
title = "{ghOSt: Fast \& Flexible User-Space Delegation of Linux Scheduling}",
year = {2021},
booktitle = "{Proceedings of the 28th ACM Symposium on Operating Systems Principles (SOSP'21)}",
month = oct,
}

@misc{ghost-scheduler-lpc,
  author={Barret Rhoden},
  title="{eBPF Kernel Scheduling with Ghost. In \textit{Linux Plumbers Conference (LPC'22)}}",
  howpublished={\url{https://lpc.events/event/16/contributions/1365/}. (Sept. 2022)},
  %booktitle= {Linux Plumbers Conference},
  %month=sep,
  %year={2022},
}

@inproceedings{hao-eurosys,
author = {Sun, Hao and Xu, Yiru and Liu, Jianzhong and Shen, Yuheng and Guan, Nan and Jiang, Yu},
title = "{Finding Correctness Bugs in eBPF Verifier with Structured and Sanitized Program}",
year = {2024},
booktitle = "{Proceedings of the 19th ACM European Conference on Computer Systems (EuroSys'24)}",
month = apr,
}

@inproceedings{hari-cav-verification,
author = {Vishwanathan, Harishankar and Shachnai, Matan and Narayana, Srinivas and Nagarakatte, Santosh},
title = "{Verifying the Verifier: eBPF Range Analysis Verification}",
year = {2023},
booktitle = "{Proceedings of the 35th International Conference on Computer Aided Verification (CAV'23)}",
month = jul,
}

@inproceedings{hung2023brf,
author = {Hung, Hsin-Wei and Amiri Sani, Ardalan},
title = "{BRF: Fuzzing the eBPF Runtime}",
year = {2024},
booktitle = "{Proceedings of the 2024 ACM International Conference on the Foundations of Software Engineering (FSE'24)}",
month = jul,
}

@misc{lpc-24-bcf-lazy-abstraction-proof,
  author={Hao Sun and Zhendong Su},
  title="{Lazy Abstraction Refinement with Proof. In \textit{Linux Plumbers Conference (LPC'24)}}",
  howpublished={\url{https://lpc.events/event/18/contributions/1939/}. (Sept. 2024)},
  %booktitle= {Linux Plumbers Conference},
  %month=sep,
  %year={2021},
}

@misc{lpc-24-bpfmm,
  title = "{Towards Programmable Memory Management with eBPF. In \textit{Linux Plumbers Conference (LPC'24)}}",
  author = {Dimitrios Skarlatos and Kaiyang Zhao},
  howpublished = {\url{https://lpc.events/event/18/contributions/1932/}. (Sept. 2024)},
  %year = {2024},
  %month = sep,
}

@inproceedings{nooks,
author = {Swift, Michael M. and Bershad, Brian N. and Levy, Henry M.},
title = "{Improving the reliability of commodity operating systems}",
year = {2003},
month = oct,
booktitle = "{Proceedings of the 19th ACM Symposium on Operating Systems Principles (SOSP'03)}",
}

@inproceedings{pf,
  author = {Jeffrey C. Mogul and Richard F. Rashid and Michael J. Accett},
  title = "{The Packet Filter: An Efficient Mechanism for User-level Network Code}",
  year = {1987},
  booktitle = "{Proceedings of the 11th ACM Symposium on Operating Systems Principles (SOSP'87)}",
  month = nov,
}

@inproceedings{proof-carrying-verifier,
  author={Luke Nelson and Xi Wang and Emina Torlak},
  title="{A proof-carrying approach to building correct and flexible BPF verifiers}",
  howpublished={\url{https://lpc.events/event/11/contributions/944/}},
  booktitle= {Linux Plumbers Conference},
  month=sep,
  year={2021},
}

@misc{rust-for-linux-doc,
title="{Rust for Linux}",
howpublished = {\url{https://rust-for-linux.com/}},
%note={(Accessed on 2024-04-19)},
}

@misc{rust-for-windows,
author="David Weston",
title="{The journey towards default security. In \textit{BlueHat IL 2023}}",
howpublished = {\url{https://www.youtube.com/watch?v=8T6ClX-y2AE}. (Mar. 2023)},
%year={2023},
%month=mar,
%booktitle= {BlueHat IL 2023},
}

@misc{rust-module-dev-quit-lwn,
  title="{Rust-for-Linux developer Wedson Almeida Filho drops out}",
  howpublished={\url{https://lwn.net/Articles/987635/}. (Aug. 2024)},
  author={Jonathan Corbet},
  %month=aug,
  %year=2024,
}

@article{safebpf-thomas,
      title="{SafeBPF: Hardware-assisted Defense-in-depth for eBPF Kernel Extensions}",
      author={Soo Yee Lim and Tanya Prasad and Xueyuan Han and Thomas Pasquier},
      year={2024},
      journal="{arXiv:2409.07508}",
      month = sep,
}

@inproceedings{sandbpf,
author = {Lim, Soo Yee and Han, Xueyuan and Pasquier, Thomas},
title = "{Unleashing Unprivileged eBPF Potential with Dynamic Sandboxing}",
booktitle = "{Proceedings of the 1st ACM SIGCOMM 2023 Workshop on eBPF and Kernel Extensions (eBPF'23)}",
year=2023,
month=sep,
}

@misc{sched-ext,
  title = "{Extensible Scheduler Class}",
  howpublished = {\url{https://docs.kernel.org/next/scheduler/sched-ext.html}}
}

@techreport{singularity,
author = {Hunt, Galen and Larus, Jim and Abadi, Martin and Aiken, Mark and Barham, Paul and Fahndrich, Manuel and Hawblitzel, Chris and Hodson, Orion and Levi, Steven and Murphy, Nick and Steensgaard, Bjarne and Tarditi, David and Wobber, Ted and Zill, Brian},
title = "{An Overview of the Singularity Project}",
institution = "{Microsoft Research. (Oct. 2005)}",
number = {MSR-TR-2005-135},
%year = {2005},
%month = {October},
}

@inproceedings{slic,
  author = {Douglas P. Ghormley and David Petrou and Steven H. Rodrigues and Thomas E. Anderson},
  title = "{SLIC: An Extensibility System for Commodity Operating Systems}",
  booktitle = "{Proceedings of the 1998 USENIX Annual Technical Conference (USENIX ATC'98)}",
  year = {1998},
  month = jun
}

@inproceedings{spin,
  author = {Bershad, B. N. and Savage, S. and Pardyak, P. and Sirer, E. G. and Fiuczynski, M. E. and Becker, D. and Chambers, C. and Eggers, S.},
  title = "{Extensibility, Safety and Performance in the SPIN Operating System}",
  year = {1995},
  booktitle = "{Proceedings of the 15th ACM Symposium on Operating Systems Principles (SOSP'95)}",
  month = dec,
}

@inproceedings{theseus,
author = {Kevin Boos and Namitha Liyanage and Ramla Ijaz and Lin Zhong},
title = "{Theseus: an Experiment in Operating System Structure and State Management}",
booktitle = "{Proceedings of the 14th USENIX Symposium on Operating Systems Design and Implementation (OSDI'20)}",
year = {2020},
month = nov
}

@inproceedings{tockos,
  author = {Levy, Amit and Campbell, Bradford and Ghena, Branden and Giffin, Daniel B. and Pannuto, Pat and Dutta, Prabal and Levis, Philip},
  title = "{Multiprogramming a 64kB Computer Safely and Efficiently}",
  year = {2017},
  booktitle = "{Proceedings of the 26th ACM Symposium on Operating Systems Principles (SOSP'17)}",
  month = oct,
}

@inproceedings{untenableVerification,
    author = {Jia, Jinghao and Sahu, Raj and Oswald, Adam and Williams, Dan and Le, Michael V. and Xu, Tianyin},
    title = "{Kernel extension verification is untenable}",
    year = {2023},
    booktitle = "{Proceedings of the 19th ACM Workshop on Hot Topics in Operating Systems (HotOS'23)}",
    month = jun,
}

@inproceedings{vino,
author = {Margo I. Seltzer and Yasuhiro Endo and Christopher Small and Keith A. Smith},
title = "{Dealing With Disaster: Surviving Misbehaved Kernel Extensions}",
booktitle = "{Proceedings of the 2nd USENIX Symposium on Operating Systems Design and Implementation (OSDI'96)}",
year = {1996},
month = oct,
}

