@article{AWR,
  title={Advantage-weighted regression: Simple and scalable off-policy reinforcement learning},
  author={Peng, Xue Bin and Kumar, Aviral and Zhang, Grace and Levine, Sergey},
  journal={arXiv preprint arXiv:1910.00177},
  year={2019}
}

@inproceedings{BCQ,
  title={Off-policy deep reinforcement learning without exploration},
  author={Fujimoto, Scott and Meger, David and Precup, Doina},
  booktitle={International conference on machine learning},
  pages={2052--2062},
  year={2019},
  organization={PMLR}
}

@article{BEAR,
  title={Stabilizing off-policy q-learning via bootstrapping error reduction},
  author={Kumar, Aviral and Fu, Justin and Soh, Matthew and Tucker, George and Levine, Sergey},
  journal={Advances in neural information processing systems},
  volume={32},
  year={2019}
}

@article{DMPC,
  title={Diffusion model predictive control},
  author={Zhou, Guangyao and Swaminathan, Sivaramakrishnan and Raju, Rajkumar Vasudeva and Guntupalli, J Swaroop and Lehrach, Wolfgang and Ortiz, Joseph and Dedieu, Antoine and L{\'a}zaro-Gredilla, Miguel and Murphy, Kevin},
  journal={arXiv preprint arXiv:2410.05364},
  year={2024}
}

@article{IQL,
  title={Offline reinforcement learning with implicit q-learning},
  author={Kostrikov, Ilya and Nair, Ashvin and Levine, Sergey},
  journal={arXiv preprint arXiv:2110.06169},
  year={2021}
}

@inproceedings{LOOP,
  title={Learning off-policy with online planning},
  author={Sikchi, Harshit and Zhou, Wenxuan and Held, David},
  booktitle={Conference on Robot Learning},
  pages={1622--1633},
  year={2022},
  organization={PMLR}
}

@article{MBOP,
  title={Model-based offline planning},
  author={Argenson, Arthur and Dulac-Arnold, Gabriel},
  journal={arXiv preprint arXiv:2008.05556},
  year={2020}
}

@article{MBPO,
  title={When to trust your model: Model-based policy optimization},
  author={Janner, Michael and Fu, Justin and Zhang, Marvin and Levine, Sergey},
  journal={Advances in neural information processing systems},
  volume={32},
  year={2019}
}

@article{PETS,
  title={Deep reinforcement learning in a handful of trials using probabilistic dynamics models},
  author={Chua, Kurtland and Calandra, Roberto and McAllister, Rowan and Levine, Sergey},
  journal={Advances in neural information processing systems},
  volume={31},
  year={2018}
}

@inproceedings{PlaNet,
  title={Learning latent dynamics for planning from pixels},
  author={Hafner, Danijar and Lillicrap, Timothy and Fischer, Ian and Villegas, Ruben and Ha, David and Lee, Honglak and Davidson, James},
  booktitle={International conference on machine learning},
  pages={2555--2565},
  year={2019},
  organization={PMLR}
}

@article{XQL,
  title={Extreme q-learning: Maxent rl without entropy},
  author={Garg, Divyansh and Hejna, Joey and Geist, Matthieu and Ermon, Stefano},
  journal={arXiv preprint arXiv:2301.02328},
  year={2023}
}

@inproceedings{bhardwaj2020information,
  title={Information theoretic model predictive q-learning},
  author={Bhardwaj, Mohak and Handa, Ankur and Fox, Dieter and Boots, Byron},
  booktitle={Learning for Dynamics and Control},
  pages={840--850},
  year={2020},
  organization={PMLR}
}

@article{deramerv2,
  title={Mastering atari with discrete world models},
  author={Hafner, Danijar and Lillicrap, Timothy and Norouzi, Mohammad and Ba, Jimmy},
  journal={arXiv preprint arXiv:2010.02193},
  year={2020}
}

@article{dreamerv3,
  title   = {Mastering Diverse Domains through World Models},
  author  = {Danijar Hafner and Jurgis Pasukonis and Jimmy Ba and Timothy Lillicrap},
  year    = {2023},
  journal = {arXiv preprint arXiv: 2301.04104}
}

@article{hansen2022TDMPC,
  title={Temporal difference learning for model predictive control},
  author={Hansen, Nicklas and Wang, Xiaolong and Su, Hao},
  journal={arXiv preprint arXiv:2203.04955},
  year={2022}
}

@article{hansen2023tdmpc2,
  title={Td-mpc2: Scalable, robust world models for continuous control},
  author={Hansen, Nicklas and Su, Hao and Wang, Xiaolong},
  journal={arXiv preprint arXiv:2310.16828},
  year={2023}
}

@article{katsigiannis2017dreamer,
  title={DREAMER: A database for emotion recognition through EEG and ECG signals from wireless low-cost off-the-shelf devices},
  author={Katsigiannis, Stamos and Ramzan, Naeem},
  journal={IEEE journal of biomedical and health informatics},
  volume={22},
  number={1},
  pages={98--107},
  year={2017},
  publisher={IEEE}
}

@article{sutton1991dyna,
  title={Dyna, an integrated architecture for learning, planning, and reacting},
  author={Sutton, Richard S},
  journal={ACM Sigart Bulletin},
  volume={2},
  number={4},
  pages={160--163},
  year={1991},
  publisher={ACM New York, NY, USA}
}

@article{td3bc,
  title={A minimalist approach to offline reinforcement learning},
  author={Fujimoto, Scott and Gu, Shixiang Shane},
  journal={Advances in neural information processing systems},
  volume={34},
  pages={20132--20145},
  year={2021}
}

