@inproceedings{BigBird,
  author       = {Manzil Zaheer and
                  Guru Guruganesh and
                  Kumar Avinava Dubey and
                  Joshua Ainslie and
                  Chris Alberti and
                  Santiago Onta{\~{n}}{\'{o}}n and
                  Philip Pham and
                  Anirudh Ravula and
                  Qifan Wang and
                  Li Yang and
                  Amr Ahmed},
  editor       = {Hugo Larochelle and
                  Marc'Aurelio Ranzato and
                  Raia Hadsell and
                  Maria{-}Florina Balcan and
                  Hsuan{-}Tien Lin},
  title        = {Big Bird: Transformers for Longer Sequences},
  booktitle    = {Advances in Neural Information Processing Systems 33: Annual Conference
                  on Neural Information Processing Systems 2020, NeurIPS 2020, December
                  6-12, 2020, virtual},
  year         = {2020},
  url          = {https://proceedings.neurips.cc/paper/2020/hash/c8512d142a2d849725f31a9a7a361ab9-Abstract.html},
  timestamp    = {Tue, 19 Jan 2021 15:57:14 +0100},
  biburl       = {https://dblp.org/rec/conf/nips/ZaheerGDAAOPRWY20.bib},
  bibsource    = {dblp computer science bibliography, https://dblp.org}
}

@article{DiJiang,
  author       = {Hanting Chen and
                  Zhicheng Liu and
                  Xutao Wang and
                  Yuchuan Tian and
                  Yunhe Wang},
  title        = {DiJiang: Efficient Large Language Models through Compact Kernelization},
  journal      = {CoRR},
  volume       = {abs/2403.19928},
  year         = {2024},
  url          = {https://doi.org/10.48550/arXiv.2403.19928},
  doi          = {10.48550/ARXIV.2403.19928},
  eprinttype    = {arXiv},
  eprint       = {2403.19928},
  timestamp    = {Thu, 23 May 2024 09:24:39 +0200},
  biburl       = {https://dblp.org/rec/journals/corr/abs-2403-19928.bib},
  bibsource    = {dblp computer science bibliography, https://dblp.org}
}

@inproceedings{GLA_hardware,
  author       = {Songlin Yang and
                  Bailin Wang and
                  Yikang Shen and
                  Rameswar Panda and
                  Yoon Kim},
  title        = {Gated Linear Attention Transformers with Hardware-Efficient Training},
  booktitle    = {Forty-first International Conference on Machine Learning, {ICML} 2024,
                  Vienna, Austria, July 21-27, 2024},
  publisher    = {OpenReview.net},
  year         = {2024},
  url          = {https://openreview.net/forum?id=ia5XvxFUJT},
  timestamp    = {Mon, 02 Sep 2024 16:55:26 +0200},
  biburl       = {https://dblp.org/rec/conf/icml/YangWSPK24.bib},
  bibsource    = {dblp computer science bibliography, https://dblp.org}
}

@inproceedings{H3,
  author       = {Daniel Y. Fu and
                  Tri Dao and
                  Khaled Kamal Saab and
                  Armin W. Thomas and
                  Atri Rudra and
                  Christopher R{\'{e}}},
  title        = {Hungry Hungry Hippos: Towards Language Modeling with State Space Models},
  booktitle    = {The Eleventh International Conference on Learning Representations,
                  {ICLR} 2023, Kigali, Rwanda, May 1-5, 2023},
  publisher    = {OpenReview.net},
  year         = {2023},
  url          = {https://openreview.net/forum?id=COZDy0WYGg},
  timestamp    = {Wed, 24 Jul 2024 16:50:34 +0200},
  biburl       = {https://dblp.org/rec/conf/iclr/FuDSTRR23.bib},
  bibsource    = {dblp computer science bibliography, https://dblp.org}
}

@inproceedings{Hyena,
  author       = {Michael Poli and
                  Stefano Massaroli and
                  Eric Nguyen and
                  Daniel Y. Fu and
                  Tri Dao and
                  Stephen Baccus and
                  Yoshua Bengio and
                  Stefano Ermon and
                  Christopher R{\'{e}}},
  editor       = {Andreas Krause and
                  Emma Brunskill and
                  Kyunghyun Cho and
                  Barbara Engelhardt and
                  Sivan Sabato and
                  Jonathan Scarlett},
  title        = {Hyena Hierarchy: Towards Larger Convolutional Language Models},
  booktitle    = {International Conference on Machine Learning, {ICML} 2023, 23-29 July
                  2023, Honolulu, Hawaii, {USA}},
  series       = {Proceedings of Machine Learning Research},
  volume       = {202},
  pages        = {28043--28078},
  publisher    = {{PMLR}},
  year         = {2023},
  url          = {https://proceedings.mlr.press/v202/poli23a.html},
  timestamp    = {Mon, 28 Aug 2023 17:23:08 +0200},
  biburl       = {https://dblp.org/rec/conf/icml/PoliMNFDBBER23.bib},
  bibsource    = {dblp computer science bibliography, https://dblp.org}
}

@article{KD,
  author       = {Geoffrey E. Hinton and
                  Oriol Vinyals and
                  Jeffrey Dean},
  title        = {Distilling the Knowledge in a Neural Network},
  journal      = {CoRR},
  volume       = {abs/1503.02531},
  year         = {2015},
  url          = {http://arxiv.org/abs/1503.02531},
  eprinttype    = {arXiv},
  eprint       = {1503.02531},
  timestamp    = {Mon, 13 Aug 2018 16:48:36 +0200},
  biburl       = {https://dblp.org/rec/journals/corr/HintonVD15.bib},
  bibsource    = {dblp computer science bibliography, https://dblp.org}
}

@inproceedings{LA_RN,
  author       = {Angelos Katharopoulos and
                  Apoorv Vyas and
                  Nikolaos Pappas and
                  Fran{\c{c}}ois Fleuret},
  title        = {Transformers are RNNs: Fast Autoregressive Transformers with Linear
                  Attention},
  booktitle    = {Proceedings of the 37th International Conference on Machine Learning,
                  {ICML} 2020, 13-18 July 2020, Virtual Event},
  series       = {Proceedings of Machine Learning Research},
  volume       = {119},
  pages        = {5156--5165},
  publisher    = {{PMLR}},
  year         = {2020},
  url          = {http://proceedings.mlr.press/v119/katharopoulos20a.html},
  timestamp    = {Tue, 15 Dec 2020 17:40:19 +0100},
  biburl       = {https://dblp.org/rec/conf/icml/KatharopoulosV020.bib},
  bibsource    = {dblp computer science bibliography, https://dblp.org}
}

@inproceedings{LLA,
  author       = {Lin Zheng and
                  Chong Wang and
                  Lingpeng Kong},
  editor       = {Kamalika Chaudhuri and
                  Stefanie Jegelka and
                  Le Song and
                  Csaba Szepesv{\'{a}}ri and
                  Gang Niu and
                  Sivan Sabato},
  title        = {Linear Complexity Randomized Self-attention Mechanism},
  booktitle    = {International Conference on Machine Learning, {ICML} 2022, 17-23 July
                  2022, Baltimore, Maryland, {USA}},
  series       = {Proceedings of Machine Learning Research},
  volume       = {162},
  pages        = {27011--27041},
  publisher    = {{PMLR}},
  year         = {2022},
  url          = {https://proceedings.mlr.press/v162/zheng22b.html},
  timestamp    = {Tue, 12 Jul 2022 17:36:52 +0200},
  biburl       = {https://dblp.org/rec/conf/icml/ZhengWK22.bib},
  bibsource    = {dblp computer science bibliography, https://dblp.org}
}

@inproceedings{LRA,
  author       = {Yi Tay and
                  Mostafa Dehghani and
                  Samira Abnar and
                  Yikang Shen and
                  Dara Bahri and
                  Philip Pham and
                  Jinfeng Rao and
                  Liu Yang and
                  Sebastian Ruder and
                  Donald Metzler},
  title        = {Long Range Arena : {A} Benchmark for Efficient Transformers},
  booktitle    = {9th International Conference on Learning Representations, {ICLR} 2021,
                  Virtual Event, Austria, May 3-7, 2021},
  publisher    = {OpenReview.net},
  year         = {2021},
  url          = {https://openreview.net/forum?id=qVyeW-grC2k},
  timestamp    = {Wed, 23 Jun 2021 17:36:40 +0200},
  biburl       = {https://dblp.org/rec/conf/iclr/Tay0ASBPRYRM21.bib},
  bibsource    = {dblp computer science bibliography, https://dblp.org}
}

@inproceedings{Mao_fast_decay_weight,
  author       = {Huanru Henry Mao},
  editor       = {Yoav Goldberg and
                  Zornitsa Kozareva and
                  Yue Zhang},
  title        = {Fine-Tuning Pre-trained Transformers into Decaying Fast Weights},
  booktitle    = {Proceedings of the 2022 Conference on Empirical Methods in Natural
                  Language Processing, {EMNLP} 2022, Abu Dhabi, United Arab Emirates,
                  December 7-11, 2022},
  pages        = {10236--10242},
  publisher    = {Association for Computational Linguistics},
  year         = {2022},
  url          = {https://doi.org/10.18653/v1/2022.emnlp-main.697},
  doi          = {10.18653/V1/2022.EMNLP-MAIN.697},
  timestamp    = {Thu, 10 Aug 2023 12:35:37 +0200},
  biburl       = {https://dblp.org/rec/conf/emnlp/Mao22.bib},
  bibsource    = {dblp computer science bibliography, https://dblp.org}
}

@inproceedings{RFA,
  author       = {Hao Peng and
                  Nikolaos Pappas and
                  Dani Yogatama and
                  Roy Schwartz and
                  Noah A. Smith and
                  Lingpeng Kong},
  title        = {Random Feature Attention},
  booktitle    = {9th International Conference on Learning Representations, {ICLR} 2021,
                  Virtual Event, Austria, May 3-7, 2021},
  publisher    = {OpenReview.net},
  year         = {2021},
  url          = {https://openreview.net/forum?id=QtTKTdVrFBB},
  timestamp    = {Wed, 21 Feb 2024 11:48:05 +0100},
  biburl       = {https://dblp.org/rec/conf/iclr/Peng0Y0SK21.bib},
  bibsource    = {dblp computer science bibliography, https://dblp.org}
}

@inproceedings{RW-KD,
  author       = {Peng Lu and
                  Abbas Ghaddar and
                  Ahmad Rashid and
                  Mehdi Rezagholizadeh and
                  Ali Ghodsi and
                  Philippe Langlais},
  editor       = {Marie{-}Francine Moens and
                  Xuanjing Huang and
                  Lucia Specia and
                  Scott Wen{-}tau Yih},
  title        = {{RW-KD:} Sample-wise Loss Terms Re-Weighting for Knowledge Distillation},
  booktitle    = {Findings of the Association for Computational Linguistics: {EMNLP}
                  2021, Virtual Event / Punta Cana, Dominican Republic, 16-20 November,
                  2021},
  pages        = {3145--3152},
  publisher    = {Association for Computational Linguistics},
  year         = {2021},
  url          = {https://doi.org/10.18653/v1/2021.findings-emnlp.270},
  doi          = {10.18653/V1/2021.FINDINGS-EMNLP.270},
  timestamp    = {Fri, 16 Feb 2024 08:27:36 +0100},
  biburl       = {https://dblp.org/rec/conf/emnlp/LuGRR0L21.bib},
  bibsource    = {dblp computer science bibliography, https://dblp.org}
}

@inproceedings{RWKV,
  author       = {Bo Peng and
                  Eric Alcaide and
                  Quentin Anthony and
                  Alon Albalak and
                  Samuel Arcadinho and
                  Stella Biderman and
                  Huanqi Cao and
                  Xin Cheng and
                  Michael Chung and
                  Leon Derczynski and
                  Xingjian Du and
                  Matteo Grella and
                  Kranthi Kiran GV and
                  Xuzheng He and
                  Haowen Hou and
                  Przemyslaw Kazienko and
                  Jan Kocon and
                  Jiaming Kong and
                  Bartlomiej Koptyra and
                  Hayden Lau and
                  Jiaju Lin and
                  Krishna Sri Ipsit Mantri and
                  Ferdinand Mom and
                  Atsushi Saito and
                  Guangyu Song and
                  Xiangru Tang and
                  Johan S. Wind and
                  Stanislaw Wozniak and
                  Zhenyuan Zhang and
                  Qinghua Zhou and
                  Jian Zhu and
                  Rui{-}Jie Zhu},
  editor       = {Houda Bouamor and
                  Juan Pino and
                  Kalika Bali},
  title        = {{RWKV:} Reinventing RNNs for the Transformer Era},
  booktitle    = {Findings of the Association for Computational Linguistics: {EMNLP}
                  2023, Singapore, December 6-10, 2023},
  pages        = {14048--14077},
  publisher    = {Association for Computational Linguistics},
  year         = {2023},
  url          = {https://doi.org/10.18653/v1/2023.findings-emnlp.936},
  doi          = {10.18653/V1/2023.FINDINGS-EMNLP.936},
  timestamp    = {Tue, 14 May 2024 15:17:19 +0200},
  biburl       = {https://dblp.org/rec/conf/emnlp/PengAAAABCCCDDG23.bib},
  bibsource    = {dblp computer science bibliography, https://dblp.org}
}

@inproceedings{SinkhornAttn,
  author       = {Yi Tay and
                  Dara Bahri and
                  Liu Yang and
                  Donald Metzler and
                  Da{-}Cheng Juan},
  title        = {Sparse Sinkhorn Attention},
  booktitle    = {Proceedings of the 37th International Conference on Machine Learning,
                  {ICML} 2020, 13-18 July 2020, Virtual Event},
  series       = {Proceedings of Machine Learning Research},
  volume       = {119},
  pages        = {9438--9447},
  publisher    = {{PMLR}},
  year         = {2020},
  url          = {http://proceedings.mlr.press/v119/tay20a.html},
  timestamp    = {Tue, 15 Dec 2020 17:40:19 +0100},
  biburl       = {https://dblp.org/rec/conf/icml/TayBYMJ20.bib},
  bibsource    = {dblp computer science bibliography, https://dblp.org}
}

@inproceedings{Transnormer,
  author       = {Zhen Qin and
                  Xiaodong Han and
                  Weixuan Sun and
                  Dongxu Li and
                  Lingpeng Kong and
                  Nick Barnes and
                  Yiran Zhong},
  editor       = {Yoav Goldberg and
                  Zornitsa Kozareva and
                  Yue Zhang},
  title        = {The Devil in Linear Transformer},
  booktitle    = {Proceedings of the 2022 Conference on Empirical Methods in Natural
                  Language Processing, {EMNLP} 2022, Abu Dhabi, United Arab Emirates,
                  December 7-11, 2022},
  pages        = {7025--7041},
  publisher    = {Association for Computational Linguistics},
  year         = {2022},
  url          = {https://doi.org/10.18653/v1/2022.emnlp-main.473},
  doi          = {10.18653/V1/2022.EMNLP-MAIN.473},
  timestamp    = {Thu, 10 Aug 2023 12:35:32 +0200},
  biburl       = {https://dblp.org/rec/conf/emnlp/QinHSLKBZ22.bib},
  bibsource    = {dblp computer science bibliography, https://dblp.org}
}

@article{atten-free,
  author       = {Shuangfei Zhai and
                  Walter Talbott and
                  Nitish Srivastava and
                  Chen Huang and
                  Hanlin Goh and
                  Ruixiang Zhang and
                  Josh M. Susskind},
  title        = {An Attention Free Transformer},
  journal      = {CoRR},
  volume       = {abs/2105.14103},
  year         = {2021},
  url          = {https://arxiv.org/abs/2105.14103},
  eprinttype    = {arXiv},
  eprint       = {2105.14103},
  timestamp    = {Mon, 07 Nov 2022 15:33:44 +0100},
  biburl       = {https://dblp.org/rec/journals/corr/abs-2105-14103.bib},
  bibsource    = {dblp computer science bibliography, https://dblp.org}
}

@article{log_normal_attn,
  author       = {Yury Nahshan and
                  Joseph Kampeas and
                  Emir Haleva},
  title        = {Linear Log-Normal Attention with Unbiased Concentration},
  journal      = {CoRR},
  volume       = {abs/2311.13541},
  year         = {2023},
  url          = {https://doi.org/10.48550/arXiv.2311.13541},
  doi          = {10.48550/ARXIV.2311.13541},
  eprinttype    = {arXiv},
  eprint       = {2311.13541},
  timestamp    = {Thu, 30 Nov 2023 15:14:59 +0100},
  biburl       = {https://dblp.org/rec/journals/corr/abs-2311-13541.bib},
  bibsource    = {dblp computer science bibliography, https://dblp.org}
}

@article{longformer,
  author       = {Iz Beltagy and
                  Matthew E. Peters and
                  Arman Cohan},
  title        = {Longformer: The Long-Document Transformer},
  journal      = {CoRR},
  volume       = {abs/2004.05150},
  year         = {2020},
  url          = {https://arxiv.org/abs/2004.05150},
  eprinttype    = {arXiv},
  eprint       = {2004.05150},
  timestamp    = {Tue, 14 Apr 2020 16:40:34 +0200},
  biburl       = {https://dblp.org/rec/journals/corr/abs-2004-05150.bib},
  bibsource    = {dblp computer science bibliography, https://dblp.org}
}

@article{mamba,
  author       = {Albert Gu and
                  Tri Dao},
  title        = {Mamba: Linear-Time Sequence Modeling with Selective State Spaces},
  journal      = {CoRR},
  volume       = {abs/2312.00752},
  year         = {2023},
  url          = {https://doi.org/10.48550/arXiv.2312.00752},
  doi          = {10.48550/ARXIV.2312.00752},
  eprinttype    = {arXiv},
  eprint       = {2312.00752},
  timestamp    = {Fri, 08 Dec 2023 11:22:03 +0100},
  biburl       = {https://dblp.org/rec/journals/corr/abs-2312-00752.bib},
  bibsource    = {dblp computer science bibliography, https://dblp.org}
}

@inproceedings{mambainllama,
  title={The Mamba in the Llama: Distilling and Accelerating Hybrid Models},
  author={Wang, Junxiong and Paliotta, Daniele and May, Avner and Rush, Alexander M and Dao, Tri},
  booktitle={The Thirty-eighth Annual Conference on Neural Information Processing Systems}
}

@inproceedings{performer,
  author       = {Krzysztof Marcin Choromanski and
                  Valerii Likhosherstov and
                  David Dohan and
                  Xingyou Song and
                  Andreea Gane and
                  Tam{\'{a}}s Sarl{\'{o}}s and
                  Peter Hawkins and
                  Jared Quincy Davis and
                  Afroz Mohiuddin and
                  Lukasz Kaiser and
                  David Benjamin Belanger and
                  Lucy J. Colwell and
                  Adrian Weller},
  title        = {Rethinking Attention with Performers},
  booktitle    = {9th International Conference on Learning Representations, {ICLR} 2021,
                  Virtual Event, Austria, May 3-7, 2021},
  publisher    = {OpenReview.net},
  year         = {2021},
  url          = {https://openreview.net/forum?id=Ua6zuk0WRH},
  timestamp    = {Wed, 23 Jun 2021 17:36:39 +0200},
  biburl       = {https://dblp.org/rec/conf/iclr/ChoromanskiLDSG21.bib},
  bibsource    = {dblp computer science bibliography, https://dblp.org}
}

@inproceedings{post_linearize_attn,
  author       = {Jungo Kasai and
                  Hao Peng and
                  Yizhe Zhang and
                  Dani Yogatama and
                  Gabriel Ilharco and
                  Nikolaos Pappas and
                  Yi Mao and
                  Weizhu Chen and
                  Noah A. Smith},
  editor       = {Marie{-}Francine Moens and
                  Xuanjing Huang and
                  Lucia Specia and
                  Scott Wen{-}tau Yih},
  title        = {Finetuning Pretrained Transformers into RNNs},
  booktitle    = {Proceedings of the 2021 Conference on Empirical Methods in Natural
                  Language Processing, {EMNLP} 2021, Virtual Event / Punta Cana, Dominican
                  Republic, 7-11 November, 2021},
  pages        = {10630--10643},
  publisher    = {Association for Computational Linguistics},
  year         = {2021},
  url          = {https://doi.org/10.18653/v1/2021.emnlp-main.830},
  doi          = {10.18653/V1/2021.EMNLP-MAIN.830},
  timestamp    = {Wed, 21 Feb 2024 11:48:05 +0100},
  biburl       = {https://dblp.org/rec/conf/emnlp/KasaiPZYI0MCS21.bib},
  bibsource    = {dblp computer science bibliography, https://dblp.org}
}

@article{qin2023transnormerllm,
  title={TransNormerLLM: A Faster and Better Large Language Model with Improved TransNormer},
  author={Qin, Zhen and Li, Dong and Sun, Weigao and Sun, Weixuan and Shen, Xuyang and Han, Xiaodong and Wei, Yunshen and Lv, Baohong and Luo, Xiao and Qiao, Yu and others},
  year={2023}
}

@inproceedings{reformer,
  author       = {Nikita Kitaev and
                  Lukasz Kaiser and
                  Anselm Levskaya},
  title        = {Reformer: The Efficient Transformer},
  booktitle    = {8th International Conference on Learning Representations, {ICLR} 2020,
                  Addis Ababa, Ethiopia, April 26-30, 2020},
  publisher    = {OpenReview.net},
  year         = {2020},
  url          = {https://openreview.net/forum?id=rkgNKkHtvB},
  timestamp    = {Thu, 07 May 2020 17:11:48 +0200},
  biburl       = {https://dblp.org/rec/conf/iclr/KitaevKL20.bib},
  bibsource    = {dblp computer science bibliography, https://dblp.org}
}

@article{retnet,
  author       = {Yutao Sun and
                  Li Dong and
                  Shaohan Huang and
                  Shuming Ma and
                  Yuqing Xia and
                  Jilong Xue and
                  Jianyong Wang and
                  Furu Wei},
  title        = {Retentive Network: {A} Successor to Transformer for Large Language
                  Models},
  journal      = {CoRR},
  volume       = {abs/2307.08621},
  year         = {2023},
  url          = {https://doi.org/10.48550/arXiv.2307.08621},
  doi          = {10.48550/ARXIV.2307.08621},
  eprinttype    = {arXiv},
  eprint       = {2307.08621},
  timestamp    = {Tue, 25 Jul 2023 16:04:08 +0200},
  biburl       = {https://dblp.org/rec/journals/corr/abs-2307-08621.bib},
  bibsource    = {dblp computer science bibliography, https://dblp.org}
}

@inproceedings{s4d,
  author       = {Albert Gu and
                  Karan Goel and
                  Christopher R{\'{e}}},
  title        = {Efficiently Modeling Long Sequences with Structured State Spaces},
  booktitle    = {The Tenth International Conference on Learning Representations, {ICLR}
                  2022, Virtual Event, April 25-29, 2022},
  publisher    = {OpenReview.net},
  year         = {2022},
  url          = {https://openreview.net/forum?id=uYLFoz1vlAC},
  timestamp    = {Sat, 20 Aug 2022 01:15:42 +0200},
  biburl       = {https://dblp.org/rec/conf/iclr/GuGR22.bib},
  bibsource    = {dblp computer science bibliography, https://dblp.org}
}

@inproceedings{ssm_pooler,
  author       = {Peng Lu and
                  Suyuchen Wang and
                  Mehdi Rezagholizadeh and
                  Bang Liu and
                  Ivan Kobyzev},
  editor       = {Houda Bouamor and
                  Juan Pino and
                  Kalika Bali},
  title        = {Efficient Classification of Long Documents via State-Space Models},
  booktitle    = {Proceedings of the 2023 Conference on Empirical Methods in Natural
                  Language Processing, {EMNLP} 2023, Singapore, December 6-10, 2023},
  pages        = {6559--6565},
  publisher    = {Association for Computational Linguistics},
  year         = {2023},
  url          = {https://doi.org/10.18653/v1/2023.emnlp-main.404},
  doi          = {10.18653/V1/2023.EMNLP-MAIN.404},
  timestamp    = {Fri, 12 Apr 2024 13:11:53 +0200},
  biburl       = {https://dblp.org/rec/conf/emnlp/LuWRLK23.bib},
  bibsource    = {dblp computer science bibliography, https://dblp.org}
}

@inproceedings{triton,
  author       = {Philippe Tillet and
                  Hsiang{-}Tsung Kung and
                  David D. Cox},
  editor       = {Tim Mattson and
                  Abdullah Muzahid and
                  Armando Solar{-}Lezama},
  title        = {Triton: an intermediate language and compiler for tiled neural network
                  computations},
  booktitle    = {Proceedings of the 3rd {ACM} {SIGPLAN}

@article{uptraining_llm,
  title={Linearizing Large Language Models},
  author={Mercat, Jean and Vasiljevic, Igor and Keh, Sedrick and Arora, Kushal and Dave, Achal and Gaidon, Adrien and Kollar, Thomas},
  journal={arXiv preprint arXiv:2405.06640},
  year={2024}
}

