@inproceedings{hastad1996clique,
  title={Clique is hard to approximate within $n^{1 - \epsilon}$},
  author={H{\aa}stad, Johan},
  booktitle={STOC},
  pages={627--636},
  year={1996},
}

@inproceedings{tsourakakis2015k,
  title={The k-clique densest subgraph problem},
  author={Tsourakakis, Charalampos},
  booktitle={WWW},
  pages={1122--1132},
  year={2015}
}


@article{tatti2019density,
  title={Density-friendly graph decomposition},
  author={Tatti, Nikolaj},
  journal={TKDD},
  volume={13},
  number={5},
  pages={1--29},
  year={2019},
}


@inproceedings{tsourakakis2013denser,
  title={Denser than the densest subgraph: extracting optimal quasi-cliques with quality guarantees},
  author={Tsourakakis, Charalampos and Bonchi, Francesco and Gionis, Aristides and Gullo, Francesco and Tsiarli, Maria},
  booktitle={KDD},
  pages={104--112},
  year={2013}
}

@inproceedings{chlebik2003approximation,
  title={Approximation hardness for small occurrence instances of NP-hard problems},
  author={Chleb{\'\i}k, Miroslav and Chleb{\'\i}kov{\'a}, Janka},
  booktitle={CIAC},
  pages={152--164},
  year={2003},
}

@inproceedings{jethava2015finding,
  title={Finding dense subgraphs in relational graphs},
  author={Jethava, Vinay and Beerenwinkel, Niko},
  booktitle={ECMLPKDD},
  pages={641--654},
  year={2015},
}

@article{semertzidis2019finding,
  title={Finding lasting dense subgraphs},
  author={Semertzidis, Konstantinos and Pitoura, Evaggelia and Terzi, Evimaria and Tsaparas, Panayiotis},
  journal={DMKD},
  volume={33},
  number={5},
  pages={1417--1445},
  year={2019},
  publisher={Springer}
}

@article{goldberg1984finding,
  title={Finding a maximum density subgraph},
  author={Goldberg, Andrew V},
  year={1984},
  publisher={University of California Berkeley}
}

@article{galbrun2016top,
  title={Top-k overlapping densest subgraphs},
  author={Galbrun, Esther and Gionis, Aristides and Tatti, Nikolaj},
  journal={DMKD},
  volume={30},
  number={5},
  pages={1134--1165},
  year={2016},
  publisher={Springer}
}

@inproceedings{balalau2015finding,
  title={Finding subgraphs with maximum total density and limited overlap},
  author={Balalau, Oana Denisa and Bonchi, Francesco and Chan, TH Hubert and Gullo, Francesco and Sozio, Mauro},
  booktitle={WSDM},
  pages={379--388},
  year={2015}
}

@inproceedings{charikar2000greedy,
  title={Greedy approximation algorithms for finding dense components in a graph},
  author={Charikar, Moses},
  booktitle={APPROX},
  pages={84--95},
  year={2000},
}

@misc{charikar_on_finsing_dcs,
  doi = {10.48550/ARXIV.1802.06361},
  url = {https://arxiv.org/abs/1802.06361},
  author = {Charikar, Moses and Naamad, Yonatan and Wu, Jimmy},
  title = {On Finding Dense Common Subgraphs},
  publisher = {arXiv},
  year = {2018},
  copyright = {arXiv.org perpetual, non-exclusive license}
}

@mastersthesis{reinthal2016finding,
  title={Finding the densest common subgraph with linear programming},
  author={Reinthal, Alexander and Andersson, Arvid and Norlander, Erik and St{\aa}llhammar, Philip and Norlin, Sebastian and others},
  type={{B.S.} thesis},
  year={2016}
}

@article{seidman1983network,
  title={Network structure and minimum degree},
  author={Seidman, Stephen B},
  journal={Social networks},
  volume={5},
  number={3},
  pages={269--287},
  year={1983},
  publisher={Elsevier}
}

@article{galimberti2020core,
  title={Core decomposition in multilayer networks: Theory, algorithms, and applications},
  author={Galimberti, Edoardo and Bonchi, Francesco and Gullo, Francesco and Lanciano, Tommaso},
  journal={TKDD},
  volume={14},
  number={1},
  pages={1--40},
  year={2020},
  publisher={ACM New York, NY, USA}
}

@inproceedings{tsantarliotis2015topic,
  title={Topic Detection Using a Critical Term Graph on News-Related Tweets.},
  author={Tsantarliotis, Paraskevas and Pitoura, Evaggelia},
  booktitle={EDBT/ICDT Workshops},
  pages={177--182},
  year={2015}
}

@article{fredman1987fibonacci,
  title={Fibonacci heaps and their uses in improved network optimization algorithms},
  author={Fredman, Michael L and Tarjan, Robert Endre},
  journal={Journal of the ACM (JACM)},
  volume={34},
  number={3},
  pages={596--615},
  year={1987},
  publisher={ACM New York, NY, USA}
}

@inproceedings{viswanath2009evolution,
  title={On the evolution of user interaction in facebook},
  author={Viswanath, Bimal and Mislove, Alan and Cha, Meeyoung and Gummadi, Krishna P},
  booktitle={WOSN},
  pages={37--42},
  year={2009}
}

@article{rozenshtein2020finding,
  title={Finding events in temporal networks: segmentation meets densest subgraph discovery},
  author={Rozenshtein, Polina and Bonchi, Francesco and Gionis, Aristides and Sozio, Mauro and Tatti, Nikolaj},
  journal={KAIS},
  volume={62},
  number={4},
  pages={1611--1639},
  year={2020},
  publisher={Springer}
}

@inproceedings{leskovec2009meme,
  title={Meme-tracking and the dynamics of the news cycle},
  author={Leskovec, Jure and Backstrom, Lars and Kleinberg, Jon},
  booktitle={KDD},
  pages={497--506},
  year={2009}
}

@article{asahiro2000greedily,
  title={Greedily finding a dense subgraph},
  author={Asahiro, Yuichi and Iwama, Kazuo and Tamaki, Hisao and Tokuyama, Takeshi},
  journal={Journal of Algorithms},
  volume={34},
  number={2},
  pages={203--221},
  year={2000},
  publisher={Elsevier}
}
@article{feige2001dense,
  title={The dense k-subgraph problem},
  author={Feige, Uriel and Peleg, David and Kortsarz, Guy},
  journal={Algorithmica},
  volume={29},
  pages={410--421},
  year={2001},
  publisher={Springer}
}

@inproceedings{andersen2009finding,
  title={Finding dense subgraphs with size bounds},
  author={Andersen, Reid and Chellapilla, Kumar},
  booktitle={WAW},
  pages={25--37},
  year={2009},
}

@inproceedings{khuller2009finding,
  title={On finding dense subgraphs},
  author={Khuller, Samir and Saha, Barna},
  booktitle={ICALP},
  pages={597--608},
  year={2009},
}

@article{khot2006ruling,
  title={Ruling out PTAS for graph min-bisection, dense k-subgraph, and bipartite clique},
  author={Khot, Subhash},
  journal={SIAM Journal on Computing},
  volume={36},
  number={4},
  pages={1025--1071},
  year={2006},
  publisher={SIAM}
}

@inproceedings{bhaskara2010detecting,
  title={Detecting high log-densities: an {$O(n^{1/4})$} approximation for densest k-subgraph},
  author={Bhaskara, Aditya and Charikar, Moses and Chlamtac, Eden and Feige, Uriel and Vijayaraghavan, Aravindan},
  booktitle={STOC},
  pages={201--210},
  year={2010}
}

@inproceedings{xiaoxi2009migration,
author = {Du, Xiaoxi and Jin, Ruoming and Ding, Liang and Lee, Victor E. and Thornton, John H.},
title = {Migration Motif: A Spatial-temporal Pattern Mining Approach for Financial Markets},
year = {2009},
pages = {1135--1144},
booktitle = {KDD}
}


@article{fratkin2006motifcut,
  title={MotifCut: regulatory motifs finding with maximum density subgraphs},
  author={Fratkin, Eugene and Naughton, Brian T and Brutlag, Douglas L and Batzoglou, Serafim},
  journal={Bioinformatics},
  volume={22},
  number={14},
  pages={e150--e157},
  year={2006},
  publisher={Oxford University Press}
}

@inproceedings{wickrama2023jaccard,
  title={Jaccard-Constrained Dense Subgraph Discovery},
  author={Wickrama Arachchi, Chamalee and Tatti, Nikolaj},
  booktitle={International Conference on Discovery Science},
  pages={508--522},
  year={2023},
  organization={Springer}
}

@article{lanciano2023survey,
  title={A survey on the densest subgraph problem and its variants},
  author={Lanciano, Tommaso and Miyauchi, Atsushi and Fazzone, Adriano and Bonchi, Francesco},
  journal={arXiv preprint arXiv:2303.14467},
  year={2023}
}

@article{dinkelbach1967nonlinear,
  title={On nonlinear fractional programming},
  author={Dinkelbach, Werner},
  journal={Management science},
  volume={13},
  number={7},
  pages={492--498},
  year={1967},
  publisher={INFORMS}
}

@Book{Schrijver1998,
  author    = {Schrijver, Alexander},
  publisher = {John Wiley \& Sons},
  title     = {Theory of Linear Integer Programming},
  year      = {1998},
  isbn      = {0471982326},
  month     = jun,
  ean       = {9780471982326},
  pagetotal = {484}
}

@article{reis2023subspace,
  title={The subspace flatness conjecture and faster integer programming},
  author={Reis, Victor and Rothvoss, Thomas},
  journal={arXiv preprint arXiv:2303.14605},
  year={2023}
}

@inproceedings{miyauchi2023densestdiverse,
author = {Miyauchi, Atsushi and Chen, Tianyi and Sotiropoulos, Konstantinos and Tsourakakis, Charalampos E.},
title = {Densest Diverse Subgraphs: How to Plan a Successful Cocktail Party with Diversity},
booktitle = {KDD},
year = 2023
}

@article{oettershagen2024finding,
  title={Finding Densest Subgraphs with Edge-Color Constraints},
  author={Oettershagen, Lutz and Wang, Honglian and Gionis, Aristides},
  journal={arXiv preprint arXiv:2402.09124},
  year={2024}
}

@inproceedings{ahmadian2019clustering,
  title={Clustering without over-representation},
  author={Ahmadian, Sara and Epasto, Alessandro and Kumar, Ravi and Mahdian, Mohammad},
  booktitle={KDD},
  pages={267--275},
  year={2019}
}
@article{liberti2019undecidability,
  title={Undecidability and hardness in mixed-integer nonlinear programming},
  author={Liberti, Leo},
  journal={RAIRO-Operations Research},
  volume={53},
  number={1},
  pages={81--109},
  year={2019},
  publisher={EDP Sciences}
}

@inproceedings{anagnostopoulos2020spectral,
  title={Spectral relaxations and fair densest subgraphs},
  author={Anagnostopoulos, Aris and Becchetti, Luca and Fazzone, Adriano and Menghini, Cristina and Schwiegelshohn, Chris},
  booktitle={CIKM},
  pages={35--44},
  year={2020}
}

@inproceedings{mehrabi2019debiasing,
  title={Debiasing community detection: the importance of lowly connected nodes},
  author={Mehrabi, Ninareh and Morstatter, Fred and Peng, Nanyun and Galstyan, Aram},
  booktitle={ASONAM},
  pages={509--512},
  year={2019}
}

@article{mehrabi2021survey,
  title={A survey on bias and fairness in machine learning},
  author={Mehrabi, Ninareh and Morstatter, Fred and Saxena, Nripsuta and Lerman, Kristina and Galstyan, Aram},
  journal={ACM computing surveys (CSUR)},
  volume={54},
  number={6},
  pages={1--35},
  year={2021},
  publisher={ACM New York, NY, USA}
}

@article{arachchi2023jaccard,
  title={Jaccard-constrained dense subgraph discovery},
  author={Arachchi, Chamalee Wickrama and Tatti, Nikolaj},
  journal={arXiv preprint arXiv:2308.15936},
  year={2023}
}