_@InProceedings{Hamborg2017,
  author     = {Hamborg, Felix and Meuschke, Norman and Breitinger, Corinna and Gipp, Bela},
  title      = {news-please: A Generic News Crawler and Extractor},
  year       = {2017},
  booktitle  = {Proceedings of the 15th International Symposium of Information Science},
  location   = {Berlin},
  doi        = {10.5281/zenodo.4120316},
  pages      = {218--223},
  month      = {March}
}

@inproceedings{abadi2016deep,
  title={Deep learning with differential privacy},
  author={Abadi, Martin and Chu, Andy and Goodfellow, Ian and McMahan, H Brendan and Mironov, Ilya and Talwar, Kunal and Zhang, Li},
  booktitle={Proceedings of the 2016 ACM SIGSAC conference on computer and communications security},
  pages={308--318},
  year={2016}
}

@article{li2022does,
  title={When does differentially private learning not suffer in high dimensions?},
  author={Li, Xuechen and Liu, Daogao and Hashimoto, Tatsunori B and Inan, Huseyin A and Kulkarni, Janardhan and Lee, Yin-Tat and Guha Thakurta, Abhradeep},
  journal={Advances in Neural Information Processing Systems},
  volume={35},
  pages={28616--28630},
  year={2022}
}

@inproceedings{carlini2021extracting,
  title={Extracting training data from large language models},
  author={Carlini, Nicholas and Tramer, Florian and Wallace, Eric and Jagielski, Matthew and Herbert-Voss, Ariel and Lee, Katherine and Roberts, Adam and Brown, Tom and Song, Dawn and Erlingsson, Ulfar and others},
  booktitle={30th USENIX Security Symposium (USENIX Security 21)},
  pages={2633--2650},
  year={2021}
}

@ONLINE{wikidump,
    author = "Wikimedia Foundation",
    title  = "Wikimedia Downloads",
    url    = "https://dumps.wikimedia.org"
}

@misc{kaplan2020scalinglaws,
      title={Scaling Laws for Neural Language Models}, 
      author={Jared Kaplan and Sam McCandlish and Tom Henighan and Tom B. Brown and Benjamin Chess and Rewon Child and Scott Gray and Alec Radford and Jeffrey Wu and Dario Amodei},
      year={2020},
      eprint={2001.08361},
      archivePrefix={arXiv},
      primaryClass={cs.LG},
      url={https://arxiv.org/abs/2001.08361}, 
}

@inproceedings{lmsfewshot,
 author = {OpenAI},
 editor = {H. Larochelle and M. Ranzato and R. Hadsell and M.F. Balcan and H. Lin},
 pages = {1877--1901},
 publisher = {Curran Associates, Inc.},
 title = {Language Models are Few-Shot Learners},
 url = {https://proceedings.neurips.cc/paper_files/paper/2020/file/1457c0d6bfcb4967418bfb8ac142f64a-Paper.pdf},
 volume = {33},
 year = {2020}
}

@article{gpt2radford,
  title={Language Models are Unsupervised Multitask Learners},
  author={Radford, Alec and Wu, Jeff and Child, Rewon and Luan, David and Amodei, Dario and Sutskever, Ilya},
  year={2019}
}

@inproceedings{pythia,
author = {Biderman, Stella and Schoelkopf, Hailey and Anthony, Quentin and Bradley, Herbie and O'Brien, Kyle and Hallahan, Eric and Khan, Mohammad Aflah and Purohit, Shivanshu and Prashanth, USVSN Sai and Raff, Edward and Skowron, Aviya and Sutawika, Lintang and Van Der Wal, Oskar},
title = {Pythia: a suite for analyzing large language models across training and scaling},
year = {2023},
booktitle = {Proceedings of the 40th International Conference on Machine Learning},
articleno = {102},
numpages = {34},
location = {Honolulu, Hawaii, USA},
series = {ICML'23}
}

@misc{llama2touvron2023,
      title={Llama 2: Open Foundation and Fine-Tuned Chat Models}, 
      author={Hugo Touvron and Louis Martin et al.},
      year={2023},
      eprint={2307.09288},
      archivePrefix={arXiv},
      primaryClass={cs.CL},
      url={https://arxiv.org/abs/2307.09288}, 
}

@inproceedings{
hans2024be,
title={Be like a Goldfish, Don't Memorize! Mitigating Memorization in Generative {LLM}s},
author={Abhimanyu Hans and John Kirchenbauer and Yuxin Wen and Neel Jain and Hamid Kazemi and Prajwal Singhania and Siddharth Singh and Gowthami Somepalli and Jonas Geiping and Abhinav Bhatele and Tom Goldstein},
booktitle={The Thirty-eighth Annual Conference on Neural Information Processing Systems},
year={2024},
url={https://openreview.net/forum?id=DylSyAfmWs}
}

@inproceedings{precurious,
author = {Liu, Ruixuan and Wang, Tianhao and Cao, Yang and Xiong, Li},
title = {PreCurious: How Innocent Pre-Trained Language Models Turn into Privacy Traps},
year = {2024},
isbn = {9798400706363},
publisher = {Association for Computing Machinery},
address = {New York, NY, USA},
url = {https://doi.org/10.1145/3658644.3690279},
doi = {10.1145/3658644.3690279},
booktitle = {Proceedings of the 2024 on ACM SIGSAC Conference on Computer and Communications Security},
pages = {3511â€“3524},
numpages = {14},
keywords = {language model, pre-training, privacy attack},
location = {Salt Lake City, UT, USA},
series = {CCS '24}
}


@inproceedings{
lin2024not,
title={Not All Tokens Are What You Need for Pretraining},
author={Zhenghao Lin and Zhibin Gou and Yeyun Gong and Xiao Liu and yelong shen and Ruochen Xu and Chen Lin and Yujiu Yang and Jian Jiao and Nan Duan and Weizhu Chen},
booktitle={The Thirty-eighth Annual Conference on Neural Information Processing Systems},
year={2024},
url={https://openreview.net/forum?id=0NMzBwqaAJ}
}


@InProceedings{2022PrioritizedTraining,
  title = 	 {Prioritized Training on Points that are Learnable, Worth Learning, and not yet Learnt},
  author =       {Mindermann, S{\"o}ren and Brauner, Jan M and Razzak, Muhammed T and Sharma, Mrinank and Kirsch, Andreas and Xu, Winnie and H{\"o}ltgen, Benedikt and Gomez, Aidan N and Morisot, Adrien and Farquhar, Sebastian and Gal, Yarin},
  booktitle = 	 {Proceedings of the 39th International Conference on Machine Learning},
  pages = 	 {15630--15649},
  year = 	 {2022},
  editor = 	 {Chaudhuri, Kamalika and Jegelka, Stefanie and Song, Le and Szepesvari, Csaba and Niu, Gang and Sabato, Sivan},
  url = 	 {https://proceedings.mlr.press/v162/mindermann22a.html}
}

@inproceedings{
xie2023doremi,
title={DoReMi: Optimizing Data Mixtures Speeds Up Language Model Pretraining},
author={Sang Michael Xie and Hieu Pham and Xuanyi Dong and Nan Du and Hanxiao Liu and Yifeng Lu and Percy Liang and Quoc V Le and Tengyu Ma and Adams Wei Yu},
booktitle={Thirty-seventh Conference on Neural Information Processing Systems},
year={2023},
url={https://openreview.net/forum?id=lXuByUeHhd}
}

@article{bu2023zero,
  title={Zero redundancy distributed learning with differential privacy},
  author={Bu, Zhiqi and Chiu, Justin and Liu, Ruixuan and Zha, Sheng and Karypis, George},
  booktitle={ICLR 2023 Workshop on Pitfalls of limited data and computation for Trustworthy ML},
  journal={arXiv preprint arXiv:2311.11822},
  year={2023}
}

@misc{bu2023groupwise,
      title={On the accuracy and efficiency of group-wise clipping in differentially private optimization}, 
      author={Zhiqi Bu and Ruixuan Liu and Yu-Xiang Wang and Sheng Zha and George Karypis},
      year={2023},
      eprint={2310.19215},
      archivePrefix={arXiv},
      primaryClass={cs.LG},
      url={https://arxiv.org/abs/2310.19215}, 
}

@article{llmevalsurvey,
author = {Chang, Yupeng and Wang, Xu and Wang, Jindong and Wu, Yuan and Yang, Linyi and Zhu, Kaijie and Chen, Hao and Yi, Xiaoyuan and Wang, Cunxiang and Wang, Yidong and Ye, Wei and Zhang, Yue and Chang, Yi and Yu, Philip S. and Yang, Qiang and Xie, Xing},
title = {A Survey on Evaluation of Large Language Models},
year = {2024},
issue_date = {June 2024},
publisher = {Association for Computing Machinery},
address = {New York, NY, USA},
volume = {15},
number = {3},
issn = {2157-6904},
url = {https://doi.org/10.1145/3641289},
doi = {10.1145/3641289},
journal = {ACM Trans. Intell. Syst. Technol.},
month = mar,
articleno = {39},
numpages = {45},
keywords = {Large language models, evaluation, model assessment, benchmark}
}

@misc{li2024privacyllms,
      title={Privacy in Large Language Models: Attacks, Defenses and Future Directions}, 
      author={Haoran Li and Yulin Chen and Jinglong Luo and Jiecong Wang and Hao Peng and Yan Kang and Xiaojin Zhang and Qi Hu and Chunkit Chan and Zenglin Xu and Bryan Hooi and Yangqiu Song},
      year={2024},
      eprint={2310.10383},
      archivePrefix={arXiv},
      primaryClass={cs.CL},
      url={https://arxiv.org/abs/2310.10383}, 
}

@INPROCEEDINGS {MIAShokri2017,
author = { Shokri, Reza and Stronati, Marco and Song, Congzheng and Shmatikov, Vitaly },
booktitle = { 2017 IEEE Symposium on Security and Privacy (SP) },
title = {{ Membership Inference Attacks Against Machine Learning Models }},
year = {2017},
volume = {},
ISSN = {2375-1207},
pages = {3-18},
doi = {10.1109/SP.2017.41},
url = {https://doi.ieeecomputersociety.org/10.1109/SP.2017.41},
publisher = {IEEE Computer Society},
address = {Los Alamitos, CA, USA},
month =May}

@article{YAO2024100211,
title = {A survey on large language model (LLM) security and privacy: The Good, The Bad, and The Ugly},
journal = {High-Confidence Computing},
volume = {4},
number = {2},
pages = {100211},
year = {2024},
issn = {2667-2952},
doi = {https://doi.org/10.1016/j.hcc.2024.100211},
url = {https://www.sciencedirect.com/science/article/pii/S266729522400014X},
author = {Yifan Yao and Jinhao Duan and Kaidi Xu and Yuanfang Cai and Zhibo Sun and Yue Zhang},
keywords = {Large Language Model (LLM), LLM security, LLM privacy, ChatGPT, LLM attacks, LLM vulnerabilities},
}

@article{miasurvey,
author = {Hu, Hongsheng and Salcic, Zoran and Sun, Lichao and Dobbie, Gillian and Yu, Philip S. and Zhang, Xuyun},
title = {Membership Inference Attacks on Machine Learning: A Survey},
year = {2022},
issue_date = {January 2022},
publisher = {Association for Computing Machinery},
address = {New York, NY, USA},
volume = {54},
number = {11s},
issn = {0360-0300},
url = {https://doi.org/10.1145/3523273},
doi = {10.1145/3523273},
journal = {ACM Comput. Surv.},
month = sep,
articleno = {235},
numpages = {37},
keywords = {Membership inference attacks, deep leaning, privacy risk, differential privacy}
}


@misc{du2024privacyft,
      title={Privacy in Fine-tuning Large Language Models: Attacks, Defenses, and Future Directions}, 
      author={Hao Du and Shang Liu and Lele Zheng and Yang Cao and Atsuyoshi Nakamura and Lei Chen},
      year={2024},
      eprint={2412.16504},
      archivePrefix={arXiv},
      primaryClass={cs.AI},
      url={https://arxiv.org/abs/2412.16504}, 
}

@inproceedings{neighbourattack,
    title = "Membership Inference Attacks against Language Models via Neighbourhood Comparison",
    author = "Mattern, Justus  and
      Mireshghallah, Fatemehsadat  and
      Jin, Zhijing  and
      Schoelkopf, Bernhard  and
      Sachan, Mrinmaya  and
      Berg-Kirkpatrick, Taylor",
    editor = "Rogers, Anna  and
      Boyd-Graber, Jordan  and
      Okazaki, Naoaki",
    booktitle = "Findings of the Association for Computational Linguistics: ACL 2023",
    month = jul,
    year = "2023",
    address = "Toronto, Canada",
    publisher = "Association for Computational Linguistics",
    url = "https://aclanthology.org/2023.findings-acl.719/",
    doi = "10.18653/v1/2023.findings-acl.719",
    pages = "11330--11343",
}

@misc{zhao2024sllms,
      title={A Survey of Large Language Models}, 
      author={Wayne Xin Zhao and Kun Zhou and Junyi Li and Tianyi Tang and Xiaolei Wang and Yupeng Hou and Yingqian Min and Beichen Zhang and Junjie Zhang and Zican Dong and Yifan Du and Chen Yang and Yushuo Chen and Zhipeng Chen and Jinhao Jiang and Ruiyang Ren and Yifan Li and Xinyu Tang and Zikang Liu and Peiyu Liu and Jian-Yun Nie and Ji-Rong Wen},
      year={2024},
      eprint={2303.18223},
      archivePrefix={arXiv},
      primaryClass={cs.CL},
      url={https://arxiv.org/abs/2303.18223}, 
}

@inproceedings{
shi2024detecting,
title={Detecting Pretraining Data from Large Language Models},
author={Weijia Shi and Anirudh Ajith and Mengzhou Xia and Yangsibo Huang and Daogao Liu and Terra Blevins and Danqi Chen and Luke Zettlemoyer},
booktitle={The Twelfth International Conference on Learning Representations},
year={2024},
url={https://openreview.net/forum?id=zWqr3MQuNs}
}

@inproceedings{
  zhang2025mink,
  title={Min-K\%++: Improved Baseline for Pre-Training Data Detection from Large Language Models},
  author={Jingyang Zhang and Jingwei Sun and Eric Yeats and Yang Ouyang and Martin Kuo and Jianyi Zhang and Hao Frank Yang and Hai Li},
  booktitle={The Thirteenth International Conference on Learning Representations},
  year={2025},
  url={https://openreview.net/forum?id=ZGkfoufDaU}
}


@inproceedings {Carlini2020ExtractingTD,
author = {Nicholas Carlini and Florian Tram{\`e}r and Eric Wallace and Matthew Jagielski and Ariel Herbert-Voss and Katherine Lee and Adam Roberts and Tom Brown and Dawn Song and {\'U}lfar Erlingsson and Alina Oprea and Colin Raffel},
title = {Extracting Training Data from Large Language Models},
booktitle = {30th USENIX Security Symposium (USENIX Security 21)},
year = {2021},
isbn = {978-1-939133-24-3},
pages = {2633--2650},
url = {https://www.usenix.org/conference/usenixsecurity21/presentation/carlini-extracting},
publisher = {USENIX Association},
month = aug
}

@inproceedings{
fu2024membership,
title={Membership Inference Attacks against Fine-tuned Large Language Models via Self-prompt Calibration},
author={Wenjie Fu and Huandong Wang and Chen Gao and Guanghua Liu and Yong Li and Tao Jiang},
booktitle={The Thirty-eighth Annual Conference on Neural Information Processing Systems},
year={2024},
url={https://openreview.net/forum?id=PAWQvrForJ}
}

@inproceedings{carlini2019secret,
author = {Carlini, Nicholas and Liu, Chang and Erlingsson, \'{U}lfar and Kos, Jernej and Song, Dawn},
title = {The secret sharer: evaluating and testing unintended memorization in neural networks},
year = {2019},
isbn = {9781939133069},
publisher = {USENIX Association},
address = {USA},
booktitle = {Proceedings of the 28th USENIX Conference on Security Symposium},
pages = {267â€“284},
numpages = {18},
location = {Santa Clara, CA, USA},
series = {SEC'19}
}

@inproceedings{
carlini2023quantifying,
title={Quantifying Memorization Across Neural Language Models},
author={Nicholas Carlini and Daphne Ippolito and Matthew Jagielski and Katherine Lee and Florian Tramer and Chiyuan Zhang},
booktitle={The Eleventh International Conference on Learning Representations },
year={2023},
url={https://openreview.net/forum?id=TatRHT_1cK}
}

@inproceedings{
schwarzschild2024rethinking,
title={Rethinking {LLM} Memorization through the Lens of Adversarial Compression},
author={Avi Schwarzschild and Zhili Feng and Pratyush Maini and Zachary Chase Lipton and J Zico Kolter},
booktitle={The Thirty-eighth Annual Conference on Neural Information Processing Systems},
year={2024},
url={https://openreview.net/forum?id=KFmRMvzAZy}
}

@inproceedings{
nasr2025scalable,
title={Scalable Extraction of Training Data from Aligned, Production Language Models},
author={Milad Nasr and Javier Rando and Nicholas Carlini and Jonathan Hayase and Matthew Jagielski and A. Feder Cooper and Daphne Ippolito and Christopher A. Choquette-Choo and Florian Tram{\`e}r and Katherine Lee},
booktitle={The Thirteenth International Conference on Learning Representations},
year={2025},
url={https://openreview.net/forum?id=vjel3nWP2a}
}

@inproceedings{duan2024membership,
  title={Do Membership Inference Attacks Work on Large Language Models?}, 
  author={Michael Duan and Anshuman Suri and Niloofar Mireshghallah and Sewon Min and Weijia Shi and Luke Zettlemoyer and Yulia Tsvetkov and Yejin Choi and David Evans and Hannaneh Hajishirzi},
  year={2024},
  booktitle={Conference on Language Modeling (COLM)},
}

@inproceedings{
yu2022differentially,
title={Differentially Private Fine-tuning of Language Models},
author={Da Yu and Saurabh Naik and Arturs Backurs and Sivakanth Gopi and Huseyin A Inan and Gautam Kamath and Janardhan Kulkarni and Yin Tat Lee and Andre Manoel and Lukas Wutschitz and Sergey Yekhanin and Huishuai Zhang},
booktitle={International Conference on Learning Representations},
year={2022},
url={https://openreview.net/forum?id=Q42f0dfjECO}
}

@INPROCEEDINGS {10179300,
author = { Lukas, Nils and Salem, Ahmed and Sim, Robert and Tople, Shruti and Wutschitz, Lukas and Zanella-Beguelin, Santiago },
booktitle = { 2023 IEEE Symposium on Security and Privacy (SP) },
title = {{ Analyzing Leakage of Personally Identifiable Information in Language Models }},
year = {2023},
pages = {346-363},
doi = {10.1109/SP46215.2023.10179300},
month =May}

@inproceedings{shi2022just,
  title={Just Fine-tune Twice: Selective Differential Privacy for Large Language Models},
  author={Shi, Weiyan and Shea, Ryan and Chen, Si and Zhang, Chiyuan and Jia, Ruoxi and Yu, Zhou},
  booktitle={Proceedings of the 2022 Conference on Empirical Methods in Natural Language Processing},
  pages={6296--6311},
  year={2022},
  organization={Association for Computational Linguistics}
}


@misc{p2022textanonymbench,
      title={The Text Anonymization Benchmark (TAB): A Dedicated Corpus and Evaluation Framework for Text Anonymization}, 
      author={IldikÃ³ PilÃ¡n and Pierre Lison and Lilja Ã˜vrelid and Anthi Papadopoulou and David SÃ¡nchez and Montserrat Batet},
      year={2022},
      eprint={2202.00443},
      archivePrefix={arXiv},
      primaryClass={cs.CL},
      url={https://arxiv.org/abs/2202.00443}, 
}

@article{llmpbe,
author = {Li, Qinbin and Hong, Junyuan and Xie, Chulin and Tan, Jeffrey and Xin, Rachel and Hou, Junyi and Yin, Xavier and Wang, Zhun and Hendrycks, Dan and Wang, Zhangyang and Li, Bo and He, Bingsheng and Song, Dawn},
title = {LLM-PBE: Assessing Data Privacy in Large Language Models},
year = {2024},
issue_date = {July 2024},
publisher = {VLDB Endowment},
volume = {17},
number = {11},
issn = {2150-8097},
doi = {10.14778/3681954.3681994},
journal = {Proc. VLDB Endow.},
month = jul,
pages = {3201â€“3214},
numpages = {14}
}

@misc{liu2024exp,
      title={ExpShield: Safeguarding Web Text from Unauthorized Crawling and Language Modeling Exploitation}, 
      author={Ruixuan Liu and Toan Tran and Tianhao Wang and Hongsheng Hu and Shuo Wang and Li Xiong},
      year={2024},
      eprint={2412.21123},
      archivePrefix={arXiv},
      primaryClass={cs.CR},
      url={https://arxiv.org/abs/2412.21123}, 
}

@inproceedings{
li2022large,
title={Large Language Models Can Be Strong Differentially Private Learners},
author={Xuechen Li and Florian Tramer and Percy Liang and Tatsunori Hashimoto},
booktitle={International Conference on Learning Representations},
year={2022},
url={https://openreview.net/forum?id=bVuP3ltATMz}
}

@misc{lowy2024dptheo,
      title={Why Does Differential Privacy with Large Epsilon Defend Against Practical Membership Inference Attacks?}, 
      author={Andrew Lowy and Zhuohang Li and Jing Liu and Toshiaki Koike-Akino and Kieran Parsons and Ye Wang},
      year={2024},
      eprint={2402.09540},
      archivePrefix={arXiv},
      primaryClass={cs.CR},
      url={https://arxiv.org/abs/2402.09540}, 
}

@inproceedings{kandpal2022deduplicating,
  title={Deduplicating Training Data Mitigates Privacy Risks in Language Models},
  author={Kandpal, Nikhil and Wallace, Eric and Raffel, Colin},
  booktitle={International Conference on Machine Learning},
  pages={10697--10707},
  year={2022},
  organization={PMLR}
}

@misc{puerto2025smia,
      title={Scaling Up Membership Inference: When and How Attacks Succeed on Large Language Models}, 
      author={Haritz Puerto and Martin Gubri and Sangdoo Yun and Seong Joon Oh},
      year={2025},
      eprint={2411.00154},
      archivePrefix={arXiv},
      primaryClass={cs.CL},
      url={https://arxiv.org/abs/2411.00154}, 
}

@inproceedings {272134,
author = {Liwei Song and Prateek Mittal},
title = {Systematic Evaluation of Privacy Risks of Machine Learning Models},
booktitle = {30th USENIX Security Symposium (USENIX Security 21)},
year = {2021},
isbn = {978-1-939133-24-3},
pages = {2615--2632},
url = {https://www.usenix.org/conference/usenixsecurity21/presentation/song},
publisher = {USENIX Association},
month = aug
}

@article{dropout,
  author  = {Nitish Srivastava and Geoffrey Hinton and Alex Krizhevsky and Ilya Sutskever and Ruslan Salakhutdinov},
  title   = {Dropout: A Simple Way to Prevent Neural Networks from Overfitting},
  journal = {Journal of Machine Learning Research},
  year    = {2014},
  volume  = {15},
  number  = {56},
  pages   = {1929--1958},
  url     = {http://jmlr.org/papers/v15/srivastava14a.html}
}

@inproceedings{
tirumala2022memorization,
title={Memorization Without Overfitting:  Analyzing the Training Dynamics of Large Language Models},
author={Kushal Tirumala and Aram H. Markosyan and Luke Zettlemoyer and Armen Aghajanyan},
booktitle={Advances in Neural Information Processing Systems},
editor={Alice H. Oh and Alekh Agarwal and Danielle Belgrave and Kyunghyun Cho},
year={2022},
url={https://openreview.net/forum?id=u3vEuRr08MT}
}

@inproceedings{lee2022deduplicating,
  title={Deduplicating Training Data Makes Language Models Better},
  author={Lee, Katherine and Ippolito, Daphne and Nystrom, Andrew and Zhang, Chiyuan and Eck, Douglas and Callison-Burch, Chris and Carlini, Nicholas},
  booktitle={Proceedings of the 60th Annual Meeting of the Association for Computational Linguistics (Volume 1: Long Papers)},
  pages={8424--8445},
  year={2022},
  organization={Association for Computational Linguistics}
}

@inproceedings {280000,
author = {Xinyu Tang and Saeed Mahloujifar and Liwei Song and Virat Shejwalkar and Milad Nasr and Amir Houmansadr and Prateek Mittal},
title = {Mitigating Membership Inference Attacks by {Self-Distillation} Through a Novel Ensemble Architecture},
booktitle = {31st USENIX Security Symposium (USENIX Security 22)},
year = {2022},
isbn = {978-1-939133-31-1},
address = {Boston, MA},
pages = {1433--1450},
url = {https://www.usenix.org/conference/usenixsecurity22/presentation/tang},
publisher = {USENIX Association},
month = aug
}

@inproceedings{Miladadvereg,
author = {Nasr, Milad and Shokri, Reza and Houmansadr, Amir},
title = {Machine Learning with Membership Privacy using Adversarial Regularization},
year = {2018},
isbn = {9781450356930},
publisher = {Association for Computing Machinery},
address = {New York, NY, USA},
url = {https://doi.org/10.1145/3243734.3243855},
doi = {10.1145/3243734.3243855},
booktitle = {Proceedings of the 2018 ACM SIGSAC Conference on Computer and Communications Security},
pages = {634â€“646},
numpages = {13},
keywords = {adversarial process, data privacy, indistinguishability, inference attacks, machine learning, membership privacy, min-max game},
location = {Toronto, Canada},
series = {CCS '18}
}

@INPROCEEDINGS {8429311,
author = { Yeom, Samuel and Giacomelli, Irene and Fredrikson, Matt and Jha, Somesh },
booktitle = { 2018 IEEE 31st Computer Security Foundations Symposium (CSF) },
title = {{ Privacy Risk in Machine Learning: Analyzing the Connection to Overfitting }},
year = {2018},
volume = {},
ISSN = {2374-8303},
pages = {268-282},
keywords = {Privacy;Machine learning algorithms;Data models;Training data;Machine learning;Training},
doi = {10.1109/CSF.2018.00027},
url = {https://doi.ieeecomputersociety.org/10.1109/CSF.2018.00027},
publisher = {IEEE Computer Society},
address = {Los Alamitos, CA, USA},
month =Jul}

@inproceedings{nasr2019comprehensive,
  title={Comprehensive Privacy Analysis of Deep Learning: Passive and Active White-box Inference Attacks against Centralized and Federated Learning},
  author={Nasr, Milad and Shokri, Reza and Houmansadr, Amir},
  booktitle={2019 IEEE Symposium on Security and Privacy (SP)},
  pages={739--753},
  year={2019},
  organization={IEEE}
}

@inproceedings{
bu2024pretraining,
title={Pre-training Differentially Private Models with Limited Public Data},
author={Zhiqi Bu and Xinwei Zhang and Sheng Zha and Mingyi Hong and George Karypis},
booktitle={The Thirty-eighth Annual Conference on Neural Information Processing Systems},
year={2024},
url={https://openreview.net/forum?id=GQrk0WGNiC}
}

@inproceedings{
hu2022lora,
title={Lo{RA}: Low-Rank Adaptation of Large Language Models},
author={Edward J Hu and Yelong Shen and Phillip Wallis and Zeyuan Allen-Zhu and Yuanzhi Li and Shean Wang and Lu Wang and Weizhu Chen},
booktitle={International Conference on Learning Representations},
year={2022},
url={https://openreview.net/forum?id=nZeVKeeFYf9}
}

@inproceedings{li-etal-2024-one,
    title = "One-Shot Learning as Instruction Data Prospector for Large Language Models",
    author = "Li, Yunshui  and
      Hui, Binyuan  and
      Xia, Xiaobo  and
      Yang, Jiaxi  and
      Yang, Min  and
      Zhang, Lei  and
      Si, Shuzheng  and
      Chen, Ling-Hao  and
      Liu, Junhao  and
      Liu, Tongliang  and
      Huang, Fei  and
      Li, Yongbin",
    booktitle = "Proceedings of the 62nd Annual Meeting of the Association for Computational Linguistics (Volume 1: Long Papers)",
    month = aug,
    year = "2024",
    publisher = "Association for Computational Linguistics",
    doi = "10.18653/v1/2024.acl-long.252",
}

@inproceedings{
kang2024get,
title={Get more for less: Principled Data Selection for Warming Up Fine-Tuning in {LLM}s},
author={Feiyang Kang and Hoang Anh Just and Yifan Sun and Himanshu Jahagirdar and Yuanzhi Zhang and Rongxing Du and Anit Kumar Sahu and Ruoxi Jia},
booktitle={The Twelfth International Conference on Learning Representations},
year={2024},
url={https://openreview.net/forum?id=QmYNBVukex}
}

@inproceedings{
Coleman2020Selection,
title={Selection via Proxy: Efficient Data Selection for Deep Learning},
author={Cody Coleman and Christopher Yeh and Stephen Mussmann and Baharan Mirzasoleiman and Peter Bailis and Percy Liang and Jure Leskovec and Matei Zaharia},
booktitle={International Conference on Learning Representations},
year={2020},
url={https://openreview.net/forum?id=HJg2b0VYDr}
}

@misc{loshchilov2016o,
      title={Online Batch Selection for Faster Training of Neural Networks}, 
      author={Ilya Loshchilov and Frank Hutter},
      year={2016},
      eprint={1511.06343},
      archivePrefix={arXiv},
      primaryClass={cs.LG},
      url={https://arxiv.org/abs/1511.06343}, 
}

@inproceedings{Angelosonl,
  title={Not All Samples Are Created Equal: Deep Learning with Importance Sampling},
  author={Katharopoulos, Angelos and Fleuret, Fran{\c{c}}ois},
  booktitle={Proceedings of the 35th International Conference on Machine Learning},
  pages={2525--2534},
  year={2018},
  organization={PMLR}
}


@InProceedings{pmlr-v108-kawaguchi20a,
  title = 	 {Ordered SGD: A New Stochastic Optimization Framework for Empirical Risk Minimization},
  author =       {Kawaguchi, Kenji and Lu, Haihao},
  booktitle = 	 {Proceedings of the Twenty Third International Conference on Artificial Intelligence and Statistics},
  pages = 	 {669--679},
  year = 	 {2020},
  editor = 	 {Chiappa, Silvia and Calandra, Roberto},
  volume = 	 {108},
  series = 	 {Proceedings of Machine Learning Research},
  month = 	 {26--28 Aug},
  publisher =    {PMLR},
}

@inproceedings{
kaddour2023no,
title={No Train No Gain: Revisiting Efficient Training Algorithms For Transformer-based Language Models},
author={Jean Kaddour and Oscar Key and Piotr Nawrot and Pasquale Minervini and Matt Kusner},
booktitle={Thirty-seventh Conference on Neural Information Processing Systems},
year={2023},
url={https://openreview.net/forum?id=thbXgJ8gNK}
}

@inproceedings{
bu2023automatic,
title={Automatic Clipping: Differentially Private Deep Learning Made Easier and Stronger},
author={Zhiqi Bu and Yu-Xiang Wang and Sheng Zha and George Karypis},
booktitle={Thirty-seventh Conference on Neural Information Processing Systems},
year={2023},
url={https://openreview.net/forum?id=e8i7OaPj0q}
}

@inproceedings{mixclipping,
author = {Bu, Zhiqi and Wang, Yu-Xiang and Zha, Sheng and Karypis, George},
title = {Differentially private optimization on large model at small cost},
year = {2023},
publisher = {JMLR.org},
booktitle = {Proceedings of the 40th International Conference on Machine Learning},
articleno = {130},
numpages = {27},
location = {Honolulu, Hawaii, USA},
series = {ICML'23}
}

@inproceedings{
tramr2024position,
title={Position: Considerations for Differentially Private Learning with Large-Scale Public Pretraining},
author={Florian Tram{\`e}r and Gautam Kamath and Nicholas Carlini},
booktitle={Forty-first International Conference on Machine Learning},
year={2024},
url={https://openreview.net/forum?id=ncjhi4qAPV}
}

@misc{amit2024sok,
      title={SoK: Reducing the Vulnerability of Fine-tuned Language Models to Membership Inference Attacks}, 
      author={Guy Amit and Abigail Goldsteen and Ariel Farkash},
      year={2024},
      eprint={2403.08481},
      archivePrefix={arXiv},
      primaryClass={cs.LG},
      url={https://arxiv.org/abs/2403.08481}, 
}