@inproceedings{andrew2013deep,
  title={Deep canonical correlation analysis},
  author={Andrew, Galen and Arora, Raman and Bilmes, Jeff and Livescu, Karen},
  booktitle={International conference on machine learning},
  pages={1247--1255},
  year={2013},
  organization={PMLR}
}

@article{bachman2019learning,
  title={Learning representations by maximizing mutual information across views},
  author={Bachman, Philip and Hjelm, R Devon and Buchwalter, William},
  journal={Advances in neural information processing systems},
  volume={32},
  year={2019}
}

@article{f2c,
  title={Information-theoretic state space model for multi-view reinforcement learning},
  author={Hwang, HyeongJoo and Seo, Seokin and Jang, Youngsoo and Kim, Sungyoon and Kim, Geon-Hyeong and Hong, Seunghoon and Kim, Kee-Eung},
  year={2023}
}

@inproceedings{feng2014cross,
  title={Cross-modal retrieval with correspondence autoencoder},
  author={Feng, Fangxiang and Wang, Xiaojie and Li, Ruifan},
  booktitle={Proceedings of the 22nd ACM international conference on Multimedia},
  pages={7--16},
  year={2014}
}

@article{frome2013devise,
  title={Devise: A deep visual-semantic embedding model},
  author={Frome, Andrea and Corrado, Greg S and Shlens, Jon and Bengio, Samy and Dean, Jeff and Ranzato, Marc'Aurelio and Mikolov, Tomas},
  journal={Advances in neural information processing systems},
  volume={26},
  year={2013}
}

@article{geng2022multimodal,
  title={Multimodal masked autoencoders learn transferable representations},
  author={Geng, Xinyang and Liu, Hao and Lee, Lisa and Schuurmans, Dale and Levine, Sergey and Abbeel, Pieter},
  journal={arXiv preprint arXiv:2205.14204},
  year={2022}
}

@inproceedings{karpathy2015deep,
  title={Deep visual-semantic alignments for generating image descriptions},
  author={Karpathy, Andrej and Fei-Fei, Li},
  booktitle={Proceedings of the IEEE conference on computer vision and pattern recognition},
  pages={3128--3137},
  year={2015}
}

@inproceedings{keypoint,
  title={Unsupervised learning of visual 3d keypoints for control},
  author={Chen, Boyuan and Abbeel, Pieter and Pathak, Deepak},
  booktitle={International Conference on Machine Learning},
  pages={1539--1549},
  year={2021},
  organization={PMLR}
}

@inproceedings{li2003multimedia,
  title={Multimedia content processing through cross-modal association},
  author={Li, Dongge and Dimitrova, Nevenka and Li, Mingkun and Sethi, Ishwar K},
  booktitle={Proceedings of the eleventh ACM international conference on Multimedia},
  pages={604--611},
  year={2003}
}

@article{li2018survey,
  title={A survey of multi-view representation learning},
  author={Li, Yingming and Yang, Ming and Zhang, Zhongfei},
  journal={IEEE transactions on knowledge and data engineering},
  volume={31},
  number={10},
  pages={1863--1883},
  year={2018},
  publisher={IEEE}
}

@article{lookcloser,
  title={Look closer: Bridging egocentric and third-person views with transformers for robotic manipulation},
  author={Jangir, Rishabh and Hansen, Nicklas and Ghosal, Sambaran and Jain, Mohit and Wang, Xiaolong},
  journal={IEEE Robotics and Automation Letters},
  volume={7},
  number={2},
  pages={3046--3053},
  year={2022},
  publisher={IEEE}
}

@article{mvd,
  title={Multi-view Disentanglement for Reinforcement Learning with Multiple Cameras},
  author={Dunion, Mhairi and Albrecht, Stefano V},
  journal={arXiv preprint arXiv:2404.14064},
  year={2024}
}

@inproceedings{mvmwm,
  title={Multi-view masked world models for visual robotic manipulation},
  author={Seo, Younggyo and Kim, Junsu and James, Stephen and Lee, Kimin and Shin, Jinwoo and Abbeel, Pieter},
  booktitle={International Conference on Machine Learning},
  pages={30613--30632},
  year={2023},
  organization={PMLR}
}

@article{mvrl,
  title={Multi-view reinforcement learning},
  author={Li, Minne and Wu, Lisheng and Wang, Jun and Bou Ammar, Haitham},
  journal={Advances in neural information processing systems},
  volume={32},
  year={2019}
}

@article{xie2020joint,
  title={Joint deep multi-view learning for image clustering},
  author={Xie, Yuan and Lin, Bingqian and Qu, Yanyun and Li, Cuihua and Zhang, Wensheng and Ma, Lizhuang and Wen, Yonggang and Tao, Dacheng},
  journal={IEEE Transactions on Knowledge and Data Engineering},
  volume={33},
  number={11},
  pages={3594--3606},
  year={2020},
  publisher={IEEE}
}

