@article{moitra2023global,
  title={Global mental health: Where we are and where we are going},
  author={Moitra, Modhurima and Owens, Shanise and Hailemariam, Maji and Wilson, Katherine S and Mensa-Kwao, Augustina and Gonese, Gloria and Kamamia, Christine K and White, Belinda and Young, Dorraine M and Collins, Pamela Y},
  journal={Current psychiatry reports},
  volume={25},
  number={7},
  pages={301--311},
  year={2023},
  publisher={Springer}
}

@article{duruz2003recherche,
  title={La recherche en psychoth{\'e}rapie: impact sur la clinique et sur la formation},
  author={Duruz, N and De Roten, Y and Pomini, V and Despland, JN},
  journal={M{\'e}decine et hygi{\`e}ne},
  pages={1760--1765},
  year={2003},
  publisher={EDITIONS MEDECINE ET HYGIENE}
}

@book{beck1979cognitive,
  title={Cognitive therapy and the emotional disorders},
  author={Beck, Aaron T},
  year={1979},
  publisher={Penguin}
}

@article{lynch2007dialectical,
  title={Dialectical behavior therapy for borderline personality disorder},
  author={Lynch, Thomas R and Trost, William T and Salsman, Nicholas and Linehan, Marsha M},
  journal={Annu. Rev. Clin. Psychol.},
  volume={3},
  number={1},
  pages={181--205},
  year={2007},
  publisher={Annual Reviews}
}

@misc{minaee2024largelanguagemodelssurvey,
      title={Large Language Models: A Survey}, 
      author={Shervin Minaee and Tomas Mikolov and Narjes Nikzad and Meysam Chenaghlu and Richard Socher and Xavier Amatriain and Jianfeng Gao},
      year={2024},
      eprint={2402.06196},
      archivePrefix={arXiv},
      primaryClass={cs.CL},
      url={https://arxiv.org/abs/2402.06196}, 
}

@misc{liang2024encouragingdivergentthinkinglarge,
      title={Encouraging Divergent Thinking in Large Language Models through Multi-Agent Debate}, 
      author={Tian Liang and Zhiwei He and Wenxiang Jiao and Xing Wang and Yan Wang and Rui Wang and Yujiu Yang and Shuming Shi and Zhaopeng Tu},
      year={2024},
      eprint={2305.19118},
      archivePrefix={arXiv},
      primaryClass={cs.CL},
      url={https://arxiv.org/abs/2305.19118}, 
}

@misc{zhao2024surveylargelanguagemodels,
      title={A Survey of Large Language Models}, 
      author={Wayne Xin Zhao and Kun Zhou and Junyi Li and Tianyi Tang and Xiaolei Wang and Yupeng Hou and Yingqian Min and Beichen Zhang and Junjie Zhang and Zican Dong and Yifan Du and Chen Yang and Yushuo Chen and Zhipeng Chen and Jinhao Jiang and Ruiyang Ren and Yifan Li and Xinyu Tang and Zikang Liu and Peiyu Liu and Jian-Yun Nie and Ji-Rong Wen},
      year={2024},
      eprint={2303.18223},
      archivePrefix={arXiv},
      primaryClass={cs.CL},
      url={https://arxiv.org/abs/2303.18223}, 
}

@article{X2025Learning,
  title={Learning to Plan \& Reason for Evaluation with Thinking-LLM-as-a-Judge},
  author={Li, X., Ghazvininejad},
  journal={arXiv preprint arXiv:2501.18099},
  year={2025}
}

@inproceedings{huang-chang-2023-towards,
    title = "Towards Reasoning in Large Language Models: A Survey",
    author = "Huang, Jie  and
      Chang, Kevin Chen-Chuan",
    editor = "Rogers, Anna  and
      Boyd-Graber, Jordan  and
      Okazaki, Naoaki",
    booktitle = "Findings of the Association for Computational Linguistics: ACL 2023",
    month = jul,
    year = "2023",
    address = "Toronto, Canada",
    publisher = "Association for Computational Linguistics",
    doi = "10.18653/v1/2023.findings-acl.67",
    pages = "1049--1065",
}

@inproceedings{wang-etal-2024-rolellm,
    title = "{R}ole{LLM}: Benchmarking, Eliciting, and Enhancing Role-Playing Abilities of Large Language Models",
    author = "Wang, Noah  and
      Peng, Z.y.  and
      Que, Haoran  and
      Liu, Jiaheng  and
      Zhou, Wangchunshu  and
      Wu, Yuhan  and
      Guo, Hongcheng  and
      Gan, Ruitong  and
      Ni, Zehao  and
      Yang, Jian  and
      Zhang, Man  and
      Zhang, Zhaoxiang  and
      Ouyang, Wanli  and
      Xu, Ke  and
      Huang, Wenhao  and
      Fu, Jie  and
      Peng, Junran",
    editor = "Ku, Lun-Wei  and
      Martins, Andre  and
      Srikumar, Vivek",
    booktitle = "Findings of the Association for Computational Linguistics: ACL 2024",
    month = aug,
    year = "2024",
    address = "Bangkok, Thailand",
    publisher = "Association for Computational Linguistics",
    url = "https://aclanthology.org/2024.findings-acl.878/",
    doi = "10.18653/v1/2024.findings-acl.878",
    pages = "14743--14777",
}

@inproceedings{park2023generative,
  title={Generative agents: Interactive simulacra of human behavior},
  author={Park, Joon Sung and O'Brien, Joseph and Cai, Carrie Jun and Morris, Meredith Ringel and Liang, Percy and Bernstein, Michael S},
  booktitle={Proceedings of the 36th annual acm symposium on user interface software and technology},
  pages={1--22},
  year={2023}
}

@article{hu2024psycollm,
  title={Psycollm: Enhancing llm for psychological understanding and evaluation},
  author={Hu, Jinpeng and Dong, Tengteng and Gang, Luo and Ma, Hui and Zou, Peng and Sun, Xiao and Guo, Dan and Yang, Xun and Wang, Meng},
  journal={IEEE Transactions on Computational Social Systems},
  year={2024},
  publisher={IEEE}
}

@article{obradovich2024opportunities,
  title={Opportunities and risks of large language models in psychiatry},
  author={Obradovich, Nick and Khalsa, Sahib S and Khan, Waqas U and Suh, Jina and Perlis, Roy H and Ajilore, Olusola and Paulus, Martin P},
  journal={NPPâ€”Digital Psychiatry and Neuroscience},
  volume={2},
  number={1},
  pages={8},
  year={2024},
  publisher={Springer International Publishing Cham}
}

@article{bhatia2022cognitive,
  title={Cognitive modeling with representations from large-scale digital data},
  author={Bhatia, Sudeep and Aka, Ada},
  journal={Current Directions in Psychological Science},
  volume={31},
  number={3},
  pages={207--214},
  year={2022},
  publisher={Sage Publications Sage CA: Los Angeles, CA}
}

@article{iftikhar2024therapy,
  title={Therapy as an NLP Task: Psychologists' Comparison of LLMs and Human Peers in CBT},
  author={Iftikhar, Zainab and Ransom, Sean and Xiao, Amy and Huang, Jeff},
  journal={arXiv preprint arXiv:2409.02244},
  year={2024}
}

@article{guo2024large,
  title={Large language models for mental health applications: Systematic review},
  author={Guo, Zhijun and Lai, Alvina and Thygesen, Johan H and Farrington, Joseph and Keen, Thomas and Li, Kezhi and others},
  journal={JMIR mental health},
  volume={11},
  number={1},
  pages={e57400},
  year={2024},
  publisher={JMIR Publications Inc., Toronto, Canada}
}


@article{volkmer2024large,
  title={Large Language Models in Psychiatry: Opportunities and Challenges},
  author={Volkmer, Sebastian and Meyer-Lindenberg, Andreas and Schwarz, Emanuel},
  journal={Psychiatry Research},
  pages={116026},
  year={2024},
  publisher={Elsevier}
}

@inproceedings{sanu2024limitations,
  title={Limitations of Large Language Models},
  author={Sanu, Erin and Keerthi Amudaa, T and Bhat, Prasiddha and Dinesh, Guduru and Chate, Apoorva Uday Kumar and P, Ramakanth Kumar},
  booktitle={2024 8th International Conference on Computational System and Information Technology for Sustainable Solutions (CSITSS)},
  pages={},
  year={2024},
  organization={IEEE},
  address={},
  doi={10.1109/CSITSS64042.2024.10817070},
  url={https://ieeexplore.ieee.org/stamp/stamp.jsp?tp=&arnumber=10817070}
}

@misc{guo2024largelanguagemodelbased,
      title={Large Language Model based Multi-Agents: A Survey of Progress and Challenges}, 
      author={Taicheng Guo and Xiuying Chen and Yaqi Wang and Ruidi Chang and Shichao Pei and Nitesh V. Chawla and Olaf Wiest and Xiangliang Zhang},
      year={2024},
      eprint={2402.01680},
      archivePrefix={arXiv},
      primaryClass={cs.CL},
      url={https://arxiv.org/abs/2402.01680}, 
}

@article{guo2024multi,
  title={Multi-Agent, Human-Agent and Beyond: A Survey on Cooperation in Social Dilemmas},
  author={Guo, Hao and Mu, Chunjiang and Chen, Yang and Shen, Chen and Hu, Shuyue and Wang, Zhen},
  journal={arXiv preprint arXiv:2402.17270},
  year={2024}
}

@inproceedings{rocha2023applying,
  title={Applying theory of mind to multi-agent systems: A systematic review},
  author={Rocha, Michele and da Silva, Heitor Henrique and Morales, Anal{\'u}cia Schiaffino and Sarkadi, Stefan and Panisson, Alison R},
  booktitle={Brazilian Conference on Intelligent Systems},
  pages={367--381},
  year={2023},
  organization={Springer}
}

@article{xu2025autocbt,
  title={AutoCBT: An Autonomous Multi-agent Framework for Cognitive Behavioral Therapy in Psychological Counseling},
  author={Xu, Ancheng and Yang, Di and Li, Renhao and Zhu, Jingwei and Tan, Minghuan and Yang, Min and Qiu, Wanxin and Ma, Mingchen and Wu, Haihong and Li, Bingyu and others},
  journal={arXiv preprint arXiv:2501.09426},
  year={2025}
}

@article{halim2023individualized,
  title={Individualized Virtual Reality for Increasing Self-Compassion: Evaluation Study},
  author={Halim, Ilona and Stemmet, Lehan and Hach, Sylvia and Porter, Richard and Liang, Hai-Ning and Vaezipour, Atiyeh and Henry, Julie D and Baghaei, Nilufar},
  journal={JMIR Mental Health},
  volume={10},
  pages={e47617},
  year={2023},
  publisher={JMIR Publications Toronto, Canada}
}

@article{hidding2024single,
  title={A single-session VR intervention addressing self-compassion and self-criticism with and without perspective change: Results of a randomized controlled experiment},
  author={Hidding, Marit and Veling, Wim and Pijnenborg, Gerdina HM and van der Stouwe, Elisabeth CD},
  journal={Behaviour Research and Therapy},
  volume={173},
  pages={104466},
  year={2024},
  publisher={Elsevier}
}

@inproceedings{dollinger2024virtual,
  title={Virtual Body Swapping: A VR-Based Approach to Embodied Third-Person Self-Processing in Mind-Body Therapy},
  author={D{\"o}llinger, Nina and Mal, David and Keppler, Sebastian and Wolf, Erik and Botsch, Mario and Israel, Johann Habakuk and Latoschik, Marc Erich and Wienrich, Carolin},
  booktitle={Proceedings of the CHI Conference on Human Factors in Computing Systems},
  pages={1--18},
  year={2024}
}

@article{wei2022chain,
  title={Chain-of-thought prompting elicits reasoning in large language models},
  author={Wei, Jason and Wang, Xuezhi and Schuurmans, Dale and Bosma, Maarten and Xia, Fei and Chi, Ed and Le, Quoc V and Zhou, Denny and others},
  journal={Advances in neural information processing systems},
  volume={35},
  pages={24824--24837},
  year={2022}
}

@article{zhou2023recurrentgpt,
  title={Recurrentgpt: Interactive generation of (arbitrarily) long text},
  author={Zhou, Wangchunshu and Jiang, Yuchen Eleanor and Cui, Peng and Wang, Tiannan and Xiao, Zhenxin and Hou, Yifan and Cotterell, Ryan and Sachan, Mrinmaya},
  journal={arXiv preprint arXiv:2305.13304},
  year={2023}
}

@article{hua2024large,
  title={Large language models in mental health care: a scoping review},
  author={Hua, Yining and Liu, Fenglin and Yang, Kailai and Li, Zehan and Na, Hongbin and Sheu, Yi-han and Zhou, Peilin and Moran, Lauren V and Ananiadou, Sophia and Beam, Andrew and others},
  journal={arXiv preprint arXiv:2401.02984},
  year={2024}
}

@inproceedings{kumaran2023scenecraft,
  title={Scenecraft: Automating interactive narrative scene generation in digital games with large language models},
  author={Kumaran, Vikram and Rowe, Jonathan and Mott, Bradford and Lester, James},
  booktitle={Proceedings of the AAAI Conference on Artificial Intelligence and Interactive Digital Entertainment},
  volume={19},
  number={1},
  pages={86--96},
  year={2023}
}

@article{jennett2008measuring,
  title={Measuring and defining the experience of immersion in games},
  author={Jennett, Charlene and Cox, Anna L and Cairns, Paul and Dhoparee, Samira and Epps, Andrew and Tijs, Tim and Walton, Alison},
  journal={International journal of human-computer studies},
  volume={66},
  number={9},
  pages={641--661},
  year={2008},
  publisher={Elsevier}
}

@book{ryan2015narrative,
  title={Narrative as virtual reality 2: Revisiting immersion and interactivity in literature and electronic media},
  author={Ryan, Marie-Laure},
  year={2015},
  publisher={JHU press}
}

@inproceedings{nacke2011towards,
  title={Towards a framework of player experience research},
  author={Nacke, Lennart and Drachen, Anders},
  booktitle={Proceedings of the second international workshop on evaluating player experience in games at FDG},
  volume={11},
  year={2011}
}

@article{johri2025evaluation,
  title={An evaluation framework for clinical use of large language models in patient interaction tasks},
  author={Johri, Shreya and Jeong, Jaehwan and Tran, Benjamin A. and Schlessinger, Daniel I. and Wongvibulsin, Shannon and Barnes, Leandra A. and Zhou, Hong-Yu and Cai, Zhuo Ran and Van Allen, Eliezer M. and Kim, David and Daneshjou, Roxana and Rajpurkar, Pranav},
  journal={Nature Medicine},
  year={2025},
  publisher={Springer Nature},
  doi={10.1038/s41591-024-03328-5}
}

@inproceedings{wang2023c2d2,
  title={C2D2 Dataset: A Resource for the Cognitive Distortion Analysis and Its Impact on Mental Health},
  author={Wang, Bichen and Deng, Pengfei and Zhao, Yanyan and Qin, Bing},
  booktitle={Findings of the Association for Computational Linguistics: EMNLP 2023},
  pages={10149--10160},
  year={2023}
}

@misc{qwen2025qwen25technicalreport,
      title={Qwen2.5 Technical Report}, 
      author={Qwen and : and An Yang and Baosong Yang and Beichen Zhang and Binyuan Hui and Bo Zheng and Bowen Yu and Chengyuan Li and Dayiheng Liu and Fei Huang and Haoran Wei and Huan Lin and Jian Yang and Jianhong Tu and Jianwei Zhang and Jianxin Yang and Jiaxi Yang and Jingren Zhou and Junyang Lin and Kai Dang and Keming Lu and Keqin Bao and Kexin Yang and Le Yu and Mei Li and Mingfeng Xue and Pei Zhang and Qin Zhu and Rui Men and Runji Lin and Tianhao Li and Tianyi Tang and Tingyu Xia and Xingzhang Ren and Xuancheng Ren and Yang Fan and Yang Su and Yichang Zhang and Yu Wan and Yuqiong Liu and Zeyu Cui and Zhenru Zhang and Zihan Qiu},
      year={2025},
      eprint={2412.15115},
      archivePrefix={arXiv},
      primaryClass={cs.CL},
      url={https://arxiv.org/abs/2412.15115}, 
}

@misc{openai2024gpt4ocard,
      title={GPT-4o System Card}, 
      author={OpenAI and : and Aaron Hurst and Adam Lerer and Adam P. Goucher and Adam Perelman and Aditya Ramesh and Aidan Clark and AJ Ostrow and Akila Welihinda and Alan Hayes and Alec Radford and Aleksander MÄ…dry and Alex Baker-Whitcomb and Alex Beutel and Alex Borzunov and Alex Carney and Alex Chow and Alex Kirillov and Alex Nichol and Alex Paino and Alex Renzin et.al},
      year={2024},
      eprint={2410.21276},
      archivePrefix={arXiv},
      primaryClass={cs.CL},
      url={https://arxiv.org/abs/2410.21276}, 
}

@misc{ye2023comprehensivecapabilityanalysisgpt3,
      title={A Comprehensive Capability Analysis of GPT-3 and GPT-3.5 Series Models}, 
      author={Junjie Ye and Xuanting Chen and Nuo Xu and Can Zu and Zekai Shao and Shichun Liu and Yuhan Cui and Zeyang Zhou and Chao Gong and Yang Shen and Jie Zhou and Siming Chen and Tao Gui and Qi Zhang and Xuanjing Huang},
      year={2023},
      eprint={2303.10420},
      archivePrefix={arXiv},
      primaryClass={cs.CL},
      url={https://arxiv.org/abs/2303.10420}, 
}

@misc{grattafiori2024llama3herdmodels,
      title={The Llama 3 Herd of Models}, 
      author={Aaron Grattafiori and Abhimanyu Dubey and Abhinav Jauhri and Abhinav Pandey and Abhishek Kadian and Ahmad Al-Dahle and Aiesha Letman and Akhil Mathur and Alan Schelten and Alex Vaughan and Amy Yang and Angela Fan and Anirudh Goyal and Anthony Hartshorn and Aobo Yang and Archi Mitra and Archie Sravankumar and Artem Korenev and Arthur Hinsvark and Arun Rao and Aston Zhang and Aurelien Rodriguez and Austen Gregerson et.al},
      year={2024},
      eprint={2407.21783},
      archivePrefix={arXiv},
      primaryClass={cs.AI},
      url={https://arxiv.org/abs/2407.21783}, 
}

@online{gemini_url,
  title        = {Google DeepMind: Gemini 2.0 Flash-Lite},
  organization = {Google},
  year={2025},
  url          = {https://deepmind.google/technologies/gemini/flash-lite/},
}

@misc{deepseekai2025deepseekr1incentivizingreasoningcapability,
      title={DeepSeek-R1: Incentivizing Reasoning Capability in LLMs via Reinforcement Learning}, 
      author={DeepSeek-AI and Daya Guo and Dejian Yang and Haowei Zhang and Junxiao Song and Ruoyu Zhang and Runxin Xu and Qihao Zhu and Shirong Ma and Peiyi Wang and Xiao Bi and Xiaokang Zhang and Xingkai Yu and Yu Wu and Z. F. Wu and Zhibin Gou and Zhihong Shao and Zhuoshu Li and Ziyi Gao and Aixin Liu and Bing Xue and Bingxuan Wang and Bochao Wu and Bei Feng and Chengda Lu et.al},
      year={2025},
      eprint={2501.12948},
      archivePrefix={arXiv},
      primaryClass={cs.CL},
      url={https://arxiv.org/abs/2501.12948}, 
}

@article{durante2024agent,
  title={Agent ai: Surveying the horizons of multimodal interaction},
  author={Durante, Zane and Huang, Qiuyuan and Wake, Naoki and Gong, Ran and Park, Jae Sung and Sarkar, Bidipta and Taori, Rohan and Noda, Yusuke and Terzopoulos, Demetri and Choi, Yejin and others},
  journal={arXiv preprint arXiv:2401.03568},
  year={2024}
}

@article{wang2024survey,
  title={A survey on large language model based autonomous agents},
  author={Wang, Lei and Ma, Chen and Feng, Xueyang and Zhang, Zeyu and Yang, Hao and Zhang, Jingsen and Chen, Zhiyuan and Tang, Jiakai and Chen, Xu and Lin, Yankai and others},
  journal={Frontiers of Computer Science},
  volume={18},
  number={6},
  pages={186345},
  year={2024},
  publisher={Springer}
}

@article{yao2022react,
  title={React: Synergizing reasoning and acting in language models},
  author={Yao, Shunyu and Zhao, Jeffrey and Yu, Dian and Du, Nan and Shafran, Izhak and Narasimhan, Karthik and Cao, Yuan},
  journal={arXiv preprint arXiv:2210.03629},
  year={2022}
}

@article{yang2023auto,
  title={Auto-gpt for online decision making: Benchmarks and additional opinions},
  author={Yang, Hui and Yue, Sifu and He, Yunzhong},
  journal={arXiv preprint arXiv:2306.02224},
  year={2023}
}

@article{shen2024hugginggpt,
  title={Hugginggpt: Solving ai tasks with chatgpt and its friends in hugging face},
  author={Shen, Yongliang and Song, Kaitao and Tan, Xu and Li, Dongsheng and Lu, Weiming and Zhuang, Yueting},
  journal={Advances in Neural Information Processing Systems},
  volume={36},
  year={2024}
}

@article{hong2023metagpt,
  title={Metagpt: Meta programming for multi-agent collaborative framework},
  author={Hong, Sirui and Zheng, Xiawu and Chen, Jonathan and Cheng, Yuheng and Wang, Jinlin and Zhang, Ceyao and Wang, Zili and Yau, Steven Ka Shing and Lin, Zijuan and Zhou, Liyang and others},
  journal={arXiv preprint arXiv:2308.00352},
  year={2023}
}

@article{wu2023autogen,
  title={Autogen: Enabling next-gen llm applications via multi-agent conversation framework},
  author={Wu, Qingyun and Bansal, Gagan and Zhang, Jieyu and Wu, Yiran and Zhang, Shaokun and Zhu, Erkang and Li, Beibin and Jiang, Li and Zhang, Xiaoyun and Wang, Chi},
  journal={arXiv preprint arXiv:2308.08155},
  year={2023}
}

@article{li2023camel,
  title={Camel: Communicative agents for" mind" exploration of large language model society},
  author={Li, Guohao and Hammoud, Hasan and Itani, Hani and Khizbullin, Dmitrii and Ghanem, Bernard},
  journal={Advances in Neural Information Processing Systems},
  volume={36},
  pages={51991--52008},
  year={2023}
}

@inproceedings{chen2023agentverse,
  title={Agentverse: Facilitating multi-agent collaboration and exploring emergent behaviors},
  author={Chen, Weize and Su, Yusheng and Zuo, Jingwei and Yang, Cheng and Yuan, Chenfei and Chan, Chi-Min and Yu, Heyang and Lu, Yaxi and Hung, Yi-Hsin and Qian, Chen and others},
  booktitle={The Twelfth International Conference on Learning Representations},
  year={2023}
}


@article{qiu2023smile,
  title={Smile: Single-turn to multi-turn inclusive language expansion via chatgpt for mental health support},
  author={Qiu, Huachuan and He, Hongliang and Zhang, Shuai and Li, Anqi and Lan, Zhenzhong},
  journal={arXiv preprint arXiv:2305.00450},
  year={2023}
}

@inproceedings{chen2023soulchat,
  title={Soulchat: Improving llmsâ€™ empathy, listening, and comfort abilities through fine-tuning with multi-turn empathy conversations},
  author={Chen, Yirong and Xing, Xiaofen and Lin, Jingkai and Zheng, Huimin and Wang, Zhenyu and Liu, Qi and Xu, Xiangmin},
  booktitle={Findings of the Association for Computational Linguistics: EMNLP 2023},
  pages={1170--1183},
  year={2023}
}

@misc{MindChat, 
  author={Xin Yan, Dong Xue*}, 
  title = {MindChat: Psychological Large Language Model}, 
  year = {2023}, 
  publisher = {GitHub}, 
  journal = {GitHub repository}, 
  howpublished = {\url{https://github.com/X-D-Lab/MindChat}}, 
}