@misc{MindChat, 
  author={Xin Yan, Dong Xue*}, 
  title = {MindChat: Psychological Large Language Model}, 
  year = {2023}, 
  publisher = {GitHub}, 
  journal = {GitHub repository}, 
  howpublished = {\url{https://github.com/X-D-Lab/MindChat}}, 
}

@inproceedings{chen2023agentverse,
  title={Agentverse: Facilitating multi-agent collaboration and exploring emergent behaviors},
  author={Chen, Weize and Su, Yusheng and Zuo, Jingwei and Yang, Cheng and Yuan, Chenfei and Chan, Chi-Min and Yu, Heyang and Lu, Yaxi and Hung, Yi-Hsin and Qian, Chen and others},
  booktitle={The Twelfth International Conference on Learning Representations},
  year={2023}
}

@inproceedings{chen2023soulchat,
  title={Soulchat: Improving llmsâ€™ empathy, listening, and comfort abilities through fine-tuning with multi-turn empathy conversations},
  author={Chen, Yirong and Xing, Xiaofen and Lin, Jingkai and Zheng, Huimin and Wang, Zhenyu and Liu, Qi and Xu, Xiangmin},
  booktitle={Findings of the Association for Computational Linguistics: EMNLP 2023},
  pages={1170--1183},
  year={2023}
}

@article{durante2024agent,
  title={Agent ai: Surveying the horizons of multimodal interaction},
  author={Durante, Zane and Huang, Qiuyuan and Wake, Naoki and Gong, Ran and Park, Jae Sung and Sarkar, Bidipta and Taori, Rohan and Noda, Yusuke and Terzopoulos, Demetri and Choi, Yejin and others},
  journal={arXiv preprint arXiv:2401.03568},
  year={2024}
}

@article{hong2023metagpt,
  title={Metagpt: Meta programming for multi-agent collaborative framework},
  author={Hong, Sirui and Zheng, Xiawu and Chen, Jonathan and Cheng, Yuheng and Wang, Jinlin and Zhang, Ceyao and Wang, Zili and Yau, Steven Ka Shing and Lin, Zijuan and Zhou, Liyang and others},
  journal={arXiv preprint arXiv:2308.00352},
  year={2023}
}

@article{hua2024large,
  title={Large language models in mental health care: a scoping review},
  author={Hua, Yining and Liu, Fenglin and Yang, Kailai and Li, Zehan and Na, Hongbin and Sheu, Yi-han and Zhou, Peilin and Moran, Lauren V and Ananiadou, Sophia and Beam, Andrew and others},
  journal={arXiv preprint arXiv:2401.02984},
  year={2024}
}

@article{li2023camel,
  title={Camel: Communicative agents for" mind" exploration of large language model society},
  author={Li, Guohao and Hammoud, Hasan and Itani, Hani and Khizbullin, Dmitrii and Ghanem, Bernard},
  journal={Advances in Neural Information Processing Systems},
  volume={36},
  pages={51991--52008},
  year={2023}
}

@misc{liang2024encouragingdivergentthinkinglarge,
      title={Encouraging Divergent Thinking in Large Language Models through Multi-Agent Debate}, 
      author={Tian Liang and Zhiwei He and Wenxiang Jiao and Xing Wang and Yan Wang and Rui Wang and Yujiu Yang and Shuming Shi and Zhaopeng Tu},
      year={2024},
      eprint={2305.19118},
      archivePrefix={arXiv},
      primaryClass={cs.CL},
      url={https://arxiv.org/abs/2305.19118}, 
}

@article{qiu2023smile,
  title={Smile: Single-turn to multi-turn inclusive language expansion via chatgpt for mental health support},
  author={Qiu, Huachuan and He, Hongliang and Zhang, Shuai and Li, Anqi and Lan, Zhenzhong},
  journal={arXiv preprint arXiv:2305.00450},
  year={2023}
}

@article{shen2024hugginggpt,
  title={Hugginggpt: Solving ai tasks with chatgpt and its friends in hugging face},
  author={Shen, Yongliang and Song, Kaitao and Tan, Xu and Li, Dongsheng and Lu, Weiming and Zhuang, Yueting},
  journal={Advances in Neural Information Processing Systems},
  volume={36},
  year={2024}
}

@article{wang2024survey,
  title={A survey on large language model based autonomous agents},
  author={Wang, Lei and Ma, Chen and Feng, Xueyang and Zhang, Zeyu and Yang, Hao and Zhang, Jingsen and Chen, Zhiyuan and Tang, Jiakai and Chen, Xu and Lin, Yankai and others},
  journal={Frontiers of Computer Science},
  volume={18},
  number={6},
  pages={186345},
  year={2024},
  publisher={Springer}
}

@article{wu2023autogen,
  title={Autogen: Enabling next-gen llm applications via multi-agent conversation framework},
  author={Wu, Qingyun and Bansal, Gagan and Zhang, Jieyu and Wu, Yiran and Zhang, Shaokun and Zhu, Erkang and Li, Beibin and Jiang, Li and Zhang, Xiaoyun and Wang, Chi},
  journal={arXiv preprint arXiv:2308.08155},
  year={2023}
}

@article{yang2023auto,
  title={Auto-gpt for online decision making: Benchmarks and additional opinions},
  author={Yang, Hui and Yue, Sifu and He, Yunzhong},
  journal={arXiv preprint arXiv:2306.02224},
  year={2023}
}

@article{yao2022react,
  title={React: Synergizing reasoning and acting in language models},
  author={Yao, Shunyu and Zhao, Jeffrey and Yu, Dian and Du, Nan and Shafran, Izhak and Narasimhan, Karthik and Cao, Yuan},
  journal={arXiv preprint arXiv:2210.03629},
  year={2022}
}

