@article{karger2024forecastbench,
  title={Forecastbench: A dynamic benchmark of ai forecasting capabilities},
  author={Karger, Ezra and Bastani, Houtan and Yueh-Han, Chen and Jacobs, Zachary and Halawi, Danny and Zhang, Fred and Tetlock, Philip E},
  journal={arXiv preprint arXiv:2409.19839},
  year={2024}
}

@inproceedings{roemmele2011choice,
  title={Choice of plausible alternatives: An evaluation of commonsense causal reasoning},
  author={Roemmele, Melissa and Bejan, Cosmin Adrian and Gordon, Andrew S},
  booktitle={2011 AAAI spring symposium series},
  year={2011}
}

@inproceedings{wang2025openforecast,
  title={OpenForecast: A Large-Scale Open-Ended Event Forecasting Dataset},
  author={Wang, Zhen and Zhou, Xi and Yang, Yating and Ma, Bo and Wang, Lei and Dong, Rui and Anwar, Azmat},
  booktitle={Proceedings of the 31st International Conference on Computational Linguistics},
  pages={5273--5294},
  year={2025}
}

@inproceedings{zellers-etal-2019-hellaswag,
    title = {{{H}ella{S}wag: Can a Machine Really Finish Your Sentence?}},
    author = "Zellers, Rowan  and
      Holtzman, Ari  and
      Bisk, Yonatan  and
      Farhadi, Ali  and
      Choi, Yejin",
    editor = "Korhonen, Anna  and
      Traum, David  and
      M{\`a}rquez, Llu{\'\i}s",
    booktitle = "Proceedings of the 57th Annual Meeting of the Association for Computational Linguistics",
    month = jul,
    year = "2019",
    address = "Florence, Italy",
    publisher = "Association for Computational Linguistics",
    url = "https://aclanthology.org/P19-1472",
    doi = "10.18653/v1/P19-1472",
    pages = "4791--4800",
}

