@article{Edge2024FromLT,
  title={From Local to Global: A Graph RAG Approach to Query-Focused Summarization},
  author={Darren Edge and Ha Trinh and Newman Cheng and Joshua Bradley and Alex Chao and Apurva Mody and Steven Truitt and Jonathan Larson},
  journal={ArXiv},
  year={2024},
  volume={abs/2404.16130},
}

@inproceedings{Jiang2023StructGPTAG,
  title={StructGPT: A General Framework for Large Language Model to Reason over Structured Data},
  author={Jinhao Jiang and Kun Zhou and Zican Dong and Keming Ye and Wayne Xin Zhao and Ji-rong Wen},
  booktitle={Conference on Empirical Methods in Natural Language Processing},
  year={2023},
}

@article{Mavromatis2024GNNRAGGN,
  title={GNN-RAG: Graph Neural Retrieval for Large Language Model Reasoning},
  author={Costas Mavromatis and George Karypis},
  journal={ArXiv},
  year={2024},
  volume={abs/2405.20139},
}

@inproceedings{chen-etal-2017-reading,
    title = "Reading {W}ikipedia to Answer Open-Domain Questions",
    author = "Chen, Danqi  and
      Fisch, Adam  and
      Weston, Jason  and
      Bordes, Antoine",
    editor = "Barzilay, Regina  and
      Kan, Min-Yen",
    booktitle = "Proceedings of the 55th Annual Meeting of the Association for Computational Linguistics",
    month = jul,
    year = "2017",
    address = "Vancouver, Canada",
    publisher = "Association for Computational Linguistics",
    pages = "1870--1879",
}

@article{gao2023chat,
  title={Chat-rec: Towards interactive and explainable llms-augmented recommender system},
  author={Gao, Yunfan and Sheng, Tao and Xiang, Youlin and Xiong, Yun and Wang, Haofen and Zhang, Jiawei},
  journal={arXiv preprint arXiv:2303.14524},
  year={2023}
}

@article{gao2023retrieval,
  title={Retrieval-augmented generation for large language models: A survey},
  author={Gao, Yunfan and Xiong, Yun and Gao, Xinyu and Jia, Kangxiang and Pan, Jinliu and Bi, Yuxi and Dai, Yi and Sun, Jiawei and Wang, Haofen},
  journal={arXiv preprint arXiv:2312.10997},
  year={2023}
}

@article{he2024g,
  title={G-retriever: Retrieval-augmented generation for textual graph understanding and question answering},
  author={He, Xiaoxin and Tian, Yijun and Sun, Yifei and Chawla, Nitesh and Laurent, Thomas and LeCun, Yann and Bresson, Xavier and Hooi, Bryan},
  journal={Advances in Neural Information Processing Systems},
  volume={37},
  pages={132876--132907},
  year={2025}
}

@inproceedings{karpukhin-etal-2020-dense,
    title = "Dense Passage Retrieval for Open-Domain Question Answering",
    author = "Karpukhin, Vladimir  and
      Oguz, Barlas  and
      Min, Sewon  and
      Lewis, Patrick  and
      Wu, Ledell  and
      Edunov, Sergey  and
      Chen, Danqi  and
      Yih, Wen-tau",
    booktitle = "Proceedings of the 2020 Conference on Empirical Methods in Natural Language Processing (EMNLP)",
    year = "2020",
    pages = "6769--6781",
}

@inproceedings{liu2023knowledge,
  title={Knowledge Graph Question Answering with Ambiguous Query},
  author={Liu, Lihui and Chen, Yuzhong and Das, Mahashweta and Yang, Hao and Tong, Hanghang},
  booktitle={Proceedings of the ACM Web Conference 2023},
  year={2023}
}

@inproceedings{mao-etal-2021-generation,
    title = "Generation-Augmented Retrieval for Open-Domain Question Answering",
    author = "Mao, Yuning  and
      He, Pengcheng  and
      Liu, Xiaodong  and
      Shen, Yelong  and
      Gao, Jianfeng  and
      Han, Jiawei  and
      Chen, Weizhu",
    booktitle = "Proceedings of the 59th Annual Meeting of the Association for Computational Linguistics and the 11th International Joint Conference on Natural Language Processing",
    year = "2021",
}

@article{robertson2009probabilistic,
  title={The probabilistic relevance framework: BM25 and beyond},
  author={Robertson, Stephen and Zaragoza, Hugo and others},
  journal={Foundations and Trends{\textregistered} in Information Retrieval},
  volume={3},
  number={4},
  pages={333--389},
  year={2009},
  publisher={Now Publishers, Inc.}
}

@inproceedings{wang2024knowledge,
  title={Knowledge graph prompting for multi-document question answering},
  author={Wang, Yu and Lipka, Nedim and Rossi, Ryan A and Siu, Alexa and Zhang, Ruiyi and Derr, Tyler},
  booktitle={Proceedings of the AAAI Conference on Artificial Intelligence},
  volume={38},
  number={17},
  pages={19206--19214},
  year={2024}
}

@inproceedings{yang2019end,
  title={End-to-End Open-Domain Question Answering with BERTserini},
  author={Yang, Wei and Xie, Yuqing and Lin, Aileen and Li, Xingyu and Tan, Luchen and Xiong, Kun and Li, Ming and Lin, Jimmy},
  booktitle={Proceedings of the 2019 Conference of the North American Chapter of the Association for Computational Linguistics},
  pages={72--77},
  year={2019}
}

@article{yao2023llm,
  title={Llm lies: Hallucinations are not bugs, but features as adversarial examples},
  author={Yao, Jia-Yu and Ning, Kun-Peng and Liu, Zhen-Hui and Ning, Mu-Nan and Yuan, Li},
  journal={arXiv preprint arXiv:2310.01469},
  year={2023}
}

@InProceedings{yasunaga2021qagnn,
  author =  {Michihiro Yasunaga and Hongyu Ren and Antoine Bosselut and Percy Liang and Jure Leskovec},
  title =   {QA-GNN: Reasoning with Language Models and Knowledge Graphs for Question Answering},
  year =    {2021},  
  booktitle = {North American Chapter of the Association for Computational Linguistics},  
}

