@inproceedings{tian2024graph,
  title={Graph neural prompting with large language models},
  author={Tian, Yijun and Song, Huan and Wang, Zichen and Wang, Haozhu and Hu, Ziqing and Wang, Fang and Chawla, Nitesh V and Xu, Panpan},
  booktitle={Proceedings of the AAAI Conference on Artificial Intelligence},
  year={2024}
}


@inproceedings{luo2023reasoning,
  title={Reasoning on Graphs: Faithful and Interpretable Large Language Model Reasoning},
  author={Luo, Linhao and Li, Yuan-Fang and Haf, Reza and Pan, Shirui},
  booktitle={The Twelfth International Conference on Learning Representations}
}

@article{huang2024learning,
  title={Learning to group auxiliary datasets for molecule},
  author={Huang, Tinglin and Hu, Ziniu and Ying, Rex},
  journal={Advances in Neural Information Processing Systems},
  volume={36},
  year={2024}
}


@article{xia2024knowledge,
  title={Knowledge-Aware Query Expansion with Large Language Models for Textual and Relational Retrieval},
  author={Xia, Yu and Wu, Junda and Kim, Sungchul and Yu, Tong and Rossi, Ryan A and Wang, Haoliang and McAuley, Julian},
  journal={arXiv preprint arXiv:2410.13765},
  year={2024}
}


@inproceedings{he2020lightgcn,
  title={Lightgcn: Simplifying and powering graph convolution network for recommendation},
  author={He, Xiangnan and Deng, Kuan and Wang, Xiang and Li, Yan and Zhang, Yongdong and Wang, Meng},
  booktitle={Proceedings of the 43rd International ACM SIGIR conference on research and development in Information Retrieval},
  pages={639--648},
  year={2020}
}


@inproceedings{wu2024stark,
  title={STaRK: Benchmarking LLM Retrieval on Textual and Relational Knowledge Bases},
  author={Wu, Shirley and Zhao, Shiyu and Yasunaga, Michihiro and Huang, Kexin and Cao, Kaidi and Huang, Qian and Ioannidis, Vassilis N and Subbian, Karthik and Zou, James and Leskovec, Jure},
  booktitle={The Thirty-eight Conference on Neural Information Processing Systems Datasets and Benchmarks Track}
}

@inproceedings{wang2024knowledge,
  title={Knowledge graph prompting for multi-document question answering},
  author={Wang, Yu and Lipka, Nedim and Rossi, Ryan A and Siu, Alexa and Zhang, Ruiyi and Derr, Tyler},
  booktitle={Proceedings of the AAAI Conference on Artificial Intelligence},
  volume={38},
  number={17},
  pages={19206--19214},
  year={2024}
}

@inproceedings{you2018graphrnn,
  title={Graphrnn: Generating realistic graphs with deep auto-regressive models},
  author={You, Jiaxuan and Ying, Rex and Ren, Xiang and Hamilton, William and Leskovec, Jure},
  booktitle={International conference on machine learning},
  organization={PMLR}
}

@article{chandak2023building,
  title={Building a knowledge graph to enable precision medicine},
  author={Chandak, Payal and Huang, Kexin and Zitnik, Marinka},
  journal={Scientific Data},
  volume={10},
  number={1},
  pages={67},
  year={2023},
  publisher={Nature Publishing Group UK London}
}

@article{robertson2009probabilistic,
  title={The probabilistic relevance framework: BM25 and beyond},
  author={Robertson, Stephen and Zaragoza, Hugo and others},
  journal={Foundations and Trends{\textregistered} in Information Retrieval},
  volume={3},
  number={4},
  pages={333--389},
  year={2009},
  publisher={Now Publishers, Inc.}
}

@inproceedings{yang2019end,
  title={End-to-End Open-Domain Question Answering with BERTserini},
  author={Yang, Wei and Xie, Yuqing and Lin, Aileen and Li, Xingyu and Tan, Luchen and Xiong, Kun and Li, Ming and Lin, Jimmy},
  booktitle={Proceedings of the 2019 Conference of the North American Chapter of the Association for Computational Linguistics},
  pages={72--77},
  year={2019}
}

@inproceedings{chen-etal-2017-reading,
    title = "Reading {W}ikipedia to Answer Open-Domain Questions",
    author = "Chen, Danqi  and
      Fisch, Adam  and
      Weston, Jason  and
      Bordes, Antoine",
    editor = "Barzilay, Regina  and
      Kan, Min-Yen",
    booktitle = "Proceedings of the 55th Annual Meeting of the Association for Computational Linguistics",
    month = jul,
    year = "2017",
    address = "Vancouver, Canada",
    publisher = "Association for Computational Linguistics",
    pages = "1870--1879",
}


@inproceedings{mao-etal-2021-generation,
    title = "Generation-Augmented Retrieval for Open-Domain Question Answering",
    author = "Mao, Yuning  and
      He, Pengcheng  and
      Liu, Xiaodong  and
      Shen, Yelong  and
      Gao, Jianfeng  and
      Han, Jiawei  and
      Chen, Weizhu",
    booktitle = "Proceedings of the 59th Annual Meeting of the Association for Computational Linguistics and the 11th International Joint Conference on Natural Language Processing",
    year = "2021",
}

@inproceedings{karpukhin-etal-2020-dense,
    title = "Dense Passage Retrieval for Open-Domain Question Answering",
    author = "Karpukhin, Vladimir  and
      Oguz, Barlas  and
      Min, Sewon  and
      Lewis, Patrick  and
      Wu, Ledell  and
      Edunov, Sergey  and
      Chen, Danqi  and
      Yih, Wen-tau",
    booktitle = "Proceedings of the 2020 Conference on Empirical Methods in Natural Language Processing (EMNLP)",
    year = "2020",
    pages = "6769--6781",
}

@inproceedings{xiong2021approximate,
title={Approximate Nearest Neighbor Negative Contrastive Learning for Dense Text Retrieval},
author={Lee Xiong and Chenyan Xiong and Ye Li and Kwok-Fung Tang and Jialin Liu and Paul N. Bennett and Junaid Ahmed and Arnold Overwijk},
booktitle={International Conference on Learning Representations},
year={2021},
}

@InProceedings{yasunaga2021qagnn,
  author =  {Michihiro Yasunaga and Hongyu Ren and Antoine Bosselut and Percy Liang and Jure Leskovec},
  title =   {QA-GNN: Reasoning with Language Models and Knowledge Graphs for Question Answering},
  year =    {2021},  
  booktitle = {North American Chapter of the Association for Computational Linguistics},  
}

@inproceedings{das2018multistep,
title={Multi-step Retriever-Reader Interaction for Scalable Open-domain Question Answering},
author={Rajarshi Das and Shehzaad Dhuliawala and Manzil Zaheer and Andrew McCallum},
booktitle={International Conference on Learning Representations},
year={2019}
}

@inproceedings{khattab2020colbert,
  title={Colbert: Efficient and effective passage search via contextualized late interaction over bert},
  author={Khattab, Omar and Zaharia, Matei},
  booktitle={Proceedings of the 43rd International ACM SIGIR conference on research and development in Information Retrieval},
  pages={39--48},
  year={2020}
}

@article{han2024retrieval,
  title={Retrieval-Augmented Generation with Graphs (GraphRAG)},
  author={Han, Haoyu and Wang, Yu and Shomer, Harry and Guo, Kai and Ding, Jiayuan and Lei, Yongjia and Halappanavar, Mahantesh and Rossi, Ryan A and Mukherjee, Subhabrata and Tang, Xianfeng and others},
  journal={arXiv preprint arXiv:2501.00309},
  year={2024}
}

@inproceedings{Sun2023ThinkonGraphDA,
  title={Think-on-Graph: Deep and Responsible Reasoning of Large Language Model on Knowledge Graph},
  author={Jiashuo Sun and Chengjin Xu and Lumingyuan Tang and Sai Wang and Chen Lin and Yeyun Gong and Lionel M. Ni and Heung-yeung Shum and Jian Guo},
  booktitle={International Conference on Learning Representations},
  year={2023},
}



@inproceedings{Jin2024GraphCA,
  title={Graph Chain-of-Thought: Augmenting Large Language Models by Reasoning on Graphs},
  author={Bowen Jin and Chulin Xie and Jiawei Zhang and Kashob Kumar Roy and Yu Zhang and Suhang Wang and Yu Meng and Jiawei Han},
  booktitle={Annual Meeting of the Association for Computational Linguistics},
  year={2024},
}

@article{peng2024graph,
  title={Graph retrieval-augmented generation: A survey},
  author={Peng, Boci and Zhu, Yun and Liu, Yongchao and Bo, Xiaohe and Shi, Haizhou and Hong, Chuntao and Zhang, Yan and Tang, Siliang},
  journal={arXiv preprint arXiv:2408.08921},
  year={2024}
}


@article{li2024multi,
  title={Multi-Field Adaptive Retrieval},
  author={Li, Millicent and Chen, Tongfei and Van Durme, Benjamin and Xia, Patrick},
  journal={arXiv preprint arXiv:2410.20056},
  year={2024}
}

@article{Taunk2023GrapeQAGA,
  title={GrapeQA: GRaph Augmentation and Pruning to Enhance Question-Answering},
  author={Dhaval Taunk and Lakshya Khanna and Pavan Kandru and Vasudeva Varma and Charu Sharma and Makarand Tapaswi},
  journal={Companion Proceedings of the ACM Web Conference 2023},
  year={2023},
}

@article{Edge2024FromLT,
  title={From Local to Global: A Graph RAG Approach to Query-Focused Summarization},
  author={Darren Edge and Ha Trinh and Newman Cheng and Joshua Bradley and Alex Chao and Apurva Mody and Steven Truitt and Jonathan Larson},
  journal={ArXiv},
  year={2024},
  volume={abs/2404.16130},
}

@inproceedings{Jiang2023StructGPTAG,
  title={StructGPT: A General Framework for Large Language Model to Reason over Structured Data},
  author={Jinhao Jiang and Kun Zhou and Zican Dong and Keming Ye and Wayne Xin Zhao and Ji-rong Wen},
  booktitle={Conference on Empirical Methods in Natural Language Processing},
  year={2023},
}


@inproceedings{Zhang2022GreaseLMGR,
  title={GreaseLM: Graph REASoning Enhanced Language Models},
  author={Zhang, Xikun and Bosselut, Antoine and Yasunaga, Michihiro and Ren, Hongyu and Liang, Percy and Manning, Christopher D and Leskovec, Jure},
  booktitle={International Conference on Learning Representations}
}

@article{Mavromatis2024GNNRAGGN,
  title={GNN-RAG: Graph Neural Retrieval for Large Language Model Reasoning},
  author={Costas Mavromatis and George Karypis},
  journal={ArXiv},
  year={2024},
  volume={abs/2405.20139},
}

@article{Delile2024GraphBasedRC,
  title={Graph-Based Retriever Captures the Long Tail of Biomedical Knowledge},
  author={Julien Delile and Srayanta Mukherjee and Anton Van Pamel and Leonid Zhukov},
  journal={ArXiv},
  year={2024},
  volume={abs/2402.12352},
}



@article{izacardunsupervised,
  title={Unsupervised Dense Information Retrieval with Contrastive Learning},
  author={Izacard, Gautier and Caron, Mathilde and Hosseini, Lucas and Riedel, Sebastian and Bojanowski, Piotr and Joulin, Armand and Grave, Edouard},
  journal={Transactions on Machine Learning Research},
  year={2022},
}

@article{Lee2024HybGRAGHR,
  title={HybGRAG: Hybrid Retrieval-Augmented Generation on Textual and Relational Knowledge Bases},
  author={Meng-Chieh Lee and Qi Zhu and Costas Mavromatis and Zhen Han and Soji Adeshina and Vassilis N. Ioannidis and Huzefa Rangwala and Christos Faloutsos},
  journal={ArXiv},
  year={2024},
  volume={abs/2412.16311},
}


@article{wu2024avatar,
  title={AvaTaR: Optimizing LLM Agents for Tool Usage via Contrastive Reasoning},
  author={Wu, Shirley and Zhao, Shiyu and Huang, Qian and Huang, Kexin and Yasunaga, Michihiro and Cao, Kaidi and Ioannidis, Vassilis and Subbian, Karthik and Leskovec, Jure and Zou, James Y},
  journal={Advances in Neural Information Processing Systems},
  volume={37},
  pages={25981--26010},
  year={2025}
}


@inproceedings{yang2016revisiting,
  title={Revisiting semi-supervised learning with graph embeddings},
  author={Yang, Zhilin and Cohen, William and Salakhudinov, Ruslan},
  booktitle={International conference on machine learning},
  pages={40--48},
  year={2016},
  organization={PMLR}
}

@article{chen2023exploring,
  title={Exploring the potential of large language models (llms) in learning on graphs},
  author={Chen, Zhikai and Mao, Haitao and Li, Hang and Jin, Wei and Wen, Hongzhi and Wei, Xiaochi and Wang, Shuaiqiang and Yin, Dawei and Fan, Wenqi and Liu, Hui and others},
  journal={arXiv preprint arXiv:2307.03393},
  year={2023}
}

@article{hu2020open,
  title={Open graph benchmark: Datasets for machine learning on graphs},
  author={Hu, Weihua and Fey, Matthias and Zitnik, Marinka and Dong, Yuxiao and Ren, Hongyu and Liu, Bowen and Catasta, Michele and Leskovec, Jure},
  journal={Advances in neural information processing systems},
  volume={33},
  pages={22118--22133},
  year={2020}
}

@inproceedings{ni2019justifying,
  title={Justifying recommendations using distantly-labeled reviews and fine-grained aspects},
  author={Ni, Jianmo and Li, Jiacheng and McAuley, Julian},
  booktitle={Proceedings of the 2019 conference on empirical methods in natural language processing and the 9th international joint conference on natural language processing (EMNLP-IJCNLP)},
  pages={188--197},
  year={2019}
}

@article{rossi2020proximity,
  title={On proximity and structural role-based embeddings in networks: Misconceptions, techniques, and applications},
  author={Rossi, Ryan A and Jin, Di and Kim, Sungchul and Ahmed, Nesreen K and Koutra, Danai and Lee, John Boaz},
  journal={ACM Transactions on Knowledge Discovery from Data (TKDD)},
  volume={14},
  number={5},
  pages={1--37},
  year={2020},
  publisher={ACM New York, NY, USA}
}

@article{rossi2014role,
  title={Role discovery in networks},
  author={Rossi, Ryan A and Ahmed, Nesreen K},
  journal={IEEE Transactions on Knowledge and Data Engineering},
  volume={27},
  number={4},
  pages={1112--1131},
  year={2014},
  publisher={IEEE}
}

@article{fortunato2010community,
  title={Community detection in graphs},
  author={Fortunato, Santo},
  journal={Physics reports},
  volume={486},
  number={3-5},
  pages={75--174},
  year={2010},
  publisher={Elsevier}
}

@article{schaeffer2007graph,
  title={Graph clustering},
  author={Schaeffer, Satu Elisa},
  journal={Computer science review},
  volume={1},
  number={1},
  pages={27--64},
  year={2007},
  publisher={Elsevier}
}

@inproceedings{zhu2021node,
  title={Node proximity is all you need: Unified structural and positional node and graph embedding},
  author={Zhu, Jing and Lu, Xingyu and Heimann, Mark and Koutra, Danai},
  booktitle={Proceedings of the 2021 SIAM International Conference on Data Mining (SDM)},
  pages={163--171},
  year={2021},
  organization={SIAM}
}

@inproceedings{donnat2018learning,
  title={Learning structural node embeddings via diffusion wavelets},
  author={Donnat, Claire and Zitnik, Marinka and Hallac, David and Leskovec, Jure},
  booktitle={Proceedings of the 24th ACM SIGKDD international conference on knowledge discovery \& data mining},
  pages={1320--1329},
  year={2018}
}

@inproceedings{ribeiro2017struc2vec,
  title={struc2vec: Learning node representations from structural identity},
  author={Ribeiro, Leonardo FR and Saverese, Pedro HP and Figueiredo, Daniel R},
  booktitle={Proceedings of the 23rd ACM SIGKDD international conference on knowledge discovery and data mining},
  pages={385--394},
  year={2017}
}

@inproceedings{grover2016node2vec,
  title={node2vec: Scalable feature learning for networks},
  author={Grover, Aditya and Leskovec, Jure},
  booktitle={Proceedings of the 22nd ACM SIGKDD international conference on Knowledge discovery and data mining},
  pages={855--864},
  year={2016}
}

@inproceedings{perozzi2014deepwalk,
  title={Deepwalk: Online learning of social representations},
  author={Perozzi, Bryan and Al-Rfou, Rami and Skiena, Steven},
  booktitle={Proceedings of the 20th ACM SIGKDD international conference on Knowledge discovery and data mining},
  pages={701--710},
  year={2014}
}

@article{garcia2017learning,
  title={Learning graph representations with embedding propagation},
  author={Garcia Duran, Alberto and Niepert, Mathias},
  journal={Advances in neural information processing systems},
  volume={30},
  year={2017}
}

@article{hamilton2017representation,
  title={Representation learning on graphs: Methods and applications},
  author={Hamilton, William L and Ying, Rex and Leskovec, Jure},
  journal={arXiv preprint arXiv:1709.05584},
  year={2017}
}

@article{lewis2020retrieval,
  title={Retrieval-augmented generation for knowledge-intensive nlp tasks},
  author={Lewis, Patrick and Perez, Ethan and Piktus, Aleksandra and Petroni, Fabio and Karpukhin, Vladimir and Goyal, Naman and K{\"u}ttler, Heinrich and Lewis, Mike and Yih, Wen-tau and Rockt{\"a}schel, Tim and others},
  journal={Advances in Neural Information Processing Systems},
  volume={33},
  pages={9459--9474},
  year={2020}
}

@article{karpukhin2020dense,
  title={Dense passage retrieval for open-domain question answering},
  author={Karpukhin, Vladimir and O{\u{g}}uz, Barlas and Min, Sewon and Lewis, Patrick and Wu, Ledell and Edunov, Sergey and Chen, Danqi and Yih, Wen-tau},
  journal={arXiv preprint arXiv:2004.04906},
  year={2020}
}

@article{izacard2022few,
  title={Few-shot learning with retrieval augmented language models},
  author={Izacard, Gautier and Lewis, Patrick and Lomeli, Maria and Hosseini, Lucas and Petroni, Fabio and Schick, Timo and Dwivedi-Yu, Jane and Joulin, Armand and Riedel, Sebastian and Grave, Edouard},
  journal={arXiv preprint arXiv:2208.03299},
  year={2022}
}

@article{xiong2020answering,
  title={Answering complex open-domain questions with multi-hop dense retrieval},
  author={Xiong, Wenhan and Li, Xiang Lorraine and Iyer, Srini and Du, Jingfei and Lewis, Patrick and Wang, William Yang and Mehdad, Yashar and Yih, Wen-tau and Riedel, Sebastian and Kiela, Douwe and others},
  journal={arXiv preprint arXiv:2009.12756},
  year={2020}
}

@article{ju2022grape,
  title={Grape: Knowledge graph enhanced passage reader for open-domain question answering},
  author={Ju, Mingxuan and Yu, Wenhao and Zhao, Tong and Zhang, Chuxu and Ye, Yanfang},
  journal={arXiv preprint arXiv:2210.02933},
  year={2022}
}

@article{zhang2023siren,
  title={Siren's Song in the AI Ocean: A Survey on Hallucination in Large Language Models},
  author={Zhang, Yue and Li, Yafu and Cui, Leyang and Cai, Deng and Liu, Lemao and Fu, Tingchen and Huang, Xinting and Zhao, Enbo and Zhang, Yu and Chen, Yulong and others},
  journal={arXiv preprint arXiv:2309.01219},
  year={2023}
}

@article{yao2023llm,
  title={Llm lies: Hallucinations are not bugs, but features as adversarial examples},
  author={Yao, Jia-Yu and Ning, Kun-Peng and Liu, Zhen-Hui and Ning, Mu-Nan and Yuan, Li},
  journal={arXiv preprint arXiv:2310.01469},
  year={2023}
}

@article{bang2023multitask,
  title={A multitask, multilingual, multimodal evaluation of chatgpt on reasoning, hallucination, and interactivity},
  author={Bang, Yejin and Cahyawijaya, Samuel and Lee, Nayeon and Dai, Wenliang and Su, Dan and Wilie, Bryan and Lovenia, Holy and Ji, Ziwei and Yu, Tiezheng and Chung, Willy and others},
  journal={arXiv preprint arXiv:2302.04023},
  year={2023}
}


@article{li2022parameter,
  title={Parameter-efficient sparsity for large language models fine-tuning},
  author={Li, Yuchao and Luo, Fuli and Tan, Chuanqi and Wang, Mengdi and Huang, Songfang and Li, Shen and Bai, Junjie},
  journal={arXiv preprint arXiv:2205.11005},
  year={2022}
}

@article{zhang2023graph,
  title={Graph-ToolFormer: To Empower LLMs with Graph Reasoning Ability via Prompt Augmented by ChatGPT},
  author={Zhang, Jiawei},
  journal={arXiv preprint arXiv:2304.11116},
  year={2023}
}

@article{wang2023knowledgpt,
  title={Knowledgpt: Enhancing large language models with retrieval and storage access on knowledge bases},
  author={Wang, Xintao and Yang, Qianwen and Qiu, Yongting and Liang, Jiaqing and He, Qianyu and Gu, Zhouhong and Xiao, Yanghua and Wang, Wei},
  journal={arXiv preprint arXiv:2308.11761},
  year={2023}
}

@article{trivedi2022interleaving,
  title={Interleaving retrieval with chain-of-thought reasoning for knowledge-intensive multi-step questions},
  author={Trivedi, Harsh and Balasubramanian, Niranjan and Khot, Tushar and Sabharwal, Ashish},
  journal={arXiv preprint arXiv:2212.10509},
  year={2022}
}

@inproceedings{kandpal2023large,
  title={Large language models struggle to learn long-tail knowledge},
  author={Kandpal, Nikhil and Deng, Haikang and Roberts, Adam and Wallace, Eric and Raffel, Colin},
  booktitle={International Conference on Machine Learning},
  pages={15696--15707},
  year={2023},
  organization={PMLR}
}

@article{kumar2023automatic,
  title={Automatic Question-Answer Generation for Long-Tail Knowledge},
  author={Kumar, Rohan and Kim, Youngmin and Ravi, Sunitha and Sun, Haitian and Faloutsos, Christos and Salakhutdinov, Ruslan and Yoon, Minji},
  year={2023}
}

@article{li2022survey,
  title={A survey on retrieval-augmented text generation},
  author={Li, Huayang and Su, Yixuan and Cai, Deng and Wang, Yan and Liu, Lemao},
  journal={arXiv preprint arXiv:2202.01110},
  year={2022}
}

@article{feng2023trends,
  title={Trends in integration of knowledge and large language models: A survey and taxonomy of methods, benchmarks, and applications},
  author={Feng, Zhangyin and Ma, Weitao and Yu, Weijiang and Huang, Lei and Wang, Haotian and Chen, Qianglong and Peng, Weihua and Feng, Xiaocheng and Qin, Bing and others},
  journal={arXiv preprint arXiv:2311.05876},
  year={2023}
}


@article{ahmed2018learning,
  title={Learning role-based graph embeddings},
  author={Ahmed, Nesreen K and Rossi, Ryan and Lee, John Boaz and Willke, Theodore L and Zhou, Rong and Kong, Xiangnan and Eldardiry, Hoda},
  journal={arXiv preprint arXiv:1802.02896},
  year={2018}
}

@article{garbacea2020neural,
  title={Neural language generation: Formulation, methods, and evaluation},
  author={Garbacea, Cristina and Mei, Qiaozhu},
  journal={arXiv preprint arXiv:2007.15780},
  year={2020}
}

@article{gatt2018survey,
  title={Survey of the state of the art in natural language generation: Core tasks, applications and evaluation},
  author={Gatt, Albert and Krahmer, Emiel},
  journal={Journal of Artificial Intelligence Research},
  volume={61},
  pages={65--170},
  year={2018}
}

@article{iqbal2022survey,
  title={The survey: Text generation models in deep learning},
  author={Iqbal, Touseef and Qureshi, Shaima},
  journal={Journal of King Saud University-Computer and Information Sciences},
  volume={34},
  number={6},
  pages={2515--2528},
  year={2022},
  publisher={Elsevier}
}

@article{wang2020towards,
  title={Towards information-rich, logical text generation with knowledge-enhanced neural models},
  author={Wang, Hao and Guo, Bin and Wu, Wei and Yu, Zhiwen},
  journal={arXiv preprint arXiv:2003.00814},
  year={2020}
}

@inproceedings{rambow2001natural,
  title={Natural language generation in dialog systems},
  author={Rambow, Owen and Bangalore, Srinivas and Walker, Marilyn},
  booktitle={Proceedings of the first international conference on Human language technology research},
  year={2001}
}

@article{peng2020few,
  title={Few-shot natural language generation for task-oriented dialog},
  author={Peng, Baolin and Zhu, Chenguang and Li, Chunyuan and Li, Xiujun and Li, Jinchao and Zeng, Michael and Gao, Jianfeng},
  journal={arXiv preprint arXiv:2002.12328},
  year={2020}
}

@article{gupta2010survey,
  title={A survey of text summarization extractive techniques},
  author={Gupta, Vishal and Lehal, Gurpreet Singh},
  journal={Journal of emerging technologies in web intelligence},
  volume={2},
  number={3},
  pages={258--268},
  year={2010},
  publisher={Citeseer}
}

@article{limpo2013modeling,
  title={Modeling writing development: Contribution of transcription and self-regulation to Portuguese students' text generation quality.},
  author={Limpo, Teresa and Alves, Rui A},
  journal={Journal of Educational Psychology},
  volume={105},
  number={2},
  pages={401},
  year={2013},
  publisher={American Psychological Association}
}

@article{touvron2023llama,
  title={Llama 2: Open foundation and fine-tuned chat models},
  author={Touvron, Hugo and Martin, Louis and Stone, Kevin and Albert, Peter and Almahairi, Amjad and Babaei, Yasmine and Bashlykov, Nikolay and Batra, Soumya and Bhargava, Prajjwal and Bhosale, Shruti and others},
  journal={arXiv preprint arXiv:2307.09288},
  year={2023}
}

@article{brown2020language,
  title={Language models are few-shot learners},
  author={Brown, Tom and Mann, Benjamin and Ryder, Nick and Subbiah, Melanie and Kaplan, Jared D and Dhariwal, Prafulla and Neelakantan, Arvind and Shyam, Pranav and Sastry, Girish and Askell, Amanda and others},
  journal={Advances in neural information processing systems},
  volume={33},
  pages={1877--1901},
  year={2020}
}

@article{yu2022survey,
  title={A survey of knowledge-enhanced text generation},
  author={Yu, Wenhao and Zhu, Chenguang and Li, Zaitang and Hu, Zhiting and Wang, Qingyun and Ji, Heng and Jiang, Meng},
  journal={ACM Computing Surveys},
  volume={54},
  number={11s},
  pages={1--38},
  year={2022},
  publisher={ACM New York, NY}
}

@inproceedings{xing2017topic,
  title={Topic aware neural response generation},
  author={Xing, Chen and Wu, Wei and Wu, Yu and Liu, Jie and Huang, Yalou and Zhou, Ming and Ma, Wei-Ying},
  booktitle={Proceedings of the AAAI conference on artificial intelligence},
  volume={31},
  number={1},
  year={2017}
}

@inproceedings{zhou2018commonsense,
  title={Commonsense knowledge aware conversation generation with graph attention.},
  author={Zhou, Hao and Young, Tom and Huang, Minlie and Zhao, Haizhou and Xu, Jingfang and Zhu, Xiaoyan},
  booktitle={IJCAI},
  pages={4623--4629},
  year={2018}
}

@article{zhang2023language,
  title={How language model hallucinations can snowball},
  author={Zhang, Muru and Press, Ofir and Merrill, William and Liu, Alisa and Smith, Noah A},
  journal={arXiv preprint arXiv:2305.13534},
  year={2023}
}

@article{jin2023large,
  title={Large Language Models on Graphs: A Comprehensive Survey},
  author={Jin, Bowen and Liu, Gang and Han, Chi and Jiang, Meng and Ji, Heng and Han, Jiawei},
  journal={arXiv preprint arXiv:2312.02783},
  year={2023}
}

@article{lewis2020retrieval,
  title={Retrieval-augmented generation for knowledge-intensive nlp tasks},
  author={Lewis, Patrick and Perez, Ethan and Piktus, Aleksandra and Petroni, Fabio and Karpukhin, Vladimir and Goyal, Naman and K{\"u}ttler, Heinrich and Lewis, Mike and Yih, Wen-tau and Rockt{\"a}schel, Tim and others},
  journal={Advances in Neural Information Processing Systems},
  volume={33},
  pages={9459--9474},
  year={2020}
}

@article{mao2020generation,
  title={Generation-augmented retrieval for open-domain question answering},
  author={Mao, Yuning and He, Pengcheng and Liu, Xiaodong and Shen, Yelong and Gao, Jianfeng and Han, Jiawei and Chen, Weizhu},
  journal={arXiv preprint arXiv:2009.08553},
  year={2020}
}

@article{tian2023graph,
  title={Graph neural prompting with large language models},
  author={Tian, Yijun and Song, Huan and Wang, Zichen and Wang, Haozhu and Hu, Ziqing and Wang, Fang and Chawla, Nitesh V and Xu, Panpan},
  journal={arXiv preprint arXiv:2309.15427},
  year={2023}
}

@article{pan2023unifying,
  title={Unifying Large Language Models and Knowledge Graphs: A Roadmap},
  author={Pan, Shirui and Luo, Linhao and Wang, Yufei and Chen, Chen and Wang, Jiapu and Wu, Xindong},
  journal={arXiv preprint arXiv:2306.08302},
  year={2023}
}

@article{han2023towards,
  title={Towards Label Position Bias in Graph Neural Networks},
  author={Han, Haoyu and Liu, Xiaorui and Shi, Feng and Torkamani, MohamadAli and Aggarwal, Charu C and Tang, Jiliang},
  journal={arXiv preprint arXiv:2305.15822},
  year={2023}
}


@article{zhuang2023toolchain,
  title={ToolChain*: Efficient Action Space Navigation in Large Language Models with A* Search},
  author={Zhuang, Yuchen and Chen, Xiang and Yu, Tong and Mitra, Saayan and Bursztyn, Victor and Rossi, Ryan A and Sarkhel, Somdeb and Zhang, Chao},
  journal={arXiv preprint arXiv:2310.13227},
  year={2023}
}

@article{hao2023toolkengpt,
  title={ToolkenGPT: Augmenting Frozen Language Models with Massive Tools via Tool Embeddings},
  author={Hao, Shibo and Liu, Tianyang and Wang, Zhen and Hu, Zhiting},
  journal={arXiv preprint arXiv:2305.11554},
  year={2023}
}

@article{schick2023toolformer,
  title={Toolformer: Language models can teach themselves to use tools},
  author={Schick, Timo and Dwivedi-Yu, Jane and Dess{\`\i}, Roberto and Raileanu, Roberta and Lomeli, Maria and Zettlemoyer, Luke and Cancedda, Nicola and Scialom, Thomas},
  journal={arXiv preprint arXiv:2302.04761},
  year={2023}
}

@inproceedings{reimers-2019-sentence-bert,
  title = "Sentence-BERT: Sentence Embeddings using Siamese BERT-Networks",
  author = "Reimers, Nils and Gurevych, Iryna",
  booktitle = "Proceedings of the 2019 Conference on Empirical Methods in Natural Language Processing",
  month = "11",
  year = "2019",
  publisher = "Association for Computational Linguistics",
  url = "https://arxiv.org/abs/1908.10084",
}

@article{creamer2022discovering,
  title={Discovering Organizational Hierarchy through a Corporate Ranking Algorithm: The Enron Case},
  author={Creamer, Germ{\'a}n G and Stolfo, Salvatore J and Creamer, Mateo and Hershkop, Shlomo and Rowe, Ryan and others},
  journal={Complexity},
  volume={2022},
  year={2022},
  publisher={Hindawi}
}

@article{cai2017spmc,
  title={SPMC: Socially-aware personalized Markov chains for sparse sequential recommendation},
  author={Cai, Chenwei and He, Ruining and McAuley, Julian},
  journal={arXiv preprint arXiv:1708.04497},
  year={2017}
}

@inproceedings{zhao2015improving,
  title={Improving latent factor models via personalized feature projection for one class recommendation},
  author={Zhao, Tong and McAuley, Julian and King, Irwin},
  booktitle={Proceedings of the 24th ACM international on conference on information and knowledge management},
  pages={821--830},
  year={2015}
}

@article{chen2023exploring,
  title={Exploring the potential of large language models (llms) in learning on graphs},
  author={Chen, Zhikai and Mao, Haitao and Li, Hang and Jin, Wei and Wen, Hongzhi and Wei, Xiaochi and Wang, Shuaiqiang and Yin, Dawei and Fan, Wenqi and Liu, Hui and others},
  journal={arXiv preprint arXiv:2307.03393},
  year={2023}
}

@article{chen2023label,
  title={Label-free node classification on graphs with large language models (llms)},
  author={Chen, Zhikai and Mao, Haitao and Wen, Hongzhi and Han, Haoyu and Jin, Wei and Zhang, Haiyang and Liu, Hui and Tang, Jiliang},
  journal={arXiv preprint arXiv:2310.04668},
  year={2023}
}

@article{gasteiger2019diffusion,
  title={Diffusion improves graph learning},
  author={Gasteiger, Johannes and Wei{\ss}enberger, Stefan and G{\"u}nnemann, Stephan},
  journal={Advances in neural information processing systems},
  volume={32},
  year={2019}
}


@inproceedings{henderson2012rolx,
  title={Rolx: structural role extraction \& mining in large graphs},
  author={Henderson, Keith and Gallagher, Brian and Eliassi-Rad, Tina and Tong, Hanghang and Basu, Sugato and Akoglu, Leman and Koutra, Danai and Faloutsos, Christos and Li, Lei},
  booktitle={Proceedings of the 18th ACM SIGKDD international conference on Knowledge discovery and data mining},
  pages={1231--1239},
  year={2012}
}

@inproceedings{huo2019graph,
  title={Graph enhanced cross-domain text-to-SQL generation},
  author={Huo, Siyu and Ma, Tengfei and Chen, Jie and Chang, Maria and Wu, Lingfei and Witbrock, Michael J},
  booktitle={Proceedings of the Thirteenth Workshop on Graph-Based Methods for Natural Language Processing (TextGraphs-13)},
  pages={159--163},
  year={2019}
}

@article{koncel2019text,
  title={Text generation from knowledge graphs with graph transformers},
  author={Koncel-Kedziorski, Rik and Bekal, Dhanush and Luan, Yi and Lapata, Mirella and Hajishirzi, Hannaneh},
  journal={arXiv preprint arXiv:1904.02342},
  year={2019}
}

@article{li2023teach,
  title={Teach LLMs to Personalize--An Approach inspired by Writing Education},
  author={Li, Cheng and Zhang, Mingyang and Mei, Qiaozhu and Wang, Yaqing and Hombaiah, Spurthi Amba and Liang, Yi and Bendersky, Michael},
  journal={arXiv preprint arXiv:2308.07968},
  year={2023}
}

@article{salemi2023lamp,
  title={LaMP: When Large Language Models Meet Personalization},
  author={Salemi, Alireza and Mysore, Sheshera and Bendersky, Michael and Zamani, Hamed},
  journal={arXiv preprint arXiv:2304.11406},
  year={2023}
}

@inproceedings{rossi2022unreasonable,
  title={On the unreasonable effectiveness of feature propagation in learning on graphs with missing node features},
  author={Rossi, Emanuele and Kenlay, Henry and Gorinova, Maria I and Chamberlain, Benjamin Paul and Dong, Xiaowen and Bronstein, Michael M},
  booktitle={Learning on Graphs Conference},
  pages={11--1},
  year={2022},
  organization={PMLR}
}

@inproceedings{yoon2018gain,
  title={Gain: Missing data imputation using generative adversarial nets},
  author={Yoon, Jinsung and Jordon, James and Schaar, Mihaela},
  booktitle={International conference on machine learning},
  pages={5689--5698},
  year={2018},
  organization={PMLR}
}

@inproceedings{wang2021tree,
  title={Tree decomposed graph neural network},
  author={Wang, Yu and Derr, Tyler},
  booktitle={Proceedings of the 30th ACM international conference on information \& knowledge management},
  pages={2040--2049},
  year={2021}
}

@inproceedings{zhao2022learning,
  title={Learning from counterfactual links for link prediction},
  author={Zhao, Tong and Liu, Gang and Wang, Daheng and Yu, Wenhao and Jiang, Meng},
  booktitle={International Conference on Machine Learning},
  pages={26911--26926},
  year={2022},
  organization={PMLR}
}

@article{wang2023topological,
  title={A Topological Perspective on Demystifying GNN-Based Link Prediction Performance},
  author={Wang, Yu and Zhao, Tong and Zhao, Yuying and Liu, Yunchao and Cheng, Xueqi and Shah, Neil and Derr, Tyler},
  journal={arXiv preprint arXiv:2310.04612},
  year={2023}
}

@article{zhang2020revisiting,
  title={Revisiting graph neural networks for link prediction},
  author={Zhang, Muhan and Li, Pan and Xia, Yinglong and Wang, Kai and Jin, Long},
  year={2020}
}

@inproceedings{dong2022fakeedge,
  title={FakeEdge: Alleviate Dataset Shift in Link Prediction},
  author={Dong, Kaiwen and Tian, Yijun and Guo, Zhichun and Yang, Yang and Chawla, Nitesh},
  booktitle={Learning on Graphs Conference},
  pages={56--1},
  year={2022},
  organization={PMLR}
}

@article{white2023prompt,
  title={A prompt pattern catalog to enhance prompt engineering with chatgpt},
  author={White, Jules and Fu, Quchen and Hays, Sam and Sandborn, Michael and Olea, Carlos and Gilbert, Henry and Elnashar, Ashraf and Spencer-Smith, Jesse and Schmidt, Douglas C},
  journal={arXiv preprint arXiv:2302.11382},
  year={2023}
}

@article{you2020handling,
  title={Handling missing data with graph representation learning},
  author={You, Jiaxuan and Ma, Xiaobai and Ding, Yi and Kochenderfer, Mykel J and Leskovec, Jure},
  journal={Advances in Neural Information Processing Systems},
  volume={33},
  pages={19075--19087},
  year={2020}
}

@inproceedings{liu2022joint,
  title={Joint knowledge graph completion and question answering},
  author={Liu, Lihui and Du, Boxin and Xu, Jiejun and Xia, Yinglong and Tong, Hanghang},
  booktitle={Proceedings of the 28th ACM SIGKDD Conference on Knowledge Discovery and Data Mining},
  pages={1098--1108},
  year={2022}
}

@inproceedings{liu2023knowledge,
  title={Knowledge Graph Question Answering with Ambiguous Query},
  author={Liu, Lihui and Chen, Yuzhong and Das, Mahashweta and Yang, Hao and Tong, Hanghang},
  booktitle={Proceedings of the ACM Web Conference 2023},
  year={2023}
}


@article{he2024g,
  title={G-retriever: Retrieval-augmented generation for textual graph understanding and question answering},
  author={He, Xiaoxin and Tian, Yijun and Sun, Yifei and Chawla, Nitesh and Laurent, Thomas and LeCun, Yann and Bresson, Xavier and Hooi, Bryan},
  journal={Advances in Neural Information Processing Systems},
  volume={37},
  pages={132876--132907},
  year={2025}
}

@article{gao2023chat,
  title={Chat-rec: Towards interactive and explainable llms-augmented recommender system},
  author={Gao, Yunfan and Sheng, Tao and Xiang, Youlin and Xiong, Yun and Wang, Haofen and Zhang, Jiawei},
  journal={arXiv preprint arXiv:2303.14524},
  year={2023}
}

@inproceedings{chen2019fast,
  title={Fast and accurate network embeddings via very sparse random projection},
  author={Chen, Haochen and Sultan, Syed Fahad and Tian, Yingtao and Chen, Muhao and Skiena, Steven},
  booktitle={Proceedings of the 28th ACM international conference on information and knowledge management},
  pages={399--408},
  year={2019}
}

@article{jin2024llm,
  title={Llm maybe longlm: Self-extend llm context window without tuning},
  author={Jin, Hongye and Han, Xiaotian and Yang, Jingfeng and Jiang, Zhimeng and Liu, Zirui and Chang, Chia-Yuan and Chen, Huiyuan and Hu, Xia},
  journal={arXiv preprint arXiv:2401.01325},
  year={2024}
}

@article{wang2024augmenting,
  title={Augmenting language models with long-term memory},
  author={Wang, Weizhi and Dong, Li and Cheng, Hao and Liu, Xiaodong and Yan, Xifeng and Gao, Jianfeng and Wei, Furu},
  journal={Advances in Neural Information Processing Systems},
  volume={36},
  year={2024}
}

@article{shetty2004enron,
  title={The Enron email dataset database schema and brief statistical report},
  author={Shetty, Jitesh and Adibi, Jafar},
  journal={Information sciences institute technical report, University of Southern California},
  volume={4},
  number={1},
  pages={120--128},
  year={2004},
  publisher={Citeseer}
}

@article{kipf2016semi,
  title={Semi-supervised classification with graph convolutional networks},
  author={Kipf, Thomas N and Welling, Max},
  journal={arXiv preprint arXiv:1609.02907},
  year={2016}
}

@article{hamilton2017inductive,
  title={Inductive representation learning on large graphs},
  author={Hamilton, Will and Ying, Zhitao and Leskovec, Jure},
  journal={Advances in neural information processing systems},
  volume={30},
  year={2017}
}

@article{gao2023retrieval,
  title={Retrieval-augmented generation for large language models: A survey},
  author={Gao, Yunfan and Xiong, Yun and Gao, Xinyu and Jia, Kangxiang and Pan, Jinliu and Bi, Yuxi and Dai, Yi and Sun, Jiawei and Wang, Haofen},
  journal={arXiv preprint arXiv:2312.10997},
  year={2023}
}


@inproceedings{lyu2023attention,
  title={Attention-Enhancing Backdoor Attacks Against BERT-based Models},
  author={Lyu, Weimin and Zheng, Songzhu and Pang, Lu and Ling, Haibin and Chen, Chao},
  booktitle={Findings of the Association for Computational Linguistics: EMNLP 2023},
  pages={10672--10690},
  year={2023}
}


@inproceedings{lyu2022multimodal,
  title={A multimodal transformer: Fusing clinical notes with structured EHR data for interpretable in-hospital mortality prediction},
  author={Lyu, Weimin and Dong, Xinyu and Wong, Rachel and Zheng, Songzhu and Abell-Hart, Kayley and Wang, Fusheng and Chen, Chao},
  booktitle={AMIA Annual Symposium Proceedings},
  volume={2022},
  pages={719},
  year={2022},
  organization={American Medical Informatics Association}
}

@article{putta2024agent,
  title={Agent q: Advanced reasoning and learning for autonomous ai agents},
  author={Putta, Pranav and Mills, Edmund and Garg, Naman and Motwani, Sumeet and Finn, Chelsea and Garg, Divyansh and Rafailov, Rafael},
  journal={arXiv preprint arXiv:2408.07199},
  year={2024}
}

@article{Cheng2024MultihopQA,
  title={Multi-hop Question Answering under Temporal Knowledge Editing},
  author={Keyuan Cheng and Gang Lin and Haoyang Fei and Yuxuan Zhai and Lu Yu and Muhammad Asif Ali and Lijie Hu and Di Wang},
  journal={ArXiv},
  year={2024},
  volume={abs/2404.00492},
}

@article{tahraoui2013survey,
  title={A survey on tree matching and XML retrieval},
  author={Tahraoui, Mohammed Amin and Pinel-Sauvagnat, Karen and Laitang, Cyril and Boughanem, Mohand and Kheddouci, Hamamache and Ning, Lei},
  journal={Computer Science Review},
  volume={8},
  pages={1--23},
  year={2013},
  publisher={Elsevier}
}

@inproceedings{liao2024gentkg,
  title={GenTKG: Generative Forecasting on Temporal Knowledge Graph with Large Language Models},
  author={Liao, Ruotong and Jia, Xu and Li, Yangzhe and Ma, Yunpu and Tresp, Volker},
  booktitle={Findings of the Association for Computational Linguistics: NAACL 2024},
  pages={4303--4317},
  year={2024}
}


@article{kolomiyets2011survey,
  title={A survey on question answering technology from an information retrieval perspective},
  author={Kolomiyets, Oleksandr and Moens, Marie-Francine},
  journal={Information Sciences},
  volume={181},
  number={24},
  pages={5412--5434},
  year={2011},
  publisher={Elsevier}
}

@article{mitra2000information,
  title={Information retrieval from documents: A survey},
  author={Mitra, Mandar and Chaudhuri, BB},
  journal={Information retrieval},
  volume={2},
  pages={141--163},
  year={2000},
  publisher={Springer}
}

@inproceedings{xue2024enhancing,
  title={Enhancing the Completeness of Rationales for Multi-Step Question Answering},
  author={Xue, Shangzi and Huang, Zhenya and Lin, Xin and Liu, Jiayu and Qin, Longhu and Su, Tianhuang and Liu, Haifeng and Liu, Qi},
  booktitle={Proceedings of the 33rd ACM International Conference on Information and Knowledge Management},
  pages={2753--2763},
  year={2024}
}

@inproceedings{xu-etal-2024-adaption,
    title = "Adaption-of-Thought: Learning Question Difficulty Improves Large Language Models for Reasoning",
    author = "Xu, Mayi  and
      Li, Yongqi  and
      Sun, Ke  and
      Qian, Tieyun",
    booktitle = "Proceedings of the 2024 Conference on Empirical Methods in Natural Language Processing",
    month = nov,
    year = "2024",
    address = "Miami, Florida, USA",
    publisher = "Association for Computational Linguistics",
    pages = "5468--5495",
}

@article{Chen2024KnowledgeGM,
  title={Knowledge Graphs Meet Multi-Modal Learning: A Comprehensive Survey},
  author={Zhuo Chen and Yichi Zhang and Yin Fang and Yuxia Geng and Lingbing Guo and Xiang Chen and Qian Li and Wen Zhang and Jiaoyan Chen and Yushan Zhu and Jiaqi Li and Xiaoze Liu and Jeff Z. Pan and Ningyu Zhang and Hua-zeng Chen},
  journal={ArXiv},
  year={2024},
  volume={abs/2402.05391},
}

@article{vijaymeena2016survey,
  title={A survey on similarity measures in text mining},
  author={Vijaymeena, MK and Kavitha, K},
  journal={Machine Learning and Applications: An International Journal},
  year={2016}
}

@article{ren2023neural,
  title={Neural graph reasoning: Complex logical query answering meets graph databases},
  author={Ren, Hongyu and Galkin, Mikhail and Cochez, Michael and Zhu, Zhaocheng and Leskovec, Jure},
  journal={arXiv preprint arXiv:2303.14617},
  year={2023}
}

@inproceedings{jin2024bridging,
  title={Bridging Text Data and Graph Data: Towards Semantics and Structure-aware Knowledge Discovery},
  author={Jin, Bowen and Zhang, Yu and Li, Sha and Han, Jiawei},
  booktitle={Proceedings of the 17th ACM International Conference on Web Search and Data Mining},
  pages={1122--1125},
  year={2024}
}


@inproceedings{Shen2024TagLLMRG,
  title={Tag-LLM: Repurposing General-Purpose LLMs for Specialized Domains},
  author={Shen, Junhong and Tenenholtz, Neil and Hall, James Brian and Alvarez-Melis, David and Fusi, Nicolo},
  booktitle={Forty-first International Conference on Machine Learning}
}


@inproceedings{zhu2022survey,
  title={A survey on deep graph generation: Methods and applications},
  author={Zhu, Yanqiao and Du, Yuanqi and Wang, Yinkai and Xu, Yichen and Zhang, Jieyu and Liu, Qiang and Wu, Shu},
  booktitle={Learning on Graphs Conference},
  organization={PMLR}
}

@inproceedings{sun-etal-2018-open,
    title = "Open Domain Question Answering Using Early Fusion of Knowledge Bases and Text",
    author = "Sun, Haitian  and
      Dhingra, Bhuwan  and
      Zaheer, Manzil  and
      Mazaitis, Kathryn  and
      Salakhutdinov, Ruslan  and
      Cohen, William",
    booktitle = "Proceedings of the 2018 Conference on Empirical Methods in Natural Language Processing",
    month = oct # "-" # nov,
    year = "2018",
    address = "Brussels, Belgium",
    publisher = "Association for Computational Linguistics",
    pages = "4231--4242",
}

@inproceedings{guo2023retrieval,
  title={Retrieval-augmented gpt-3.5-based text-to-sql framework with sample-aware prompting and dynamic revision chain},
  author={Guo, Chunxi and Tian, Zhiliang and Tang, Jintao and Li, Shasha and Wen, Zhihua and Wang, Kaixuan and Wang, Ting},
  booktitle={International Conference on Neural Information Processing},
  pages={341--356},
  year={2023},
  organization={Springer}
}

@article{Zeng2024FederatedRV,
  title={Federated Recommendation via Hybrid Retrieval Augmented Generation},
  author={Huimin Zeng and Zhenrui Yue and Qian Jiang and Dong Wang},
  journal={2024 IEEE International Conference on Big Data (BigData)},
  year={2024},
}

@article{nguyen2024dynasaur,
  title={Dynasaur: Large language agents beyond predefined actions},
  author={Nguyen, Dang and Lai, Viet Dac and Yoon, Seunghyun and Rossi, Ryan A and Zhao, Handong and Zhang, Ruiyi and Mathur, Puneet and Lipka, Nedim and Wang, Yu and Bui, Trung and others},
  journal={arXiv preprint arXiv:2411.01747},
  year={2024}
}

@inproceedings{hu2019retrieve,
  title={Retrieve, Read, Rerank: Towards End-to-End Multi-Document Reading Comprehension},
  author={Hu, Minghao and Peng, Yuxing and Huang, Zhen and Li, Dongsheng},
  booktitle={Proceedings of the 57th Annual Meeting of the Association for Computational Linguistics},
  year={2019}
}


@article{ni2025towards,
  title={Towards Trustworthy Retrieval Augmented Generation for Large Language Models: A Survey},
  author={Ni, Bo and Liu, Zheyuan and Wang, Leyao and Lei, Yongjia and Zhao, Yuying and Cheng, Xueqi and Zeng, Qingkai and Dong, Luna and Xia, Yinglong and Kenthapadi, Krishnaram and others},
  journal={arXiv preprint arXiv:2502.06872},
  year={2025}
}

@article{lu2024ai,
  title={The ai scientist: Towards fully automated open-ended scientific discovery},
  author={Lu, Chris and Lu, Cong and Lange, Robert Tjarko and Foerster, Jakob and Clune, Jeff and Ha, David},
  journal={arXiv preprint arXiv:2408.06292},
  year={2024}
}