@inproceedings{DBLP:conf/ecai/PalCBO24,
  author       = {Aritra Pal and
                  Anandsingh Chauhan and
                  Mayank Baranwal and
                  Ankush Ojha},
  title        = {Optimizing Multi-Robot Task Allocation in Dynamic Environments via
                  Heuristic-Guided Reinforcement Learning},
  booktitle    = {{ECAI} 2024 - 27th European Conference on Artificial Intelligence,
                  19-24 October 2024, Santiago de Compostela, Spain},
  series       = {Frontiers in Artificial Intelligence and Applications},
  volume       = {392},
  pages        = {1911--1918},
  publisher    = {{IOS} Press},
  year         = {2024}
}

@inproceedings{agrawal2022dc,
  title={DC-MRTA: Decentralized Multi-Robot Task Allocation and Navigation in Complex Environments},
  author={Agrawal, Aakriti and Hariharan, Senthil and Bedi, Amrit Singh and Manocha, Dinesh},
  booktitle={2022 IEEE/RSJ International Conference on Intelligent Robots and Systems (IROS)},
  pages={11711--11718},
  year={2022},
  organization={IEEE}
}

@inproceedings{agrawal2023rtaw,
  title={Rtaw: An attention inspired reinforcement learning method for multi-robot task allocation in warehouse environments},
  author={Agrawal, Aakriti and Bedi, Amrit Singh and Manocha, Dinesh},
  booktitle={2023 IEEE International Conference on Robotics and Automation (ICRA)},
  pages={1393--1399},
  year={2023},
  organization={IEEE}
}

@inproceedings{alonso2013optimal,
  title={Optimal reciprocal collision avoidance for multiple non-holonomic robots},
  author={Alonso-Mora, Javier and Breitenmoser, Andreas and Rufli, Martin and Beardsley, Paul and Siegwart, Roland},
  booktitle={Distributed autonomous robotic systems: The 10th international symposium},
  pages={203--216},
  year={2013},
  organization={Springer}
}

@article{chen2021decentralized,
  title={Decentralized task and path planning for multi-robot systems},
  author={Chen, Yuxiao and Rosolia, Ugo and Ames, Aaron D},
  journal={IEEE Robotics and Automation Letters},
  volume={6},
  number={3},
  pages={4337--4344},
  year={2021},
  publisher={IEEE}
}

@inproceedings{gerkey2003multi,
  title={Multi-robot task allocation: Analyzing the complexity and optimality of key architectures},
  author={Gerkey, Brian P and Mataric, Maja J},
  booktitle={2003 IEEE international conference on robotics and automation (Cat. No. 03CH37422)},
  volume={3},
  pages={3862--3868},
  year={2003},
  organization={IEEE}
}

@article{khamis2015multi,
  title={Multi-robot task allocation: A review of the state-of-the-art},
  author={Khamis, Alaa and Hussein, Ahmed and Elmogy, Ahmed},
  journal={Cooperative robots and sensor networks 2015},
  pages={31--51},
  year={2015},
  publisher={Springer}
}

@inproceedings{liu2019task,
  title={Task and path planning for multi-agent pickup and delivery},
  author={Liu, Minghua and Ma, Hang and Li, Jiaoyang and Koenig, Sven},
  booktitle={Proceedings of the International Joint Conference on Autonomous Agents and Multiagent Systems (AAMAS)},
  year={2019}
}

@article{ma2017lifelong,
  title={Lifelong multi-agent path finding for online pickup and delivery tasks},
  author={Ma, Hang and Li, Jiaoyang and Kumar, TK and Koenig, Sven},
  journal={arXiv preprint arXiv:1705.10868},
  year={2017}
}

@inproceedings{papoudakis2021benchmarking,
   title={Benchmarking Multi-Agent Deep Reinforcement Learning Algorithms in Cooperative Tasks},
   author={Georgios Papoudakis and Filippos Christianos and Lukas Sch√§fer and Stefano V. Albrecht},
   booktitle = {Proceedings of the Neural Information Processing Systems Track on Datasets and Benchmarks (NeurIPS)},
   year={2021},
   url = {http://arxiv.org/abs/2006.07869},
   openreview = {https://openreview.net/forum?id=cIrPX-Sn5n},
   code = {https://github.com/uoe-agents/epymarl},
}

@inproceedings{salzman2020research,
  title={Research challenges and opportunities in multi-agent path finding and multi-agent pickup and delivery problems},
  author={Salzman, Oren and Stern, Roni},
  booktitle={Proceedings of the 19th International Conference on Autonomous Agents and MultiAgent Systems},
  pages={1711--1715},
  year={2020}
}

@article{wei2020particle,
  title={Particle swarm optimization for cooperative multi-robot task allocation: a multi-objective approach},
  author={Wei, Changyun and Ji, Ze and Cai, Boliang},
  journal={IEEE Robotics and Automation Letters},
  volume={5},
  number={2},
  pages={2530--2537},
  year={2020},
  publisher={IEEE}
}

@inproceedings{xu2022multi,
  title={Multi-goal multi-agent pickup and delivery},
  author={Xu, Qinghong and Li, Jiaoyang and Koenig, Sven and Ma, Hang},
  booktitle={2022 IEEE/RSJ International Conference on Intelligent Robots and Systems (IROS)},
  pages={9964--9971},
  year={2022},
  organization={IEEE}
}

@article{yang2020multi,
  title={Multi-robot path planning based on a deep reinforcement learning DQN algorithm},
  author={Yang, Yang and Juntao, Li and Lingling, Peng},
  journal={CAAI Transactions on Intelligence Technology},
  volume={5},
  number={3},
  pages={177--183},
  year={2020},
  publisher={Wiley Online Library}
}

