@article{turing1950computing,
    author = {Turing, Alan M.},
    title = {Computing Machinery and Intelligence},
    journal = {Mind},
    volume = {LIX},
    number = {236},
    pages = {433--460},
    year = {1950}
}

@inproceedings{DBLP:conf/ecai/PalCBO24,
  author       = {Aritra Pal and
                  Anandsingh Chauhan and
                  Mayank Baranwal and
                  Ankush Ojha},
  title        = {Optimizing Multi-Robot Task Allocation in Dynamic Environments via
                  Heuristic-Guided Reinforcement Learning},
  booktitle    = {{ECAI} 2024 - 27th European Conference on Artificial Intelligence,
                  19-24 October 2024, Santiago de Compostela, Spain},
  series       = {Frontiers in Artificial Intelligence and Applications},
  volume       = {392},
  pages        = {1911--1918},
  publisher    = {{IOS} Press},
  year         = {2024}
}

@book{kirk2004optimal,
  title={Optimal control theory: an introduction},
  author={Kirk, Donald E},
  year={2004},
  publisher={Courier Corporation}
}

@book{spong2020robot,
  title={Robot modeling and control},
  author={Spong, Mark W and Hutchinson, Seth and Vidyasagar, Mathukumalli},
  year={2020},
  publisher={John Wiley \& Sons}
}

@article{park2020trajectory,
  title={Trajectory planning with collision avoidance for redundant robots using jacobian and artificial potential field-based real-time inverse kinematics},
  author={Park, Sun-Oh and Lee, Min Cheol and Kim, Jaehyung},
  journal={International Journal of Control, Automation and Systems},
  volume={18},
  number={8},
  pages={2095--2107},
  year={2020},
  publisher={Springer}
}

@article{rumelhart1986learning,
  title = {Learning Representations by Back-Propagating Errors},
  author = {Rumelhart, David E. and Hinton, Geoffrey E. and Williams, Ronald J.},
  journal = {Nature},
  volume = {323},
  number = {6088},
  pages = {533--536},
  year = {1986}
}

@inproceedings{kautz1992planning,
  title = {Planning as Satisfiability},
  author = {Kautz, Henry A. and Selman, Bart},
  booktitle = {Proceedings of the 10th European Conference on Artificial Intelligence (ECAI)},
  pages = {359--363},
  year = {1992}
}

@article{grosz1996collaborative,
  title = {Collaborative Plans for Complex Group Action},
  author = {Grosz, Barbara J. and Kraus, Sarit},
  journal = {Artificial Intelligence},
  volume = {86},
  number = {2},
  pages = {269--357},
  year = {1996}
}

@misc{perelman2002entropy,
  title = {The Entropy Formula for the {R}icci Flow and its Geometric Applications}, 
  author = {Grisha Perelman},
  howpublished = {Preprint arXiv:math/0211159},
  year = {2002}
}

@book{pearl2009causality,
  title = {Causality},
  author = {Pearl, Judea},
  publisher = {Cambridge University Press},
  year = {2009}
}

@article{khamis2015multi,
  title={Multi-robot task allocation: A review of the state-of-the-art},
  author={Khamis, Alaa and Hussein, Ahmed and Elmogy, Ahmed},
  journal={Cooperative robots and sensor networks 2015},
  pages={31--51},
  year={2015},
  publisher={Springer}
}

@inproceedings{mosteo2007comparative,
  title={Comparative experiments on optimization criteria and algorithms for auction based multi-robot task allocation},
  author={Mosteo, Alejandro R and Montano, Luis},
  booktitle={Proceedings 2007 IEEE International Conference on Robotics and Automation},
  pages={3345--3350},
  year={2007},
  organization={IEEE}
}

@article{hassin2021self,
  title={Self-selected task allocation},
  author={Hassin, Refael and Nathaniel, Adam},
  journal={Manufacturing \& Service Operations Management},
  volume={23},
  number={6},
  pages={1669--1682},
  year={2021},
  publisher={INFORMS}
}

@inproceedings{humbert2015comparative,
  title={Comparative analysis of pick \& place strategies for a multi-robot application},
  author={Humbert, Ga{\"e}l and Pham, Minh-Tu and Brun, Xavier and Guillemot, Mady and Noterman, Didier},
  booktitle={2015 IEEE 20th conference on emerging technologies \& factory automation (ETFA)},
  pages={1--8},
  year={2015},
  organization={IEEE}
}

@inproceedings{papoudakis2021benchmarking,
   title={Benchmarking Multi-Agent Deep Reinforcement Learning Algorithms in Cooperative Tasks},
   author={Georgios Papoudakis and Filippos Christianos and Lukas Sch√§fer and Stefano V. Albrecht},
   booktitle = {Proceedings of the Neural Information Processing Systems Track on Datasets and Benchmarks (NeurIPS)},
   year={2021},
   url = {http://arxiv.org/abs/2006.07869},
   openreview = {https://openreview.net/forum?id=cIrPX-Sn5n},
   code = {https://github.com/uoe-agents/epymarl},
}

@article{mataric2003multi,
  title={Multi-robot task allocation in uncertain environments},
  author={Matari{\'c}, Maja J and Sukhatme, Gaurav S and {\O}stergaard, Esben H},
  journal={Autonomous Robots},
  volume={14},
  pages={255--263},
  year={2003},
  publisher={Springer}
}

@inproceedings{gerkey2003multi,
  title={Multi-robot task allocation: Analyzing the complexity and optimality of key architectures},
  author={Gerkey, Brian P and Mataric, Maja J},
  booktitle={2003 IEEE international conference on robotics and automation (Cat. No. 03CH37422)},
  volume={3},
  pages={3862--3868},
  year={2003},
  organization={IEEE}
}

@article{wei2020particle,
  title={Particle swarm optimization for cooperative multi-robot task allocation: a multi-objective approach},
  author={Wei, Changyun and Ji, Ze and Cai, Boliang},
  journal={IEEE Robotics and Automation Letters},
  volume={5},
  number={2},
  pages={2530--2537},
  year={2020},
  publisher={IEEE}
}

@inproceedings{agrawal2022dc,
  title={DC-MRTA: Decentralized Multi-Robot Task Allocation and Navigation in Complex Environments},
  author={Agrawal, Aakriti and Hariharan, Senthil and Bedi, Amrit Singh and Manocha, Dinesh},
  booktitle={2022 IEEE/RSJ International Conference on Intelligent Robots and Systems (IROS)},
  pages={11711--11718},
  year={2022},
  organization={IEEE}
}

@article{park2021cooperative,
  title={Cooperative multi-robot task allocation with reinforcement learning},
  author={Park, Bumjin and Kang, Cheongwoong and Choi, Jaesik},
  journal={Applied Sciences},
  volume={12},
  number={1},
  pages={272},
  year={2021},
  publisher={MDPI}
}

@inproceedings{agrawal2023rtaw,
  title={Rtaw: An attention inspired reinforcement learning method for multi-robot task allocation in warehouse environments},
  author={Agrawal, Aakriti and Bedi, Amrit Singh and Manocha, Dinesh},
  booktitle={2023 IEEE International Conference on Robotics and Automation (ICRA)},
  pages={1393--1399},
  year={2023},
  organization={IEEE}
}




@article{queralta2020collaborative,
  title={Collaborative multi-robot search and rescue: Planning, coordination, perception, and active vision},
  author={Queralta, Jorge Pena and Taipalmaa, Jussi and Pullinen, Bilge Can and Sarker, Victor Kathan and Gia, Tuan Nguyen and Tenhunen, Hannu and Gabbouj, Moncef and Raitoharju, Jenni and Westerlund, Tomi},
  journal={Ieee Access},
  volume={8},
  pages={191617--191643},
  year={2020},
  publisher={IEEE}
}

@article{dutta2021multi,
  title={Multi-robot information gathering for precision agriculture: Current state, scope, and challenges},
  author={Dutta, Ayan and Roy, Swapnoneel and Kreidl, O Patrick and B{\"o}l{\"o}ni, Ladislau},
  journal={IEEE Access},
  volume={9},
  pages={161416--161430},
  year={2021},
  publisher={IEEE}
}

@inproceedings{sartoretti2019distributed,
  title={Distributed reinforcement learning for multi-robot decentralized collective construction},
  author={Sartoretti, Guillaume and Wu, Yue and Paivine, William and Kumar, TK Satish and Koenig, Sven and Choset, Howie},
  booktitle={Distributed Autonomous Robotic Systems: The 14th International Symposium},
  pages={35--49},
  year={2019},
  organization={Springer}
}

@inproceedings{ma2018multi,
  title={Multi-robot informative and adaptive planning for persistent environmental monitoring},
  author={Ma, Kai-Chieh and Ma, Zhibei and Liu, Lantao and Sukhatme, Gaurav S},
  booktitle={Distributed Autonomous Robotic Systems: The 13th International Symposium},
  pages={285--298},
  year={2018},
  organization={Springer}
}



@article{farinelli2017advanced,
  title={Advanced approaches for multi-robot coordination in logistic scenarios},
  author={Farinelli, Alessandro and Zanotto, Elena and Pagello, Enrico and others},
  journal={Robotics and Autonomous Systems},
  volume={90},
  pages={34--44},
  year={2017},
  publisher={Elsevier}
}

@article{JMLR:v22:20-376,
  author  = {Yasuhiro Fujita and Prabhat Nagarajan and Toshiki Kataoka and Takahiro Ishikawa},
  title   = {ChainerRL: A Deep Reinforcement Learning Library},
  journal = {Journal of Machine Learning Research},
  year    = {2021},
  volume  = {22},
  number  = {77},
  pages   = {1-14},
  url     = {http://jmlr.org/papers/v22/20-376.html}
}
@inproceedings{silver2005cooperative,
  title={Cooperative pathfinding},
  author={Silver, David},
  booktitle={Proceedings of the aaai conference on artificial intelligence and interactive digital entertainment},
  volume={1},
  number={1},
  pages={117--122},
  year={2005}
}






@article{yang2020multi,
  title={Multi-robot path planning based on a deep reinforcement learning DQN algorithm},
  author={Yang, Yang and Juntao, Li and Lingling, Peng},
  journal={CAAI Transactions on Intelligence Technology},
  volume={5},
  number={3},
  pages={177--183},
  year={2020},
  publisher={Wiley Online Library}
}

@article{choudhury2022dynamic,
  title={Dynamic multi-robot task allocation under uncertainty and temporal constraints},
  author={Choudhury, Shushman and Gupta, Jayesh K and Kochenderfer, Mykel J and Sadigh, Dorsa and Bohg, Jeannette},
  journal={Autonomous Robots},
  volume={46},
  number={1},
  pages={231--247},
  year={2022},
  publisher={Springer}
}

@article{chen2021decentralized,
  title={Decentralized task and path planning for multi-robot systems},
  author={Chen, Yuxiao and Rosolia, Ugo and Ames, Aaron D},
  journal={IEEE Robotics and Automation Letters},
  volume={6},
  number={3},
  pages={4337--4344},
  year={2021},
  publisher={IEEE}
}

@inproceedings{alonso2013optimal,
  title={Optimal reciprocal collision avoidance for multiple non-holonomic robots},
  author={Alonso-Mora, Javier and Breitenmoser, Andreas and Rufli, Martin and Beardsley, Paul and Siegwart, Roland},
  booktitle={Distributed autonomous robotic systems: The 10th international symposium},
  pages={203--216},
  year={2013},
  organization={Springer}
}

@article{wilson2021robotarium,
  title={The robotarium: Automation of a remotely accessible, multi-robot testbed},
  author={Wilson, Sean and Glotfelter, Paul and Mayya, Siddharth and Notomista, Gennaro and Emam, Yousef and Cai, Xiaoyi and Egerstedt, Magnus},
  journal={IEEE Robotics and Automation Letters},
  volume={6},
  number={2},
  pages={2922--2929},
  year={2021},
  publisher={IEEE}
}
@misc{schulman2017proximalpolicyoptimizationalgorithms,
      title={Proximal Policy Optimization Algorithms}, 
      author={John Schulman and Filip Wolski and Prafulla Dhariwal and Alec Radford and Oleg Klimov},
      year={2017},
      eprint={1707.06347},
      archivePrefix={arXiv},
      primaryClass={cs.LG},
      url={https://arxiv.org/abs/1707.06347}, 
}
@article{bolu2021adaptive,
  title={Adaptive task planning for multi-robot smart warehouse},
  author={Bolu, Ali and Kor{\c{c}}ak, {\"O}mer},
  journal={IEEE Access},
  volume={9},
  pages={27346--27358},
  year={2021},
  publisher={IEEE}
}

@inproceedings{kartal2016monte,
  title={Monte Carlo tree search for multi-robot task allocation},
  author={Kartal, Bilal and Nunes, Ernesto and Godoy, Julio and Gini, Maria},
  booktitle={Proceedings of the AAAI Conference on Artificial Intelligence},
  volume={30},
  number={1},
  year={2016}
}

@inproceedings{gini2017multi,
  title={Multi-robot allocation of tasks with temporal and ordering constraints},
  author={Gini, Maria},
  booktitle={Proceedings of the AAAI Conference on Artificial Intelligence},
  volume={31},
  number={1},
  year={2017}
}

@inproceedings{chauhan2023powrl,
  title={PowRL: A reinforcement learning framework for robust management of power networks},
  author={Chauhan, Anandsingh and Baranwal, Mayank and Basumatary, Ansuma},
  booktitle={Proceedings of the AAAI Conference on Artificial Intelligence},
  volume={37},
  number={12},
  pages={14757--14764},
  year={2023}
}

@article{wang2016does,
  title={Where does AlphaGo go: From church-turing thesis to AlphaGo thesis and beyond},
  author={Wang, Fei-Yue and Zhang, Jun Jason and Zheng, Xinhu and Wang, Xiao and Yuan, Yong and Dai, Xiaoxiao and Zhang, Jie and Yang, Liuqing},
  journal={IEEE/CAA Journal of Automatica Sinica},
  volume={3},
  number={2},
  pages={113--120},
  year={2016},
  publisher={IEEE}
}

@book{lavalle2006planning,
  title={Planning algorithms},
  author={LaValle, Steven M},
  year={2006},
  publisher={Cambridge university press}
}

@article{kingma2014adam,
  title={Adam: A method for stochastic optimization},
  author={Kingma, Diederik P and Ba, Jimmy},
  journal={arXiv preprint arXiv:1412.6980},
  year={2014}
}

@article{puterman1990markov,
  title={Markov decision processes},
  author={Puterman, Martin L},
  journal={Handbooks in operations research and management science},
  volume={2},
  pages={331--434},
  year={1990},
  publisher={Elsevier}
}

@article{schulman2017proximal,
  title={Proximal policy optimization algorithms},
  author={Schulman, John and Wolski, Filip and Dhariwal, Prafulla and Radford, Alec and Klimov, Oleg},
  journal={arXiv preprint arXiv:1707.06347},
  year={2017}
}

@book{Lam94,
  author = {Leslie Lamport},
  title = {{\LaTeX}: A Document Preparation System},
  publisher = {Addison-Wesley},
  address = {Reading, MA},
  edition = {2nd},
  year = {1994}
}

@article{WoJe95,
  title = {Intelligent Agents: Theory and Practice},
  author = {Wooldridge, Michael J. and Jennings, Nicholas R.},
  journal = {The Knowledge Engineering Review},
  volume = {10},
  number = {2},
  pages = {115--152},
  year = {1995}
}

@article{GrKr96,
  title = {Collaborative Plans for Complex Group Action},
  author = {Grosz, Barbara J. and Kraus, Sarit},
  journal = {Artificial Intelligence},
  volume = {86},
  number = {2},
  pages = {269--357},
  year = {1996}
}

@Techreport{Har78,
  author =       "David Harel",
  year =         "1978",
  title =        "Logics of programs: axiomatics and descriptive power",
  institution =  "Massachusetts Institute of Technology",
  type =         "MIT Research Lab Technical Report",
  number =       "TR-200",
  address =      "Cambridge, MA",
  month =        "",
  note =         ""
}

@Phdthesis{Cla85,
  author =       "Kenneth L. Clarkson",
  year =         "1985",
  title =        "Algorithms for Closest-Point Problems (Computational Geometry)",
  school =       "Stanford University",
  address =      "Palo Alto, CA",
  note =         "UMI Order Number: AAT 8506171",
  type =         "",
  month =        ""
}

@misc{Oba08,
  author        = "Barack Obama",
  year          = "2008",
  title         = "A More Perfect Union",
  howpublished  = "Video",
  day           = "5",
  url           = "http://video.google.com/videoplay?docid=6528042696351994555",
  month         = mar,
  lastaccessed  = "March 21, 2008",
  note          =  ""
}

@misc{Sci09,
  author =       "Joseph Scientist",
  year =         "2009",
  title =        "The fountain of youth",
  note =         "Patent No. 12345, Filed July 1st., 2008, Issued Aug. 9th., 2009",
  url =          "",
  howpublished = "",
  month =        aug,
  lastaccessed = ""
}

@ArtifactDataset{AnMC13,
 author    =  {Sam Anzaroot and Andrew McCallum},
 title     =  {{UMass} Citation Field Extraction Dataset},
 year      = 2013,
 organization = {University of Massachusetts},
 url       =
    {http://www.iesl.cs.umass.edu/data/data-umasscitationfield},
 lastaccessed = {May 27, 2019}
}

@inproceedings{Hag1993,
title        = {Maintaining Discrete Probability Distributions Optimally},
author       = {Hagerup, Torben and Mehlhorn, Kurt and Munro, J. Ian},
booktitle    = {Proceedings of the 20th International Colloquium on Automata, Languages and Programming},
series       = {Lecture Notes in Computer Science},
volume       = {700},
pages        = {253--264},
year         = {1993},
publisher    = {Springer-Verlag},
address      = {Berlin}
}

@Book{Knu97,
  author =       "Donald E. Knuth",
  title =        "The Art of Computer Programming, Vol. 1: Fundamental Algorithms",
  publisher =    "Addison Wesley",
  year =         "1997",
  address =      "Reading, Massachusetts",
  edition =      "3rd",
  editor =       "",
  volume =       "",
  number =       "",
  series =       "",
  month =        "",
  note =         ""
}

@MASTERSTHESIS{Ani03,
author = {David A. Anisi},
title = {Optimal Motion Control of a Ground Vehicle},
school = {Royal Institute of Technology (KTH), Stockholm, Sweden},
intitution = {FOI-R-0961-SE, Swedish Defence Research Agency (FOI)},
year = {2003},
}


@book{ abelson-et-al:scheme,
  author = "Harold Abelson and Gerald~Jay Sussman and Julie Sussman",
  title = "Structure and Interpretation of Computer Programs",
  publisher = "MIT Press",
  address = "Cambridge, Massachusetts",
  year = "1985"
}

@inproceedings{ bgf:Lixto,
  author = "Robert Baumgartner and Georg Gottlob and Sergio Flesca",
  title = "Visual Information Extraction with {Lixto}",
  booktitle = "Proceedings of the 27th International Conference on Very Large Databases",
  pages = "119--128",
  publisher = "Morgan Kaufmann",
  address = "Rome, Italy",
  month = "September",
  year = "2001"
}

@article{ brachman-schmolze:kl-one,
  author = "Ronald~J. Brachman and James~G. Schmolze",
  title = "An overview of the {KL-ONE} knowledge representation system",
  journal = "Cognitive Science",
  volume = "9",
  number = "2",
  pages = "171--216",
  month = "April--June",
  year = "1985"
}

@article{ gottlob:nonmon,
  author = "Georg Gottlob",
  title = "Complexity results for nonmonotonic logics",
  journal = "Journal of Logic and Computation",
  volume = "2",
  number = "3",
  pages = "397--425",
  month = "June",
  year = "1992"
}

@article{ gls:hypertrees,
  author = "Georg Gottlob and Nicola Leone and Francesco Scarcello",
  title = "Hypertree Decompositions and Tractable Queries",
  journal = "Journal of Computer and System Sciences",
  volume = "64",
  number = "3",
  pages = "579--627",
  month = "May",
  year = "2002"
}

@article{ levesque:functional-foundations,
  author = "Hector~J. Levesque",
  title = "Foundations of a functional approach to knowledge representation",
  journal = "Artificial Intelligence",
  volume = "23",
  number = "2",
  pages = "155--212",
  month = "July",
  year = "1984"
}

@inproceedings{ levesque:belief,
  author = "Hector~J. Levesque",
  title = "A logic of implicit and explicit belief",
  booktitle = "Proceedings of the Fourth National Conference on Artificial Intelligence",
  publisher = "American Association for Artificial Intelligence",
  pages = "198--202",
  address = "Austin, Texas",
  month = "August",
  year = "1984"
}

@article{ nebel:jair-2000,
  author = "Bernhard Nebel",
  title = "On the compilability and expressive power of propositional planning formalisms",
  journal = "Journal of Artificial Intelligence Research",
  volume = "12",
  pages = "271--315",
  year = "2000"
}

 @misc{proceedings,
  author = {{IJCAI Proceedings}},
  title = {{IJCAI} Camera Ready Submission},
  howpublished = {\url{https://proceedings.ijcai.org/info}},
}

@article{ma2017lifelong,
  title={Lifelong multi-agent path finding for online pickup and delivery tasks},
  author={Ma, Hang and Li, Jiaoyang and Kumar, TK and Koenig, Sven},
  journal={arXiv preprint arXiv:1705.10868},
  year={2017}
}

@inproceedings{liu2019task,
  title={Task and path planning for multi-agent pickup and delivery},
  author={Liu, Minghua and Ma, Hang and Li, Jiaoyang and Koenig, Sven},
  booktitle={Proceedings of the International Joint Conference on Autonomous Agents and Multiagent Systems (AAMAS)},
  year={2019}
}

@inproceedings{salzman2020research,
  title={Research challenges and opportunities in multi-agent path finding and multi-agent pickup and delivery problems},
  author={Salzman, Oren and Stern, Roni},
  booktitle={Proceedings of the 19th International Conference on Autonomous Agents and MultiAgent Systems},
  pages={1711--1715},
  year={2020}
}

@inproceedings{xu2022multi,
  title={Multi-goal multi-agent pickup and delivery},
  author={Xu, Qinghong and Li, Jiaoyang and Koenig, Sven and Ma, Hang},
  booktitle={2022 IEEE/RSJ International Conference on Intelligent Robots and Systems (IROS)},
  pages={9964--9971},
  year={2022},
  organization={IEEE}
}