@inproceedings{boney2019active,
  title={Active one-shot learning with Prototypical Networks.},
  author={Boney, Rinu and Ilin, Alexander and others},
  booktitle={ESANN},
  year={2019}
}

@article{chang2021training,
  title={On training instance selection for few-shot neural text generation},
  author={Chang, Ernie and Shen, Xiaoyu and Yeh, Hui-Syuan and Demberg, Vera},
  journal={arXiv preprint arXiv:2107.03176},
  year={2021}
}

@article{li2021alpn,
  title={ALPN: Active-learning-based prototypical network for few-shot hyperspectral imagery classification},
  author={Li, Xiaorun and Cao, Zeyu and Zhao, Liaoying and Jiang, Jianfeng},
  journal={IEEE Geoscience and Remote Sensing Letters},
  volume={19},
  pages={1--5},
  year={2021},
  publisher={IEEE}
}

@inproceedings{lin2022few,
  title={Few-shot Learning with Multilingual Generative Language Models},
  author={Lin, Xi Victoria and Mihaylov, Todor and Artetxe, Mikel and Wang, Tianlu and Chen, Shuohui and Simig, Daniel and Ott, Myle and Goyal, Naman and Bhosale, Shruti and Du, Jingfei and others},
  booktitle={Proceedings of the 2022 Conference on Empirical Methods in Natural Language Processing},
  pages={9019--9052},
  year={2022}
}

@inproceedings{muller2022active,
  title={Active few-shot learning with fasl},
  author={M{\"u}ller, Thomas and P{\'e}rez-Torr{\'o}, Guillermo and Basile, Angelo and Franco-Salvador, Marc},
  booktitle={International Conference on Applications of Natural Language to Information Systems},
  pages={98--110},
  year={2022},
  organization={Springer}
}

@article{pezeshkpour2020utility,
  title={On the utility of active instance selection for few-shot learning},
  author={Pezeshkpour, Pouya and Zhao, Zhengli and Singh, Sameer},
  journal={NeurIPS HAMLETS},
  year={2020}
}

@inproceedings{schick2021few,
  title={Few-shot text generation with natural language instructions},
  author={Schick, Timo and Sch{\"u}tze, Hinrich},
  booktitle={Proceedings of the 2021 Conference on Empirical Methods in Natural Language Processing},
  pages={390--402},
  year={2021}
}

@article{shin2022active,
  title={Active Instance Selection for Few-shot Classification},
  author={Shin, Junsup and Kang, Youngwook and Jung, Seungjin and Choi, Jongwon},
  journal={IEEE Access},
  year={2022},
  publisher={IEEE}
}

