@article{Ge2023Chain,
 author = {Jiaxin Ge and Hongyin Luo and Siyuan Qian and Yulu Gan and Jie Fu and Shanghang Zhang},
 title = {Chain of Thought Prompt Tuning in Vision Language Models},
 year = {2023}
}

@article{Wu2023The,
 author = {Yifan Wu and Pengchuan Zhang and Wenhan Xiong and Barlas Oğuz and James C. Gee and Yixin Nie},
 journal = {ArXiv},
 title = {The Role of Chain-of-Thought in Complex Vision-Language Reasoning Task},
 year = {2023}
}

@inproceedings{YFCC-Val26k-Interpretable,
 author = {Theiner, Jonas and M{\"u}ller-Budack, Eric and Ewerth, Ralph},
 booktitle = {WACV},
 title = {Interpretable semantic photo geolocation},
 year = {2022}
}

@inproceedings{Zhou_2024,
 author = {Zhou, Zhongliang and Zhang, Jielu and Guan, Zihan and Hu, Mengxuan and Lao, Ni and Mu, Lan and Li, Sheng and Mai, Gengchen},
 booktitle = {Proc. of SIGIR},
 pages = {2749–2754},
 title = {Img2Loc: Revisiting Image Geolocalization using Multi-modality Foundation Models and Image-based Retrieval-Augmented Generation},
 year = {2024}
}

@inproceedings{astruc2024openstreetview,
 author = {Astruc, Guillaume and Dufour, Nicolas and Siglidis, Ioannis and Aronssohn, Constantin and Bouia, Nacim and Fu, Stephanie and Loiseau, Romain and Nguyen, Van Nguyen and Raude, Charles and Vincent, Elliot and others},
 booktitle = {Proc. of CVPR},
 pages = {21967--21977},
 title = {OpenStreetView-5M: The Many Roads to Global Visual Geolocation},
 year = {2024}
}

@inproceedings{bithel2023evaluating,
 author = {Bithel, Shivangi and Bedathur, Srikanta},
 booktitle = {Proc. of SIGIR},
 pages = {1960--1965},
 title = {Evaluating Cross-modal generative models using retrieval task},
 year = {2023}
}

@article{brown2020language,
 author = {Brown, Tom and Mann, Benjamin and Ryder, Nick and Subbiah, Melanie and Kaplan, Jared D and Dhariwal, Prafulla and Neelakantan, Arvind and Shyam, Pranav and Sastry, Girish and Askell, Amanda and others},
 journal = {Proc. of NeurIPS},
 pages = {1877--1901},
 title = {{Language models are few-shot learners}},
 year = {2020}
}

@article{cai2023benchlmm,
 author = {Cai, Rizhao and Song, Zirui and Guan, Dayan and Chen, Zhenhao and Luo, Xing and Yi, Chenyu and Kot, Alex},
 journal = {arXiv preprint arXiv:2312.02896},
 title = {Benchlmm: Benchmarking cross-style visual capability of large multimodal models},
 year = {2023}
}

@inproceedings{clark2023,
 author = {Clark, Brandon and Kerrigan, Alec and Kulkarni, Parth Parag and Cepeda, Vicente Vivanco and Shah, Mubarak},
 booktitle = {CVPR},
 pages = {23182-23190},
 title = {{Where We Are and What We're Looking At: Query Based Worldwide Image Geo-Localization Using Hierarchies and Scenes}},
 year = {2023}
}

@article{dai2024instructblip,
 author = {Dai, Wenliang and Li, Junnan and Li, Dongxu and Tiong, Anthony Meng Huat and Zhao, Junqi and Wang, Weisheng and Li, Boyang and Fung, Pascale N and Hoi, Steven},
 journal = {Proc. of NeurIPS},
 title = {Instructblip: Towards general-purpose vision-language models with instruction tuning},
 year = {2024}
}

@article{dasgupta2022language,
 author = {Dasgupta, Ishita and Lampinen, Andrew K and Chan, Stephanie CY and Creswell, Antonia and Kumaran, Dharshan and McClelland, James L and Hill, Felix},
 journal = {arXiv preprint arXiv:2207.07051},
 title = {Language models show human-like content effects on reasoning},
 year = {2022}
}

@inproceedings{fang2024transformer,
 author = {Fang, Zhiyu and Lei, Shuai-Long and Zhu, Xiaobin and Yang, Chun and Zhang, Shi-Xue and Yin, Xu-Cheng and Qin, Jingyan},
 booktitle = {Proc. of SIGIR},
 pages = {70--79},
 title = {Transformer-based reasoning for learning evolutionary chain of events on temporal knowledge graph},
 year = {2024}
}

@inproceedings{han2023mitigating,
 author = {Han, Xiao and Zhao, Xiangyu and Zhang, Liang and Wang, Wanyu},
 booktitle = {Proc. of KDD},
 pages = {673--684},
 title = {Mitigating action hysteresis in traffic signal control with traffic predictive reinforcement learning},
 year = {2023}
}

@article{huang2023embodied,
 author = {Huang, Jiangyong and Yong, Silong and Ma, Xiaojian and Linghu, Xiongkun and Li, Puhao and Wang, Yan and Li, Qing and Zhu, Song-Chun and Jia, Baoxiong and Huang, Siyuan},
 journal = {arXiv:2311.12871},
 title = {An embodied generalist agent in 3d world},
 year = {2023}
}

@article{kojima2022large,
 author = {Kojima, Takeshi and Gu, Shixiang Shane and Reid, Machel and Matsuo, Yutaka and Iwasawa, Yusuke},
 journal = {Proc. of NeurIPS},
 pages = {22199--22213},
 title = {Large language models are zero-shot reasoners},
 year = {2022}
}

@misc{laion2023gpt4v,
 author = {LAION},
 title = {Gpt-4v dataset},
 year = {2023}
}

@article{li2023llama,
 author = {Li, Yanwei and Wang, Chengyao and Jia, Jiaya},
 journal = {arXiv preprint arXiv:2311.17043},
 title = {{LLaMA-VID: An Image is Worth 2 Tokens in Large Language Models}},
 year = {2023}
}

@article{li2024appagent,
 author = {Li, Yanda and Zhang, Chi and Yang, Wanqi and Fu, Bin and Cheng, Pei and Chen, Xin and Chen, Ling and Wei, Yunchao},
 journal = {arXiv preprint arXiv:2408.11824},
 title = {Appagent v2: Advanced agent for flexible mobile interactions},
 year = {2024}
}

@inproceedings{liu2019lending,
 author = {Liu, Liu and Li, Hongdong},
 booktitle = {Proc. of CVPR},
 pages = {5624--5633},
 title = {Lending orientation to neural networks for cross-view geo-localization},
 year = {2019}
}

@article{liu2024sphinx,
 author = {Liu, Dongyang and Zhang, Renrui and Qiu, Longtian and Huang, Siyuan and Lin, Weifeng and Zhao, Shitian and Geng, Shijie and Lin, Ziyi and Jin, Peng and Zhang, Kaipeng and others},
 journal = {arXiv preprint arXiv:2402.05935},
 title = {Sphinx-x: Scaling data and parameters for a family of multi-modal large language models},
 year = {2024}
}

@article{liu2024textmonkey,
 author = {Liu, Yuliang and Yang, Biao and Liu, Qiang and Li, Zhang and Ma, Zhiyin and Zhang, Shuo and Bai, Xiang},
 journal = {arXiv:2403.04473},
 title = {TextMonkey: An OCR-Free Large Multimodal Model for Understanding Document},
 year = {2024}
}

@article{liu2024visual,
 author = {Liu, Haotian and Li, Chunyuan and Wu, Qingyang and Lee, Yong Jae},
 journal = {Proc. of NeurIPS},
 title = {Visual instruction tuning},
 year = {2024}
}

@article{lu2024deepseek,
 author = {Lu, Haoyu and Liu, Wen and Zhang, Bo and Wang, Bingxuan and Dong, Kai and Liu, Bo and Sun, Jingxiang and Ren, Tongzheng and Li, Zhuoshu and Sun, Yaofeng and others},
 journal = {arXiv preprint arXiv:2403.05525},
 title = {Deepseek-vl: towards real-world vision-language understanding},
 year = {2024}
}

@article{mckinzie2024mm1,
 author = {McKinzie, Brandon and Gan, Zhe and Fauconnier, Jean-Philippe and Dodge, Sam and Zhang, Bowen and Dufter, Philipp and Shah, Dhruti and Du, Xianzhi and Peng, Futang and Weers, Floris and others},
 journal = {arXiv:2403.09611},
 title = {MM1: Methods, Analysis \& Insights from Multimodal LLM Pre-training},
 year = {2024}
}

@article{mirowski2019streetlearn-navigation,
 author = {Mirowski, Piotr and Banki-Horvath, Andras and Anderson, Keith and Teplyashin, Denis and Hermann, Karl Moritz and Malinowski, Mateusz and Grimes, Matthew Koichi and Simonyan, Karen and Kavukcuoglu, Koray and Zisserman, Andrew and others},
 journal = {arXiv preprint arXiv:1903.01292},
 title = {The {S}treet{L}earn environment and dataset},
 year = {2019}
}

@inproceedings{muller2018,
 author = {Müller-Budack, Eric and Pustu-Iren, Kader and Ewerth, Ralph},
 booktitle = {Proc. of ECCV},
 pages = {563-579},
 title = {{Geolocation Estimation of Photos using a Hierarchical Model and Scene Classification}},
 year = {2018}
}

@inproceedings{nn-UCF-GSV-Dataset-2014,
 author = {Zamir, A.R. and Shah, M.},
 journal = {Pattern Analysis and Machine Intelligence},
 title = {Image Geo-localization Based on Multiple Nearest Neighbor Feature Matching using Generalized Graphs},
 year = {2014}
}

@inproceedings{peng2023kosmos,
 author = {Zhiliang Peng and Wenhui Wang and Li Dong and Yaru Hao and Shaohan Huang and Shuming Ma and Qixiang Ye and Furu Wei},
 booktitle = {Proc. of ICLR},
 title = {Grounding Multimodal Large Language Models to the World},
 year = {2024}
}

@article{pmc-vqa,
 author = {Zhang, Xiaoman and Wu, Chaoyi and Zhao, Ziheng and Lin, Weixiong and Zhang, Ya and Wang, Yanfeng and Xie, Weidi},
 journal = {arXiv:2305.10415},
 title = {PMC-VQA: Visual Instruction Tuning for Medical Visual Question Answering},
 year = {2023}
}

@inproceedings{pramanick2022,
 author = {Pramanick, Shraman and Nowara, Ewa M and Gleason, Joshua and Castillo, Carlos D and Chellappa, Rama},
 booktitle = {Proc. of ECCV},
 pages = {196-215},
 title = {{Where in the World is this Image? Transformer-based Geo-localization in the Wild}},
 year = {2022}
}

@inproceedings{seo2018,
 author = {Seo, Paul Hongsuck and Weyand, Tobias and Sim, Jack and Han, Bohyung},
 booktitle = {Proc. of ECCV},
 pages = {536-551},
 title = {{CPlaNet: Enhancing Image Geolocalization by Combinatorial Partitioning of Maps}},
 year = {2018}
}

@article{song2024mmac,
 author = {Song, Zirui and Li, Yaohang and Fang, Meng and Chen, Zhenhao and Shi, Zecheng and Huang, Yuan and Chen, Ling},
 journal = {arXiv preprint arXiv:2404.18074},
 title = {Mmac-copilot: Multi-modal agent collaboration operating system copilot},
 year = {2024}
}

@inproceedings{theiner2022,
 author = {Theiner, Jonas and M{\"u}ller-Budack, Eric and Ewerth, Ralph},
 booktitle = {Proceedings of the IEEE/CVF Winter Conference on Applications of Computer Vision},
 pages = {750-760},
 title = {{Interpretable Semantic Photo Geolocation}},
 year = {2022}
}

@misc{tinyllava,
 author = {Zhou, Baichuan and Huang, Lei},
 title = {TinyLLaVA},
 year = {2024}
}

@inproceedings{vo2017revisiting,
 author = {Vo, Nam and Jacobs, Nathan and Hays, James},
 booktitle = {Proc. of ICCV},
 pages = {2621--2630},
 title = {Revisiting im2gps in the deep learning era},
 year = {2017}
}

@article{wei2022chain,
 author = {Wei, Jason and Wang, Xuezhi and Schuurmans, Dale and Bosma, Maarten and Xia, Fei and Chi, Ed and Le, Quoc V and Zhou, Denny and others},
 journal = {Proc. of NeurIPS},
 pages = {24824--24837},
 title = {Chain-of-thought prompting elicits reasoning in large language models},
 year = {2022}
}

@inproceedings{weyand2016,
 author = {Weyand, Tobias and Kostrikov, Ilya and Philbin, James},
 booktitle = {Proc. of ECCV},
 pages = {37-55},
 title = {{PlaNet - Photo Geolocation with Convolutional Neural Networks}},
 year = {2016}
}

@inproceedings{workman2015wide,
 author = {Workman, Scott and Souvenir, Richard and Jacobs, Nathan},
 booktitle = {Proc. of ICCV},
 pages = {3961--3969},
 title = {Wide-area image geolocalization with aerial reference imagery},
 year = {2015}
}

@article{yang2023appagent,
 author = {Yang, Zhao and Liu, Jiaxuan and Han, Yucheng and Chen, Xin and Huang, Zebiao and Fu, Bin and Yu, Gang},
 journal = {arXiv:2312.13771},
 title = {Appagent: Multimodal agents as smartphone users},
 year = {2023}
}

@article{ye2023mplug,
 author = {Ye, Jiabo and Hu, Anwen and Xu, Haiyang and Ye, Qinghao and Yan, Ming and Dan, Yuhao and Zhao, Chenlin and Xu, Guohai and Li, Chenliang and Tian, Junfeng and others},
 journal = {arXiv:2307.02499},
 title = {mplug-docowl: Modularized multimodal large language model for document understanding},
 year = {2023}
}

@inproceedings{zhang2023,
 author = {Zhang, Xiaohan and Li, Xingyu and Sultani, Waqas and Zhou, Yi and Wshah, Safwan},
 booktitle = {Proc. of AAAI},
 pages = {3480-3488},
 title = {{Cross-View Geo-Localization via Learning Disentangled Geometric Layout Correspondence}},
 year = {2023}
}

@inproceedings{zhang2023autostl,
 author = {Zhang, Zijian and Zhao, Xiangyu and Miao, Hao and Zhang, Chunxu and Zhao, Hongwei and Zhang, Junbo},
 booktitle = {Proc. of AAAI},
 pages = {4902--4910},
 title = {Autostl: Automated spatio-temporal multi-task learning},
 year = {2023}
}

@inproceedings{zhang2023mlpst,
 author = {Zhang, Zijian and Huang, Ze and Hu, Zhiwei and Zhao, Xiangyu and Wang, Wanyu and Liu, Zitao and Zhang, Junbo and Qin, S Joe and Zhao, Hongwei},
 booktitle = {Proc. of CIKM},
 pages = {3381--3390},
 title = {MLPST: MLP is All You Need for Spatio-Temporal Prediction},
 year = {2023}
}

@inproceedings{zhang2023promptst,
 author = {Zhang, Zijian and Zhao, Xiangyu and Liu, Qidong and Zhang, Chunxu and Ma, Qian and Wang, Wanyu and Zhao, Hongwei and Wang, Yiqi and Liu, Zitao},
 booktitle = {Proc. of CIKM},
 pages = {3195--3205},
 title = {Promptst: Prompt-enhanced spatio-temporal multi-attribute prediction},
 year = {2023}
}

@inproceedings{zhang2024universal,
 author = {Zhang, Peng-Fei and Huang, Zi and Bai, Guangdong},
 booktitle = {Proc. of SIGIR},
 pages = {862--871},
 title = {Universal adversarial perturbations for vision-language pre-trained models},
 year = {2024}
}

@inproceedings{zhao2016exploring,
 author = {Zhao, Xiangyu and Xu, Tong and Liu, Qi and Guo, Hao},
 booktitle = {Proc. of DASFAA},
 pages = {396--411},
 title = {Exploring the choice under conflict for social event participation},
 year = {2016}
}

@inproceedings{zhao2017incorporating,
 author = {Zhao, Xiangyu and Xu, Tong and Fu, Yanjie and Chen, Enhong and Guo, Hao},
 booktitle = {Proc. of ICDM},
 pages = {1177--1182},
 title = {Incorporating spatio-temporal smoothness for air quality inference},
 year = {2017}
}

@inproceedings{zhao2017modeling,
 author = {Zhao, Xiangyu and Tang, Jiliang},
 booktitle = {Proceedings of the 2017 ACM on Conference on Information and Knowledge Management},
 pages = {497--506},
 title = {Modeling temporal-spatial correlations for crime prediction},
 year = {2017}
}

@inproceedings{zhao2022multi,
 author = {Zhao, Xiangyu and Fan, Wenqi and Liu, Hui and Tang, Jiliang},
 booktitle = {Proc. of AAAI},
 pages = {4388--4396},
 title = {Multi-type urban crime prediction},
 year = {2022}
}

@inproceedings{zhao2023mamo,
 author = {Zhao, Zijia and Guo, Longteng and He, Xingjian and Shao, Shuai and Yuan, Zehuan and Liu, Jing},
 booktitle = {Proc. of SIGIR},
 pages = {1528--1538},
 title = {Mamo: Fine-grained vision-language representations learning with masked multimodal modeling},
 year = {2023}
}

@article{zhao2024cobra,
 author = {Zhao, Han and Zhang, Min and Zhao, Wei and Ding, Pengxiang and Huang, Siteng and Wang, Donglin},
 journal = {arXiv preprint arXiv:2403.14520},
 title = {Cobra: Extending Mamba to Multi-Modal Large Language Model for Efficient Inference},
 year = {2024}
}

@inproceedings{zhu2022,
 author = {Zhu, Sijie and Shah, Mubarak and Chen, Chen},
 booktitle = {CVPR},
 pages = {1162-1171},
 title = {{TransGeo: Transformer Is All You Need for Cross-view Image Geo-localization}},
 year = {2022}
}

@article{zhu2023difftraj,
 author = {Zhu, Yuanshao and Ye, Yongchao and Zhang, Shiyao and Zhao, Xiangyu and Yu, James},
 journal = {Proc. of NeurIPS},
 pages = {65168--65188},
 title = {Difftraj: Generating gps trajectory with diffusion probabilistic model},
 year = {2023}
}

@article{zhu2023synmob,
 author = {Zhu, Yuanshao and Ye, Yongchao and Wu, Ying and Zhao, Xiangyu and Yu, James},
 journal = {Proc. of NeurIPS},
 pages = {22961--22977},
 title = {Synmob: Creating high-fidelity synthetic gps trajectory dataset for urban mobility analysis},
 year = {2023}
}

@article{zhu2024comprehensive,
 author = {Zhu, Minjie and Zhu, Yichen and Liu, Xin and Liu, Ning and Xu, Zhiyuan and Shen, Chaomin and Peng, Yaxin and Ou, Zhicai and Feng, Feifei and Tang, Jian},
 journal = {arXiv preprint arXiv:2403.06199},
 title = {A Comprehensive Overhaul of Multimodal Assistant with Small Language Models},
 year = {2024}
}

@inproceedings{zhu2024controltraj,
 author = {Zhu, Yuanshao and Yu, James Jianqiao and Zhao, Xiangyu and Liu, Qidong and Ye, Yongchao and Chen, Wei and Zhang, Zijian and Wei, Xuetao and Liang, Yuxuan},
 booktitle = {Proc. of KDD},
 pages = {4676--4687},
 title = {Controltraj: Controllable trajectory generation with topology-constrained diffusion model},
 year = {2024}
}

