@inproceedings{chen2004example,
  title={Example-based composite sketching of human portraits},
  author={Chen, Hong and Liu, Ziqiang and Rose, Chuck and Xu, Yingqing and Shum, Heung-Yeung and Salesin, David},
  booktitle={Proceedings of the 3rd international symposium on Non-photorealistic animation and rendering},
  pages={95--153},
  year={2004}
}

@inproceedings{das2020beziersketch,
  title={B{\'e}ziersketch: A generative model for scalable vector sketches},
  author={Das, Ayan and Yang, Yongxin and Hospedales, Timothy and Xiang, Tao and Song, Yi-Zhe},
  booktitle={Computer Vision--ECCV 2020: 16th European Conference, Glasgow, UK, August 23--28, 2020, Proceedings, Part XXVI 16},
  pages={632--647},
  year={2020},
  organization={Springer}
}

@inproceedings{fu2011animated,
  title={Animated construction of line drawings},
  author={Fu, Hongbo and Zhou, Shizhe and Liu, Ligang and Mitra, Niloy J},
  booktitle={Proceedings of the 2011 SIGGRAPH Asia Conference},
  pages={1--10},
  year={2011}
}

@article{ge2020creative,
  title={Creative sketch generation},
  author={Ge, Songwei and Goswami, Vedanuj and Zitnick, C Lawrence and Parikh, Devi},
  journal={arXiv preprint arXiv:2011.10039},
  year={2020}
}

@article{ha2017neural,
  title={A neural representation of sketch drawings},
  author={Ha, David and Eck, Douglas},
  journal={arXiv preprint arXiv:1704.03477},
  year={2017}
}

@inproceedings{huang2019learning,
  title={Learning to paint with model-based deep reinforcement learning},
  author={Huang, Zhewei and Heng, Wen and Zhou, Shuchang},
  booktitle={Proceedings of the IEEE/CVF international conference on computer vision},
  pages={8709--8718},
  year={2019}
}

@inproceedings{sousa1999observational,
  title={Observational model of blenders and erasers in computer-generated pencil rendering},
  author={Sousa, Mario Costa and Buchanan, John W},
  booktitle={Graphics Interface},
  volume={99},
  pages={157--166},
  year={1999}
}

@inproceedings{sutherland1964sketch,
  title={Sketch pad a man-machine graphical communication system},
  author={Sutherland, Ivan E},
  booktitle={Proceedings of the SHARE design automation workshop},
  pages={6--329},
  year={1964}
}

@inproceedings{tong2021sketch,
  title={Sketch generation with drawing process guided by vector flow and grayscale},
  author={Tong, Zhengyan and Chen, Xuanhong and Ni, Bingbing and Wang, Xiaohang},
  booktitle={Proceedings of the AAAI Conference on Artificial Intelligence},
  volume={35},
  number={1},
  pages={609--616},
  year={2021}
}

@article{vinker2022clipasso,
  title={Clipasso: Semantically-aware object sketching},
  author={Vinker, Yael and Pajouheshgar, Ehsan and Bo, Jessica Y and Bachmann, Roman Christian and Bermano, Amit Haim and Cohen-Or, Daniel and Zamir, Amir and Shamir, Ariel},
  journal={ACM Transactions on Graphics (TOG)},
  volume={41},
  number={4},
  pages={1--11},
  year={2022},
  publisher={ACM New York, NY, USA}
}

@inproceedings{vinker2023clipascene,
  title={Clipascene: Scene sketching with different types and levels of abstraction},
  author={Vinker, Yael and Alaluf, Yuval and Cohen-Or, Daniel and Shamir, Ariel},
  booktitle={Proceedings of the IEEE/CVF International Conference on Computer Vision},
  pages={4146--4156},
  year={2023}
}

@inproceedings{zheng2018strokenet,
  title={Strokenet: A neural painting environment},
  author={Zheng, Ningyuan and Jiang, Yifan and Huang, Dingjiang},
  booktitle={International Conference on Learning Representations},
  year={2018}
}

