@inproceedings{sutherland1964sketch,
  title={Sketch pad a man-machine graphical communication system},
  author={Sutherland, Ivan E},
  booktitle={Proceedings of the SHARE design automation workshop},
  pages={6--329},
  year={1964}
}
@inproceedings{li2003feature,
  title={A feature-based pencil drawing method},
  author={Li, Nan and Huang, Zhiong},
  booktitle={Proceedings of the 1st international conference on Computer graphics and interactive techniques in Australasia and South East Asia},
  pages={135--ff},
  year={2003}
}
@inproceedings{sousa1999observational,
  title={Observational model of blenders and erasers in computer-generated pencil rendering},
  author={Sousa, Mario Costa and Buchanan, John W},
  booktitle={Graphics Interface},
  volume={99},
  pages={157--166},
  year={1999}
}
@inproceedings{chen2004example,
  title={Example-based composite sketching of human portraits},
  author={Chen, Hong and Liu, Ziqiang and Rose, Chuck and Xu, Yingqing and Shum, Heung-Yeung and Salesin, David},
  booktitle={Proceedings of the 3rd international symposium on Non-photorealistic animation and rendering},
  pages={95--153},
  year={2004}
}
@inproceedings{zheng2018strokenet,
  title={Strokenet: A neural painting environment},
  author={Zheng, Ningyuan and Jiang, Yifan and Huang, Dingjiang},
  booktitle={International Conference on Learning Representations},
  year={2018}
}
@article{ha2017neural,
  title={A neural representation of sketch drawings},
  author={Ha, David and Eck, Douglas},
  journal={arXiv preprint arXiv:1704.03477},
  year={2017}
}
@inproceedings{fu2011animated,
  title={Animated construction of line drawings},
  author={Fu, Hongbo and Zhou, Shizhe and Liu, Ligang and Mitra, Niloy J},
  booktitle={Proceedings of the 2011 SIGGRAPH Asia Conference},
  pages={1--10},
  year={2011}
}
@article{ge2020creative,
  title={Creative sketch generation},
  author={Ge, Songwei and Goswami, Vedanuj and Zitnick, C Lawrence and Parikh, Devi},
  journal={arXiv preprint arXiv:2011.10039},
  year={2020}
}
@inproceedings{qi2021sketchlattice,
  title={Sketchlattice: Latticed representation for sketch manipulation},
  author={Qi, Yonggang and Su, Guoyao and Chowdhury, Pinaki Nath and Li, Mingkang and Song, Yi-Zhe},
  booktitle={Proceedings of the IEEE/CVF International Conference on Computer Vision},
  pages={953--961},
  year={2021}
}
@article{vinker2022clipasso,
  title={Clipasso: Semantically-aware object sketching},
  author={Vinker, Yael and Pajouheshgar, Ehsan and Bo, Jessica Y and Bachmann, Roman Christian and Bermano, Amit Haim and Cohen-Or, Daniel and Zamir, Amir and Shamir, Ariel},
  journal={ACM Transactions on Graphics (TOG)},
  volume={41},
  number={4},
  pages={1--11},
  year={2022},
  publisher={ACM New York, NY, USA}
}
@inproceedings{vinker2023clipascene,
  title={Clipascene: Scene sketching with different types and levels of abstraction},
  author={Vinker, Yael and Alaluf, Yuval and Cohen-Or, Daniel and Shamir, Ariel},
  booktitle={Proceedings of the IEEE/CVF International Conference on Computer Vision},
  pages={4146--4156},
  year={2023}
}
@inproceedings{liu2021paint,
  title={Paint transformer: Feed forward neural painting with stroke prediction},
  author={Liu, Songhua and Lin, Tianwei and He, Dongliang and Li, Fu and Deng, Ruifeng and Li, Xin and Ding, Errui and Wang, Hao},
  booktitle={Proceedings of the IEEE/CVF international conference on computer vision},
  pages={6598--6607},
  year={2021}
}
@inproceedings{huang2019learning,
  title={Learning to paint with model-based deep reinforcement learning},
  author={Huang, Zhewei and Heng, Wen and Zhou, Shuchang},
  booktitle={Proceedings of the IEEE/CVF international conference on computer vision},
  pages={8709--8718},
  year={2019}
}
@inproceedings{das2020beziersketch,
  title={B{\'e}ziersketch: A generative model for scalable vector sketches},
  author={Das, Ayan and Yang, Yongxin and Hospedales, Timothy and Xiang, Tao and Song, Yi-Zhe},
  booktitle={Computer Vision--ECCV 2020: 16th European Conference, Glasgow, UK, August 23--28, 2020, Proceedings, Part XXVI 16},
  pages={632--647},
  year={2020},
  organization={Springer}
}
@inproceedings{romaszko2017vision,
  title={Vision-as-inverse-graphics: Obtaining a rich 3d explanation of a scene from a single image},
  author={Romaszko, Lukasz and Williams, Christopher KI and Moreno, Pol and Kohli, Pushmeet},
  booktitle={Proceedings of the IEEE International Conference on Computer Vision Workshops},
  pages={851--859},
  year={2017}
}
@article{kulkarni2015deep,
  title={Deep convolutional inverse graphics network},
  author={Kulkarni, Tejas D and Whitney, William F and Kohli, Pushmeet and Tenenbaum, Josh},
  journal={Advances in neural information processing systems},
  volume={28},
  year={2015}
}
@article{rodriguez2023starvector,
  title={StarVector: Generating Scalable Vector Graphics Code from Images},
  author={Rodriguez, Juan A and Agarwal, Shubham and Laradji, Issam H and Rodriguez, Pau and Vazquez, David and Pal, Christopher and Pedersoli, Marco},
  journal={arXiv preprint arXiv:2312.11556},
  year={2023}
}
@article{zhang2023towards,
  title={Towards Readable Scalable Vector Graphic Generation},
  author={Zhang, Peiyan and Wang, Haohan},
  journal={},
  year={2023}
}
@phdthesis{liu2009beyond,
  title={Beyond pixels: exploring new representations and applications for motion analysis},
  author={Liu, Ce and others},
  year={2009},
  school={Massachusetts Institute of Technology}
}
@article{carlier2020deepsvg,
  title={Deepsvg: A hierarchical generative network for vector graphics animation},
  author={Carlier, Alexandre and Danelljan, Martin and Alahi, Alexandre and Timofte, Radu},
  journal={Advances in Neural Information Processing Systems},
  volume={33},
  pages={16351--16361},
  year={2020}
}
@inproceedings{mateja2023animatesvg,
  title={AnimateSVG: autonomous creation and aesthetics evaluation of scalable vector graphics animations for the case of brand logos},
  author={Mateja, Deborah and Armbruster, Rebecca and Baumert, Jonathan and Bleil, Tim and Langenbahn, Jakob and Schwedhelm, Jan Christian and Sester, Sarah and Heinzl, Armin},
  booktitle={Proceedings of the AAAI Conference on Artificial Intelligence},
  volume={37},
  pages={15710--15716},
  year={2023}
}
@incollection{palmer2003perceptual,
  title={Perceptual organization and grouping},
  author={Palmer, Stephen E},
  booktitle={Perceptual organization in vision},
  pages={15--56},
  year={2003},
  publisher={Psychology Press}
}
@article{wagemans2012century,
  title={A century of Gestalt psychology in visual perception: I. Perceptual grouping and figure--ground organization.},
  author={Wagemans, Johan and Elder, James H and Kubovy, Michael and Palmer, Stephen E and Peterson, Mary A and Singh, Manish and Von der Heydt, R{\"u}diger},
  journal={Psychological bulletin},
  volume={138},
  number={6},
  pages={1172},
  year={2012},
  publisher={American Psychological Association}
}
@inproceedings{tong2021sketch,
  title={Sketch generation with drawing process guided by vector flow and grayscale},
  author={Tong, Zhengyan and Chen, Xuanhong and Ni, Bingbing and Wang, Xiaohang},
  booktitle={Proceedings of the AAAI Conference on Artificial Intelligence},
  volume={35},
  number={1},
  pages={609--616},
  year={2021}
}
@article{song2024processpainter,
  title={ProcessPainter: Learn Painting Process from Sequence Data},
  author={Song, Yiren and Huang, Shijie and Yao, Chen and Ye, Xiaojun and Ci, Hai and Liu, Jiaming and Zhang, Yuxuan and Shou, Mike Zheng},
  journal={arXiv preprint arXiv:2406.06062},
  year={2024}
}
@inproceedings{dai2023sketch,
  title={Sketch less face image retrieval: a new challenge},
  author={Dai, Dawei and Li, Yutang and Wang, Liang and Fu, Shiyu and Xia, Shuyin and Wang, Guoyin},
  booktitle={ICASSP 2023-2023 IEEE International Conference on Acoustics, Speech and Signal Processing (ICASSP)},
  pages={1--5},
  year={2023},
  organization={IEEE}
}
@misc{vectwebsite,
    author = {{Vectorizer}},
    title = {},
    url = {https://vectorizer.ai/api},
    note = {},
    keywords = {}
}

@misc{lineartweb,
    author = {{LineArt}},
    title = {},
    url = {https://huggingface.co/datasets/pvpsaba/one-line-art},
    note = {},
    keywords = {}
}

@article{saleh2015large,
  title={Large-scale classification of fine-art paintings: Learning the right metric on the right feature},
  author={Saleh, Babak and Elgammal, Ahmed},
  journal={arXiv preprint arXiv:1505.00855},
  year={2015}
}
@article{zhao2005hierarchical,
  title={Hierarchical clustering algorithms for document datasets},
  author={Zhao, Ying and Karypis, George and Fayyad, Usama},
  journal={Data mining and knowledge discovery},
  volume={10},
  pages={141--168},
  year={2005},
  publisher={Springer}
}
@inproceedings{chan2022learning,
  title={Learning to generate line drawings that convey geometry and semantics},
  author={Chan, Caroline and Durand, Fr{\'e}do and Isola, Phillip},
  booktitle={Proceedings of the IEEE/CVF Conference on Computer Vision and Pattern Recognition},
  pages={7915--7925},
  year={2022}
}
@inproceedings{li2018universal,
  title={Universal sketch perceptual grouping},
  author={Li, Ke and Pang, Kaiyue and Song, Jifei and Song, Yi-Zhe and Xiang, Tao and Hospedales, Timothy M and Zhang, Honggang},
  booktitle={Proceedings of the european conference on computer vision (ECCV)},
  pages={582--597},
  year={2018}
}
@article{chen2017deeplab,
  title={Deeplab: Semantic image segmentation with deep convolutional nets, atrous convolution, and fully connected crfs},
  author={Chen, Liang-Chieh and Papandreou, George and Kokkinos, Iasonas and Murphy, Kevin and Yuille, Alan L},
  journal={IEEE transactions on pattern analysis and machine intelligence},
  volume={40},
  number={4},
  pages={834--848},
  year={2017},
  publisher={IEEE}
}
@inproceedings{wang2017unsupervised,
  title={Unsupervised image segmentation using convolutional autoencoder with total variation regularization as preprocessing},
  author={Wang, Chunlai and Yang, Bin and Liao, Yiwen},
  booktitle={2017 IEEE International Conference on Acoustics, Speech and Signal Processing (ICASSP)},
  pages={1877--1881},
  year={2017},
  organization={IEEE}
}
@inproceedings{ren2003learning,
  title={Learning a classification model for segmentation},
  author={Ren and Malik},
  booktitle={Proceedings ninth IEEE international conference on computer vision},
  pages={10--17},
  year={2003},
  organization={IEEE}
}
@inproceedings{sun2012free,
  title={Free hand-drawn sketch segmentation},
  author={Sun, Zhenbang and Wang, Changhu and Zhang, Liqing and Zhang, Lei},
  booktitle={Computer Vision--ECCV 2012: 12th European Conference on Computer Vision, Florence, Italy, October 7-13, 2012, Proceedings, Part I 12},
  pages={626--639},
  year={2012},
  organization={Springer}
}
@inproceedings{qi2013sketching,
  title={Sketching by perceptual grouping},
  author={Qi, Yonggang and Guo, Jun and Li, Yi and Zhang, Honggang and Xiang, Tao and Song, Yi-Zhe},
  booktitle={2013 IEEE International Conference on Image Processing},
  pages={270--274},
  year={2013},
  organization={IEEE}
}
@article{schneider2016example,
  title={Example-based sketch segmentation and labeling using crfs},
  author={Schneider, Ros{\'a}lia G and Tuytelaars, Tinne},
  journal={ACM Transactions on Graphics (TOG)},
  volume={35},
  number={5},
  pages={1--9},
  year={2016},
  publisher={ACM New York, NY, USA}
}
@article{lockee2014visual,
  title={Visual arts education},
  author={Lockee, Barbara B and Wang, Feihong},
  journal={Handbook of research on educational communications and technology},
  pages={583--590},
  year={2014},
  publisher={Springer}
}
@article{sylaiou2017exploring,
  title={Exploring the educational impact of diverse technologies in online virtual museums},
  author={Sylaiou, Stella and Mania, Katerina and Paliokas, Ioannis and Pujol-Tost, Laia and Killintzis, Vassilis and Liarokapis, Fotis},
  journal={International Journal of Arts and Technology},
  volume={10},
  number={1},
  pages={58--84},
  year={2017},
  publisher={Inderscience Publishers (IEL)}
}
@article{carrozzino2010beyond,
  title={Beyond virtual museums: Experiencing immersive virtual reality in real museums},
  author={Carrozzino, Marcello and Bergamasco, Massimo},
  journal={Journal of cultural heritage},
  volume={11},
  number={4},
  pages={452--458},
  year={2010},
  publisher={Elsevier}
}
@article{carvajal2020virtual,
  title={Virtual museums. Captured reality and 3D modeling},
  author={Carvajal, Daniel Alejandro Loaiza and Morita, Mar{\'\i}a Mercedes and Bilmes, Gabriel Mario},
  journal={Journal of Cultural Heritage},
  volume={45},
  pages={234--239},
  year={2020},
  publisher={Elsevier}
}
@book{brown2020routledge,
  title={The Routledge companion to digital humanities and art history},
  author={Brown, Kathryn},
  year={2020},
  publisher={Routledge}
}
@misc{youtube_video,
  author       = {Self},
  title        = {Sketch and Paint Animations},
  year         = {2024},
  url          = {https://youtube.com/playlist?list=PLDykw6_Rz8y9tTSOVyfwqvfRX_YLsLPDR&si=9OQMqoFrXuH5SwhS},
  note         = {}
}
