@misc{2022ComplianceKey,
    title = {{Compliance Isn’t Enough: Security Is Key}},
    year = {2022},
    url = {https://www.forbes.com/sites/forbestechcouncil/2022/01/21/compliance-isnt-enough-security-is-key/?sh=744169084f5d}
}

@article{Anderljung2023FRONTIERSAFETY,
    title = {{FRONTIER AI REGULATION: MANAGING EMERGING RISKS TO PUBLIC SAFETY}},
    year = {2023},
    author = {Anderljung, Markus and Barnhart, Joslyn and Korinek, Anton and Leung, Jade and O'keefe, Cullen and Whittlestone, Jess and Avin, Shahar and Brundage, Miles and Bullock, Justin and Cass-Beggs, Duncan and Chang, Ben and Collins, Tantum and Fist, Tim and Hadfield, Gillian and Hayes, Alan and Ho, Lewis and Hooker, Sara and Horvitz, Eric and Kolt, Noam and Schuett, Jonas and Shavit, Yonadav and Siddarth, Divya and Trager, Robert and Wolf, Kevin},
    arxivId = {2307.03718v4}
}

@article{Cheng2013UnderstandingTheory,
    title = {{Understanding the violation of IS security policy in organizations: An integrated model based on social control and deterrence theory}},
    year = {2013},
    journal = {Comput. Secur.},
    author = {Cheng, Lijiao and Li, Ying and Li, Wenli and Holm, Eric and Zhai, Qingguo},
    number = {PART B},
    pages = {447--459},
    volume = {39},
    doi = {10.1016/J.COSE.2013.09.009},
    issn = {01674048},
    keywords = {General deterrence theory, IS security policy, Social bond theory, Social control mechanisms, Violation intention}
}

@article{Goldsteen2022AnModels,
    title = {{An end-to-end framework for privacy risk assessment of AI models}},
    year = {2022},
    journal = {Proceedings of the 15th ACM International Conference on Systems and Storage},
    author = {Goldsteen, Abigail and Shachor, Shlomit and Raznikov, Natalia},
    month = {6},
    pages = {142},
    publisher = {Association for Computing Machinery, Inc},
    isbn = {9781450393805},
    doi = {10.1145/3534056.3534998},
    keywords = {AI, machine learning, privacy, risk assessment}
}

@article{Hamdani2021CybersecuritySystem,
    title = {{Cybersecurity Standards in the Context of Operating System}},
    year = {2021},
    journal = {ACM Computing Surveys (CSUR)},
    author = {Hamdani, Syed Wasif Abbas and Abbas, Haider and Janjua, Abdul Rehman and Shahid, Waleed Bin and Amjad, Muhammad Faisal and Malik, Jahanzaib and Murtaza, Malik Hamza and Atiquzzaman, Mohammed and Khan, Abdul Waheed},
    number = {3},
    month = {6},
    volume = {54},
    publisher = {Association for Computing Machinery},
    doi = {10.1145/3442480},
    issn = {15577341},
    keywords = {CC, Cybersecurity, FIPS, ISO, NIST, OS vulnerabilities, security standards}
}

@article{Hwang2022BridgingDevelopment,
    title = {{Bridging the Gap Between AI Trustworthiness Guidelines and The Practice Use of AI Service Development}},
    year = {2022},
    journal = {International Conference on ICT Convergence},
    author = {Hwang, Jae Young},
    pages = {2289--2291},
    volume = {2022-October},
    publisher = {IEEE Computer Society},
    isbn = {9781665499392},
    doi = {10.1109/ICTC55196.2022.9953030},
    issn = {21621241},
    keywords = {Artificial Intelligence (AI), Guidelines, Trust Profile, Trustworthiness}
}

@article{Ifinedo2012UnderstandingTheory,
    title = {{Understanding information systems security policy compliance: An integration of the theory of planned behavior and the protection motivation theory}},
    year = {2012},
    journal = {Comput. Secur.},
    author = {Ifinedo, Princely},
    number = {1},
    month = {2},
    pages = {83--95},
    volume = {31},
    doi = {10.1016/J.COSE.2011.10.007},
    issn = {01674048},
    keywords = {Behavioral intentions, Compliance, Information systems security policy, Protection motivation theory, Theory of planned behavior}
}

@article{Kazim2020AFramework,
    title = {{A Review of the ICO’s Draft Guidance on the AI Auditing Framework}},
    year = {2020},
    journal = {Artificial Intelligence - Law},
    author = {Kazim, Emre and Koshiyama, Adriano Soares},
    month = {6},
    publisher = {Elsevier BV},
    doi = {10.2139/SSRN.3599226}
}

@article{Laux2022TrustworthyRisk,
    title = {{Trustworthy Artificial Intelligence and the European Union AI Act: On the Conflation of Trustworthiness and the Acceptability of Risk}},
    year = {2022},
    journal = {SSRN Electronic Journal},
    author = {Laux, Johann and Wachter, Sandra and Mittelstadt, Brent},
    month = {10},
    publisher = {Elsevier BV},
    url = {https://papers.ssrn.com/abstract=4230294},
    doi = {10.2139/SSRN.4230294}
}

@article{MartinezStudyAI,
    title = {{Study of Research and Guidance on the Cyber Security of AI}},
    author = {Martinez, Jesus and Rincon, Del and Nowroozi, Ehsan and Kamenou, Eleni and Alouani, Ihsen and Gupta, Sandeep and Miller, Paul}
}

@article{Schneck2019FROMLaws,
    title = {{FROM THE EDITORS Cybersecurity Compliance Is Necessary but Not Sufficient: Bad Guys Don't Follow Laws}},
    year = {2019},
    journal = {IEEE Security and Privacy},
    author = {Schneck, Phyllis A},
    number = {1},
    month = {1},
    pages = {4--6},
    volume = {17},
    url = {www.computer.org/security},
    doi = {10.1109/MSEC.2019.2897041},
    issn = {15584046}
}

@article{Steimers2022SourcesSystems,
    title = {{Sources of Risk of AI Systems}},
    year = {2022},
    journal = {International Journal of Environmental Research and Public Health},
    author = {Steimers, André and Schneider, Moritz},
    number = {6},
    month = {3},
    volume = {19},
    publisher = {MDPI},
    doi = {10.3390/IJERPH19063641},
    issn = {16604601},
    pmid = {35329328},
    keywords = {Artificial intelligence, Assistance systems, Occupational safety, Protective devices, Risk management}
}

@article{Stevens2020ComplianceStandards,
    title = {{Compliance Cautions: Investigating Security Issues Associated with U.S. Digital-Security Standards}},
    year = {2020},
    journal = {Network and Distributed Systems Security (NDSS) Symposium},
    author = {Stevens, Rock and Dykstra, Josiah and Knox Everette, Wendy and Chapman, James and Bladow, Garrett and Farmer, Alexander and Halliday, Kevin and Mazurek, Michelle L},
    url = {https://dx.doi.org/10.14722/ndss.2020.24003},
    isbn = {1891562614},
    doi = {10.14722/ndss.2020.24003}
}

@article{Xia2023TowardsStudyb,
    title = {{Towards Concrete and Connected AI Risk Assessment (C <sup>2</sup> AIRA): A Systematic Mapping Study}},
    year = {2023},
    journal = {2023 IEEE/ACM 2nd International Conference on AI Engineering – Software Engineering for AI (CAIN)},
    author = {Xia, Boming and Lu, Qinghua and Perera, Harsha and Zhu, Liming and Xing, Zhenchang and Liu, Yue and Whittle, Jon},
    month = {5},
    pages = {104--116},
    publisher = {IEEE},
    url = {https://ieeexplore.ieee.org/document/10164765/},
    isbn = {979-8-3503-0113-7},
    doi = {10.1109/CAIN58948.2023.00027}
}

