@book{linden2023,
    title = {{Foolproof}},
    year = {2023},
    author = {{Sander van der Linden}},
    publisher = {WW Norton},
    isbn = {9780393881448}
}

@article{WangLiarDetection,
    title = {{"Liar, Liar Pants on Fire": A New Benchmark Dataset for Fake News Detection}},
    author = {Wang, William Yang},
    pages = {422--426},
    url = {https://doi.org/10.18653/v1/P17-2067},
    doi = {10.18653/v1/P17-2067}
}

@misc{20192019One,
    title = {{2019 Capital One Cyber Incident | What Happened | Capital One}},
    year = {2019},
    url = {https://www.capitalone.com/digital/facts2019/}
}

@article{Namey8Methods,
    title = {{8 15 Qualitative Research Methods}},
    author = {Namey, Emily E and Trotter, Robert T}
}

@misc{Somers2019ASloan,
    title = {{A 4-step plan for fighting social media manipulation in elections | MIT Sloan}},
    year = {2019},
    booktitle = {MIT Management Sloan School},
    author = {Somers, Meredith},
    month = {8},
    url = {https://mitsloan.mit.edu/ideas-made-to-matter/a-4-step-plan-fighting-social-media-manipulation-elections}
}

@article{Javadpour2024APerformance,
    title = {{A comprehensive survey on cyber deception techniques to improve honeypot performance}},
    year = {2024},
    journal = {Computers {\&} Security},
    author = {Javadpour, Amir and Ja'fari, Forough and Taleb, Tarik and Shojafar, Mohammad and Benza{\"{i}}d, Chafika},
    month = {5},
    pages = {103792},
    volume = {140},
    publisher = {Elsevier Advanced Technology},
    doi = {10.1016/J.COSE.2024.103792},
    issn = {0167-4048}
}

@article{Arslan2020AAI,
    title = {{A Design Framework For Auditing AI}},
    year = {2020},
    author = {Arslan, A.}
}

@article{Bruschi2023ACybersecurity,
    title = {{A framework for assessing AI ethics with applications to cybersecurity}},
    year = {2023},
    journal = {AI and Ethics},
    author = {Bruschi, Danilo and Diomede, Nicla},
    number = {1},
    month = {2},
    pages = {65--72},
    volume = {3},
    publisher = {Springer Science and Business Media LLC},
    doi = {10.1007/S43681-022-00162-8},
    issn = {2730-5953}
}

@article{Aiyappa2023AElections,
    title = {{A Multi-Platform Collection of Social Media Posts about the 2022 U.S. Midterm Elections}},
    year = {2023},
    journal = {Proceedings of the International AAAI Conference on Web and Social Media},
    author = {Aiyappa, Rachith and DeVerna, Matthew R. and Pote, Manita and Truong, Bao Tran and Zhao, Wanying and Axelrod, David and Pessianzadeh, Aria and Kachwala, Zoher and Kim, Munjung and Seckin, Ozgur Can and Kim, Minsuk and Gandhi, Sunny and Manikonda, Amrutha and Pierri, Francesco and Menczer, Filippo and Yang, Kai-Cheng},
    month = {6},
    pages = {981--989},
    volume = {17},
    publisher = {Association for the Advancement of Artificial Intelligence (AAAI)},
    url = {https://ojs.aaai.org/index.php/ICWSM/article/view/22205},
    doi = {10.1609/ICWSM.V17I1.22205},
    issn = {2334-0770},
    keywords = {Measuring predictability of real world phenomena based on social media, Organizational and group behavior mediated by social media, Web and Social Media, and health, e.g., finance, interpersonal communication mediated by social media, spanning politics}
}

@article{Yajima2022AProgress,
    title = {{A New Approach for Machine Learning Security Risk Assessment - Work in Progress}},
    year = {2022},
    journal = {Proceedings - 1st International Conference on AI Engineering - Software Engineering for AI, CAIN 2022},
    author = {Yajima, Jun and Inui, Maki and Oikawa, Takanori and Kasahara, Fumiyoshi and Morikawa, Ikuya and Yoshioka, Nobukazu},
    pages = {52--53},
    publisher = {Institute of Electrical and Electronics Engineers Inc.},
    url = {https://dl.acm.org/doi/10.1145/3522664.3528613},
    isbn = {9781450392754},
    doi = {10.1145/3522664.3528613},
    keywords = {ML Security, Machine Learning, Risk Assessment}
}

@misc{Roozenbeek2021AScientist,
    title = {{A New Way to Inoculate People Against Misinformation - By Jon Roozenbeek, Melisa Basol, and Sander van der Linden - Behavioral Scientist}},
    year = {2021},
    booktitle = {behaviorscientist},
    author = {Roozenbeek, Jon and Basol, Melisa and Van Der Linden, Sander},
    month = {2},
    url = {https://behavioralscientist.org/a-new-way-to-inoculate-people-against-misinformation/}
}

@article{Yu2021ADetection,
    title = {{A Pilot Study on Detecting Unfairness in Human Decisions With Machine Learning Algorithmic Bias Detection}},
    year = {2021},
    journal = {arXiv.org},
    author = {Yu, Zhe and Xi, Xiaoyin}
}

@inproceedings{Barletta2023AAI,
    title = {{A Rapid Review of Responsible AI frameworks: How to guide the development of ethical AI}},
    year = {2023},
    booktitle = {Proceedings of the 27th International Conference on Evaluation and Assessment in Software Engineering},
    author = {Barletta, Vita Santa and Caivano, Danilo and Gigante, Domenico and Ragone, Azzurra},
    pages = {358--367},
    series = {EASE '23},
    publisher = {Association for Computing Machinery},
    url = {https://doi.org/10.1145/3593434.3593478},
    address = {New York, NY, USA},
    isbn = {9798400700446},
    doi = {10.1145/3593434.3593478},
    keywords = {artificial intelligence, development frameworks, literature review, responsible ai, software engineering}
}

@article{Kazim2020AFramework,
    title = {{A Review of the ICO’s Draft Guidance on the AI Auditing Framework}},
    year = {2020},
    journal = {Artificial Intelligence - Law},
    author = {Kazim, Emre and Koshiyama, Adriano Soares},
    month = {6},
    publisher = {Elsevier BV},
    doi = {10.2139/SSRN.3599226}
}

@article{Kazim2020AFrameworkb,
    title = {{A Review of the UK-ICO's Draft Guidance on the AI Auditing Framework}},
    year = {2020},
    journal = {SSRN Electronic Journal},
    author = {Kazim, Emre and Koshiyama, Adriano},
    month = {5}
}

@article{Burema2023AContext,
    title = {{A sector-based approach to AI ethics: Understanding ethical issues of AI-related incidents within their sectoral context}},
    year = {2023},
    journal = {AIES 2023 - Proceedings of the 2023 AAAI/ACM Conference on AI, Ethics, and Society},
    author = {Burema, Dafna and Debowski-Weimann, Nicole and Von Janowski, Alexander and Grabowski, Jil and Maftei, Mihai and Jacobs, Mattis and Van Der Smagt, Patrick and Benbouzid, Djalel},
    month = {8},
    pages = {705--714},
    publisher = {Association for Computing Machinery, Inc},
    url = {https://www.aiaaic.org/aiaaic-repository},
    isbn = {9798400702310},
    doi = {10.1145/3600211.3604680},
    keywords = {AI Ethics, AI deployment, AI incidents, Artificial Intelligence, Media Reports, Sectors}
}

@article{Rizvi2018AAuditing,
    title = {{A security evaluation framework for cloud security auditing}},
    year = {2018},
    journal = {Journal of Supercomputing},
    author = {Rizvi, Syed and Ryoo, Jungwoo and Kissell, John and Aiken, William and Liu, Yuhong},
    number = {11},
    month = {11},
    pages = {5774--5796},
    volume = {74},
    publisher = {Springer New York LLC},
    url = {https://link.springer.com/article/10.1007/s11227-017-2055-1},
    doi = {10.1007/S11227-017-2055-1/FIGURES/2},
    issn = {15730484},
    keywords = {Cloud auditing, Cloud computing, Cloud security, Security index, Security metrics}
}

@article{Sayed2023ADeception,
    title = {{A Survey of Network Requirements for Enabling Effective Cyber Deception}},
    year = {2023},
    journal = {arxiv},
    author = {Sayed, Abu and Rahman, Moqsadur and Ariful, Mohammad and Khan, Islam and Tosh, Deepak},
    month = {8},
    url = {http://arxiv.org/abs/2309.00184},
    arxivId = {2309.00184v3}
}

@article{Xia2023AFrameworks,
    title = {{A Survey on AI Risk Assessment Frameworks}},
    year = {2023},
    journal = {ArXiv},
    author = {Xia, Boming and Lu, Qinghua and Perera, Harsha and Zhu, Liming and Xing, Zhenchang and Liu, Yue and Whittle, Jon},
    doi = {10.48550/ARXIV.2301.11616}
}

@article{Mehrabi2021ALearning,
    title = {{A Survey on Bias and Fairness in Machine Learning}},
    year = {2021},
    journal = {ACM Computing Surveys (CSUR)},
    author = {Mehrabi, Ninareh and Morstatter, Fred and Saxena, Nripsuta and Lerman, Kristina and Galstyan, Aram},
    number = {6},
    month = {7},
    volume = {54},
    publisher = {{\\\}		ACM{\\\}		PUB27{\\\}		New York, NY, USA{\\\}	},
    url = {https://dl.acm.org/doi/10.1145/3457607},
    doi = {10.1145/3457607},
    issn = {15577341},
    arxivId = {1908.09635},
    keywords = {Fairness and bias in artificial intelligence, deep learning, machine learning, natural language processing, representation learning}
}

@article{Mehrabi2021ALearningb,
    title = {{A Survey on Bias and Fairness in Machine Learning}},
    year = {2021},
    journal = {ACM Computing Surveys},
    author = {Mehrabi, Ninareh and Morstatter, Fred and Saxena, Nripsuta and Lerman, Kristina and Galstyan, Aram},
    number = {6},
    month = {7},
    volume = {54},
    publisher = {Association for Computing Machinery},
    url = {https://arxiv.org/abs/1908.09635v3},
    doi = {10.1145/3457607},
    issn = {15577341},
    arxivId = {1908.09635},
    keywords = {Fairness and bias in artificial intelligence, deep learning, machine learning, natural language processing, representation learning}
}

@article{Wankhade2022AChallenges,
    title = {{A survey on sentiment analysis methods, applications, and challenges}},
    year = {2022},
    journal = {Artificial Intelligence Review 2022 55:7},
    author = {Wankhade, Mayur and Rao, Annavarapu Chandra Sekhara and Kulkarni, Chaitanya},
    number = {7},
    month = {2},
    pages = {5731--5780},
    volume = {55},
    publisher = {Springer},
    url = {https://link.springer.com/article/10.1007/s10462-022-10144-1},
    isbn = {0123456789},
    doi = {10.1007/S10462-022-10144-1},
    issn = {1573-7462},
    keywords = {Artificial Intelligence, Computer Science, Text analysis, Word embedding, general}
}

@article{AlissaBach2022APerspective,
    title = {{A Systematic Literature Review of User Trust in AI-Enabled Systems: An HCI Perspective}},
    year = {2022},
    journal = {International Journal of Human-Computer Interaction},
    author = {Alissa Bach, Tita and Khan, Amna and Hallock, Harry and Beltr{\~{a}}o, Gabriela and Sousa, Sonia and Alissa Bach {\~{A}}, Tita and Khan {\~{A}}, Amna and Beltr, Gabriela},
    url = {https://www.tandfonline.com/action/journalInformation?journalCode=hihc20},
    doi = {10.1080/10447318.2022.2138826}
}

@article{Adams2020ASector,
    title = {{A type-2 fuzzy logic approach to explainable ai for regulatory compliance, fair customer outcomes and market stability in the global financial sector}},
    year = {2020},
    journal = {IEEE International Conference on Fuzzy Systems},
    author = {Adams, Janet and Hagras, Hani},
    month = {7},
    volume = {2020-July},
    publisher = {Institute of Electrical and Electronics Engineers Inc.},
    isbn = {9781728169323},
    doi = {10.1109/FUZZ48607.2020.9177542},
    issn = {10987584},
    keywords = {Accountability and Explainability, Neural Networks, Regulatory Compliance, Type-2 Fuzzy Logic}
}

@article{Stevens2022AboveMandates,
    title = {{Above and Beyond: Organizational Efforts to Complement U.S. Digital Security Compliance Mandates}},
    year = {2022},
    author = {Stevens, Rock and Kokulu, Bugra and Doup{\'{e}}, Adam and Mazurek, Michelle L},
    url = {https://dx.doi.org/10.14722/ndss.2022.23107},
    isbn = {1891562746},
    doi = {10.14722/ndss.2022.23107}
}

@article{Stevens2022AboveMandatesb,
    title = {{Above and Beyond: Organizational Efforts to Complement U.S. Digital Security Compliance Mandates}},
    year = {2022},
    journal = {Network and Distributed  System Security (NDSS) Symposium},
    author = {Stevens, Rock and Kokulu, Bugra and Doup{\'{e}}, Adam and Mazurek, Michelle L},
    url = {https://dx.doi.org/10.14722/ndss.2022.23107},
    isbn = {1891562746},
    doi = {10.14722/ndss.2022.23107}
}

@article{Kroll2017AccountableAlgorithms,
    title = {{Accountable algorithms}},
    year = {2017},
    journal = {University of Pennsylvania Law Review},
    author = {Kroll, Joshua A. and Huey, Joanna and Barocas, Solon and Felten, Edward W. and Reidenberg, Joel R. and Robinson, David G. and Yu, Harlan},
    number = {3},
    pages = {633--705},
    volume = {165},
    publisher = {University of Pennsylvania Law School},
    url = {https://collaborate.princeton.edu/en/publications/accountable-algorithms},
    issn = {0041-9907}
}

@inproceedings{Raji2019ActionableProducts,
    title = {{Actionable Auditing: Investigating the Impact of Publicly Naming Biased Performance Results of Commercial AI Products}},
    year = {2019},
    author = {Raji, Inioluwa and Buolamwini, Joy},
    month = {12},
    pages = {429--435},
    doi = {10.1145/3306618.3314244}
}

@misc{ActionableLab,
    title = {{Actionable Auditing: Investigating the Impact of Publicly Naming Biased Performance Results of Commercial AI Products — MIT Media Lab}},
    url = {https://www.media.mit.edu/publications/actionable-auditing-investigating-the-impact-of-publicly-naming-biased-performance-results-of-commercial-ai-products/}
}

@misc{2013AdobeGuardian,
    title = {{Adobe warns 2.9 million customers of data breach after cyber-attack | Adobe | The Guardian}},
    year = {2013},
    url = {https://www.theguardian.com/technology/2013/oct/03/adobe-hacking-data-breach-cyber-attack}
}

@article{Liang2022AdvancesAI,
    title = {{Advances, challenges and opportunities in creating data for trustworthy AI}},
    year = {2022},
    journal = {Nature Machine Intelligence},
    author = {Liang, Weixin and Tadesse, Girmaw Abebe and Ho, Daniel and Li, Fei Fei and Zaharia, Matei and Zhang, Ce and Zou, James},
    number = {8},
    month = {8},
    pages = {669--677},
    volume = {4},
    publisher = {Nature Research},
    doi = {10.1038/S42256-022-00516-1},
    issn = {25225839}
}

@article{Zhou2022AdversarialCybersecurity,
    title = {{Adversarial Attacks and Defenses in Deep Learning: From a Perspective of Cybersecurity}},
    year = {2022},
    journal = {ACM Comput. Surv},
    author = {Zhou, Shuai and Liu, Chi and Ye, Dayong and Zhu, Tianqing and Yu, Philip S and Zhou, Wanlei},
    number = {163},
    volume = {55},
    url = {https://doi.org/10.1145/3547330},
    doi = {10.1145/3547330},
    keywords = {advanced persistent threats, adversarial attacks and defenses, cybersecurity, deep learning}
}

@article{Carlini2017AdversarialMethods,
    title = {{Adversarial examples are not easily detected: Bypassing ten detection methods}},
    year = {2017},
    journal = {AISec 2017 - Proceedings of the 10th ACM Workshop on Artificial Intelligence and Security, co-located with CCS 2017},
    author = {Carlini, Nicholas and Wagner, David},
    month = {11},
    pages = {3--14},
    publisher = {Association for Computing Machinery, Inc},
    isbn = {9781450352024},
    doi = {10.1145/3128572.3140444},
    arxivId = {1705.07263}
}

@article{SivaKumar2020AdversarialPerspectives,
    title = {{Adversarial machine learning-industry perspectives}},
    year = {2020},
    journal = {Proceedings - 2020 IEEE Symposium on Security and Privacy Workshops, SPW 2020},
    author = {Siva Kumar, Ram Shankar and Nystrom, Magnus and Lambert, John and Marshall, Andrew and Goertzel, Mario and Comissoneru, Andi and Swann, Matt and Xia, Sharon},
    month = {5},
    pages = {69--75},
    publisher = {Institute of Electrical and Electronics Engineers Inc.},
    isbn = {9781728193465},
    doi = {10.1109/SPW50608.2020.00028},
    arxivId = {2002.05646},
    keywords = {Adversarial machine learning, Engineering, Software security}
}

@article{SivaKumar2020AdversarialPerspectivesb,
    title = {{Adversarial machine learning-industry perspectives}},
    year = {2020},
    journal = {Proceedings - 2020 IEEE Symposium on Security and Privacy Workshops, SPW 2020},
    author = {Siva Kumar, Ram Shankar and Nystrom, Magnus and Lambert, John and Marshall, Andrew and Goertzel, Mario and Comissoneru, Andi and Swann, Matt and Xia, Sharon},
    month = {5},
    pages = {69--75},
    publisher = {Institute of Electrical and Electronics Engineers Inc.},
    isbn = {9781728193465},
    doi = {10.1109/SPW50608.2020.00028},
    arxivId = {2002.05646},
    keywords = {Adversarial machine learning, Engineering, Software security}
}

@article{Forgas2001AffectivePsychology,
    title = {{Affective influences on thinking and behavior: Implications for clinical, applied and preventive psychology}},
    year = {2001},
    journal = {Applied and Preventive Psychology},
    author = {Forgas, Joseph P and Chan, Norman Y M and Laham, Simon M},
    number = {4},
    pages = {225--242},
    volume = {10},
    url = {https://www.sciencedirect.com/science/article/pii/S0962184901800019},
    doi = {https://doi.org/10.1016/S0962-1849(01)80001-9},
    issn = {0962-1849},
    keywords = {Affect, Social cognition, Thinking}
}

@article{Guttman2021AgeThickness,
    title = {{Age Influences Loss Aversion Through Effects on Posterior Cingulate Cortical Thickness}},
    year = {2021},
    journal = {Frontiers in Neuroscience},
    author = {Guttman, Zoe R and Ghahremani, Dara G and Pochon, Jean-Baptiste and Dean, Andy C and London, Edythe D},
    volume = {15},
    url = {https://www.frontiersin.org/journals/neuroscience/articles/10.3389/fnins.2021.673106},
    doi = {10.3389/fnins.2021.673106},
    issn = {1662-453X}
}

@misc{InformationCommissionersOffice2022AIICO,
    title = {{AI and data protection risk toolkit | ICO}},
    year = {2022},
    booktitle = {Information Commissioner's Office},
    author = {{Information Commissioner's Office}},
    month = {5},
    url = {https://ico.org.uk/for-organisations/guide-to-data-protection/key-dp-themes/guidance-on-ai-and-data-protection/ai-and-data-protection-risk-toolkit/}
}

@misc{AISuccess,
    title = {{AI And The Public Sector: Strategies For Success}},
    booktitle = {Forbes},
    url = {https://www.forbes.com/sites/forbesagencycouncil/2023/01/31/ai-and-the-public-sector-strategies-for-success/?sh=20330f59417c}
}

@article{Hacker2022AILaw,
    title = {{AI Compliance – Challenges of Bridging Data Science and Law}},
    year = {2022},
    journal = {ACM Journal of Data and Information Quality (JDIQ)},
    author = {Hacker, Philipp and Naumann, Felix and Friedrich, Tobias and Grundmann, Stefan and Lehmann, Anja and Zech, Herbert},
    number = {3},
    month = {6},
    volume = {14},
    publisher = {{\\\}ACM{\\\}PUB27{\\\}New York, NY{\\\}},
    url = {https://dl.acm.org/doi/10.1145/3531532},
    doi = {10.1145/3531532},
    issn = {19361963},
    keywords = {AI Act, compliance, information quality, liability, privacy, transparency}
}

@misc{HazalSimsek2024AIStudies,
    title = {{AI Compliance: Top 6 challenges {\&} case studies}},
    year = {2024},
    author = {{Hazal {\c{S}}im{\c{s}}ek}},
    month = {10},
    url = {https://research.aimultiple.com/ai-compliance/}
}

@misc{Adeptia2023AIMap,
    title = {{AI Data Mapping Using Machine Learning/Integration/ AI map}},
    year = {2023},
    author = {{Adeptia}},
    url = {https://www.adeptia.com/products/adeptia-connect-enterprise-integration/artificial-intelligence-mapping}
}

@misc{AIDecisions,
    title = {{AI Isn’t Ready to Make Unsupervised Decisions}},
    url = {https://hbr.org/2022/09/ai-isnt-ready-to-make-unsupervised-decisions}
}

@misc{2022AICenter,
    title = {{AI Policy Guide: An AI Paradigm Shift (i) | Mercatus Center}},
    year = {2022},
    url = {https://www.mercatus.org/ai-policy-guide/ai-paradigm-shift-i}
}

@misc{LindsayPoling2024AITeams,
    title = {{AI Poses Significant Challenges for Cybersecurity Teams}},
    year = {2024},
    author = {{Lindsay Poling}},
    url = {https://www.mindpointgroup.com/blog/ai-challenges-to-cybersecurity}
}

@article{Paulsen2021AIProblem,
    title = {{AI, Trustworthiness, and the Digital Dirty Harry Problem}},
    year = {2021},
    journal = {Nordic Journal of Studies in Policing},
    author = {Paulsen, Jens Erik},
    number = {2},
    volume = {8},
    publisher = {Universitetsforlaget AS},
    doi = {10.18261/ISSN.2703-7045-2021-02-02},
    issn = {27037045},
    keywords = {Artificial intelligence, Emergent technology, Ethics, Facial recognition, Phenotyping, Social robustness}
}

@misc{AIAAIC2019AIAAICRepository,
    title = {{AIAAIC - AIAAIC Repository}},
    year = {2019},
    author = {{AIAAIC}},
    month = {9},
    url = {https://www.aiaaic.org/aiaaic-repository}
}

@misc{AlgorithmsOppression,
    title = {{Algorithms of Oppression}},
    url = {https://nyupress.org/9781479837243/algorithms-of-oppression/#}
}

@misc{Iriondo2018AmazonUniversity,
    title = {{Amazon Scraps Secret AI Recruiting Engine that Showed Biases Against Women - Machine Learning - CMU - Carnegie Mellon University}},
    year = {2018},
    author = {Iriondo, Roberto},
    month = {8},
    url = {https://www.ml.cmu.edu/news/news-archive/2016-2020/2018/october/amazon-scraps-secret-artificial-intelligence-recruiting-engine-that-showed-biases-against-women.html}
}

@phdthesis{AmherstScholarWorks2020AnDefense,
    title = {{An Empirical Assessment of the Effectiveness of Deception for Cyber Defense}},
    year = {2020},
    author = {Amherst ScholarWorks, UMass and Amherst Doctoral Dissertations Dissertations, UMass and Ferguson-Walter, Kimberly J},
    month = {2},
    url = {https://doi.org/10.7275/z0rb-ek46https://scholarworks.umass.edu/dissertations_2/1823},
    school = {University of Massachusetts Amherst},
    doi = {10.7275/z0rb-ek46}
}

@article{Goldsteen2022AnModels,
    title = {{An end-to-end framework for privacy risk assessment of AI models}},
    year = {2022},
    journal = {Proceedings of the 15th ACM International Conference on Systems and Storage},
    author = {Goldsteen, Abigail and Shachor, Shlomit and Raznikov, Natalia},
    month = {6},
    pages = {142},
    publisher = {Association for Computing Machinery, Inc},
    isbn = {9781450393805},
    doi = {10.1145/3534056.3534998},
    keywords = {AI, machine learning, privacy, risk assessment}
}

@article{Toapanta2020AnalysisOrganizations,
    title = {{Analysis of appropriate standards to solve cybersecurity problems in public organizations}},
    year = {2020},
    journal = {Proceedings of the 2020 the 4th International Conference on Information System and Data Mining},
    author = {Toapanta, Segundo Moisés T. and Gustavo Salomon Gaibor, E. and Gallegos, Luis Enrique Mafla},
    month = {5},
    pages = {14--19},
    publisher = {Association for Computing Machinery},
    isbn = {9781450377652},
    doi = {10.1145/3404663.3404678},
    keywords = {Directrices de seguridad, Est{\'{a}}ndares ciberseguridad, Organizaciones p{\'{u}}blicas}
}

@article{Toapanta2020AnalysisOrganizationsb,
    title = {{Analysis of appropriate standards to solve cybersecurity problems in public organizations}},
    year = {2020},
    journal = {ACM International Conference Proceeding Series},
    author = {Toapanta, Segundo Moisés T. and Gustavo Salomon Gaibor, E. and Gallegos, Luis Enrique Mafla},
    month = {5},
    pages = {14--19},
    publisher = {Association for Computing Machinery},
    url = {https://dl.acm.org/doi/10.1145/3404663.3404678},
    isbn = {9781450377652},
    doi = {10.1145/3404663.3404678},
    keywords = {Directrices de seguridad, Est{\'{a}}ndares ciberseguridad, Organizaciones p{\'{u}}blicas}
}

@misc{Analysis:POLITICO,
    title = {{Analysis: In the age of AI, keep calm and vote on – POLITICO}},
    url = {https://www.politico.eu/article/artificial-intelligence-elections-ballots-vote-chinsinau-seattle-policymakers-technology/}
}

@article{Winecoff2022ArtificialStartups,
    title = {{Artificial concepts of artificial intelligence: Institutional compliance and resistance in ai startups}},
    year = {2022},
    journal = {AIES 2022 - Proceedings of the 2022 AAAI/ACM Conference on AI, Ethics, and Society},
    author = {Winecoff, Amy A. and Watkins, Elizabeth Anne},
    month = {7},
    pages = {788--799},
    publisher = {Association for Computing Machinery, Inc},
    url = {https://dl.acm.org/doi/10.1145/3514094.3534138},
    isbn = {9781450392471},
    doi = {10.1145/3514094.3534138},
    arxivId = {2203.01157},
    keywords = {artificial intelligence, ethical systems, industry practice, organizational theory, qualitative methods}
}

@article{Winecoff2022ArtificialStartupsb,
    title = {{Artificial Concepts of Artificial Intelligence: Institutional Compliance and Resistance in AI Startups}},
    year = {2022},
    journal = {AIES 2022 - Proceedings of the 2022 AAAI/ACM Conference on AI, Ethics, and Society},
    author = {Winecoff, Amy A. and Watkins, Elizabeth Anne},
    month = {3},
    pages = {788--799},
    publisher = {Association for Computing Machinery, Inc},
    url = {http://arxiv.org/abs/2203.01157 http://dx.doi.org/10.1145/3514094.3534138},
    doi = {10.1145/3514094.3534138},
    arxivId = {2203.01157v3},
    keywords = {artificial intelligence, ethical systems, industry practice, organizational theory, qualitative methods}
}

@article{Mylrea2023ArtificialAI,
    title = {{Artificial Intelligence (AI) Trust Framework and Maturity Model: Applying an Entropy Lens to Improve Security, Privacy, and Ethical AI}},
    year = {2023},
    journal = {Entropy},
    author = {Mylrea, Michael and Robinson, Nikki},
    number = {10},
    month = {10},
    volume = {25},
    publisher = {Multidisciplinary Digital Publishing Institute  (MDPI)},
    url = {/pmc/articles/PMC10606888/ /pmc/articles/PMC10606888/?report=abstract https://www.ncbi.nlm.nih.gov/pmc/articles/PMC10606888/},
    doi = {10.3390/E25101429},
    issn = {10994300},
    pmid = {37895550},
    keywords = {artificial general intelligence (AGI), autonomous human–machine teams and systems (A-HMT-S), cybersecurity, entropy, ethical AI, explainable AI (XAI), information theory, privacy, resilience, trustworthy AI}
}

@misc{RiskAdvisory-DeloitteGermany2021ArtificialAct,
    title = {{Artificial Intelligence Act}},
    year = {2021},
    author = {{Risk Advisory - Deloitte Germany}},
    url = {https://www2.deloitte.com/content/dam/Deloitte/de/Documents/Innovation/Deloitte-TAI-DE-Artificial-Intelligence-Act.pdf}
}

@article{Hoffmann-Riem2019ArtificialRegulation,
    title = {{Artificial intelligence as a challenge for law and regulation}},
    year = {2019},
    journal = {Regulating Artificial Intelligence},
    author = {Hoffmann-Riem, Wolfgang},
    month = {1},
    pages = {1--29},
    publisher = {Springer International Publishing},
    url = {https://link.springer.com/chapter/10.1007/978-3-030-32361-5_1},
    isbn = {9783030323615},
    doi = {10.1007/978-3-030-32361-5{\_}1/COVER}
}

@article{Hoffmann-Riem2019ArtificialRegulationb,
    title = {{Artificial intelligence as a challenge for law and regulation}},
    year = {2019},
    journal = {Regulating Artificial Intelligence},
    author = {Hoffmann-Riem, Wolfgang},
    month = {1},
    pages = {1--29},
    publisher = {Springer International Publishing},
    url = {https://link.springer.com/chapter/10.1007/978-3-030-32361-5_1},
    isbn = {9783030323615},
    doi = {10.1007/978-3-030-32361-5{\_}1/COVER}
}

@article{Kaur2023ArtificialDirections,
    title = {{Artificial intelligence for cybersecurity: Literature review and future research directions}},
    year = {2023},
    journal = {Information Fusion},
    author = {Kaur, Ramanpreet and Gabrijel{\v{c}}i{\v{c}}, Dušan and Klobu{\v{c}}ar, Tomaž},
    month = {9},
    pages = {101804},
    volume = {97},
    publisher = {Elsevier},
    doi = {10.1016/J.INFFUS.2023.101804},
    issn = {1566-2535},
    keywords = {Cyberattacks, Detection, Identify, Learning, Protection, Recovery, Response, Taxonomy}
}

@article{Collins2021ArtificialAgenda,
    title = {{Artificial intelligence in information systems research: A systematic literature review and research agenda}},
    year = {2021},
    journal = {International Journal of Information Management},
    author = {Collins, Christopher and Dennehy, Denis and Conboy, Kieran and Mikalef, Patrick},
    month = {10},
    pages = {102383},
    volume = {60},
    publisher = {Pergamon},
    doi = {10.1016/J.IJINFOMGT.2021.102383},
    issn = {0268-4012},
    keywords = {AI, Artificial intelligence, Machine learning, Research agenda, Systematic literature review}
}

@article{U.SDepartmentofCommerce2023Artificial1.0,
    title = {{Artificial Intelligence Risk Management Framework (AI RMF 1.0)}},
    year = {2023},
    journal = {National Institute of Standards and Technology},
    author = {{U.S Department of Commerce}},
    month = {1},
    url = {https://doi.org/10.6028/NIST.AI.100-1},
    doi = {10.6028/NIST.AI.100-1}
}

@article{Habbal2024ArtificialDirections,
    title = {{Artificial Intelligence Trust, Risk and Security Management (AI TRiSM): Frameworks, applications, challenges and future research directions}},
    year = {2024},
    journal = {Expert Systems with Applications},
    author = {Habbal, Adib and Ali, Mohamed Khalif and Abuzaraida, Mustafa Ali},
    month = {4},
    pages = {122442},
    volume = {240},
    publisher = {Pergamon},
    doi = {10.1016/J.ESWA.2023.122442},
    issn = {0957-4174},
    keywords = {AI TRiSM Adaptive, AI TRiSM Orchestration, AI TRiSM framework, Deepfake Technology and Adversarial attacks, ModelOps}
}

@misc{ArtificialNIST,
    title = {{Artificial intelligence | NIST}},
    url = {https://www.nist.gov/artificial-intelligence}
}

@article{Juneja2023AssessingYouTube,
    title = {{Assessing enactment of content regulation policies: A post hoc crowd-sourced audit of election misinformation on YouTube}},
    year = {2023},
    journal = {Conference on Human Factors in Computing Systems - Proceedings},
    author = {Juneja, Prerna and Bhuiyan, Md Momen and Mitra, Tanushree},
    month = {4},
    publisher = {Association for Computing Machinery},
    url = {https://dl.acm.org/doi/10.1145/3544548.3580846},
    isbn = {9781450394215},
    doi = {10.1145/3544548.3580846},
    keywords = {algorithm audit, elections, fairness, misinformation, recommendations, voter fraud}
}

@article{Stahl2022AssessingALTAI,
    title = {{Assessing the ethical and social concerns of artificial intelligence in neuroinformatics research: an empirical test of the European Union Assessment List for Trustworthy AI (ALTAI)}},
    year = {2022},
    journal = {AI and Ethics 2022},
    author = {Stahl, Bernd Carsten and Leach, Tonii},
    month = {9},
    pages = {1--23},
    volume = {1},
    publisher = {Springer},
    url = {https://link.springer.com/article/10.1007/s43681-022-00201-4},
    isbn = {0123456789},
    doi = {10.1007/S43681-022-00201-4},
    issn = {2730-5961},
    keywords = {Artificial Intelligence, Ethics, Impact assessment}
}

@misc{High-LevelExpertGrouponArtificialIntelligenceAIHLEG2020AssessmentFuture,
    title = {{Assessment List for Trustworthy Artificial Intelligence (ALTAI) for self-assessment | Shaping Europe’s digital future}},
    year = {2020},
    booktitle = {European Commission},
    author = {{High-Level Expert Group on Artificial Intelligence (AI HLEG)}},
    month = {7},
    url = {https://digital-strategy.ec.europa.eu/en/library/assessment-list-trustworthy-artificial-intelligence-altai-self-assessment}
}

@article{Comiter2019AttackingIt,
    title = {{Attacking Artificial Intelligence AI's Security Vulnerability and What Policymakers Can Do About It}},
    year = {2019},
    author = {Comiter, Marcus},
    url = {www.belfercenter.org}
}

@misc{BackBoxWorld,
    title = {{BackBox adds network vulnerability management to automation platform | Network World}},
    url = {https://www.networkworld.com/article/957416/backbox-adds-network-vulnerability-management-to-automation-platform.html}
}

@article{Baumeister2001BadGood,
    title = {{Bad is Stronger than Good}},
    year = {2001},
    journal = {Review of General Psychology},
    author = {Baumeister, Roy F and Bratslavsky, Ellen and Finkenauer, Catrin and Vohs, Kathleen D},
    number = {4},
    pages = {323--370},
    volume = {5},
    url = {https://doi.org/10.1037/1089-2680.5.4.323},
    doi = {10.1037/1089-2680.5.4.323}
}

@misc{BadGame,
    title = {{Bad News - Play the fake news game!}},
    url = {https://www.getbadnews.com/books/english/}
}

@book{Weber1990BasicAnalysis,
    title = {{Basic Content Analysis}},
    year = {1990},
    author = {Weber, Robert Philip},
    volume = {49},
    publisher = {SAGE}
}

@article{Krendl2023BeyondAI,
    title = {{Beyond Bias and Compliance: Towards Individual Agency and Plurality of Ethics in AI}},
    year = {2023},
    author = {Krendl, Thomas and Megan, Gilbert and Bro{\.{z}}ek, Anne and Bro{\.{z}}ek, Andrew},
    month = {2},
    url = {https://arxiv.org/abs/2302.12149v1},
    arxivId = {2302.12149}
}

@article{Hwang2022BridgingDevelopment,
    title = {{Bridging the Gap Between AI Trustworthiness Guidelines and The Practice Use of AI Service Development}},
    year = {2022},
    journal = {International Conference on ICT Convergence},
    author = {Hwang, Jae Young},
    pages = {2289--2291},
    volume = {2022-October},
    publisher = {IEEE Computer Society},
    isbn = {9781665499392},
    doi = {10.1109/ICTC55196.2022.9953030},
    issn = {21621241},
    keywords = {Artificial Intelligence (AI), Guidelines, Trust Profile, Trustworthiness}
}

@misc{2018CambridgeTimes,
    title = {{Cambridge Analytica and Facebook: The Scandal and the Fallout So Far - The New York Times}},
    year = {2018},
    booktitle = {The New York Times},
    url = {https://www.nytimes.com/2018/04/04/us/politics/cambridge-analytica-scandal-fallout.html}
}

@misc{2018CambridgeTimesb,
    title = {{Cambridge Analytica and Facebook: The Scandal and the Fallout So Far - The New York Times}},
    year = {2018},
    url = {https://www.nytimes.com/2018/04/04/us/politics/cambridge-analytica-scandal-fallout.html}
}

@incollection{Clore1994CanNonconscious,
    title = {{Can emotions be nonconscious?}},
    year = {1994},
    booktitle = {The nature of emotion:  Fundamental questions.},
    author = {Clore, Gerald L and LeDoux, Joseph E and Zajonc, Robert B and Davidson, Richard J and Ekman, Paul},
    pages = {283--299},
    series = {Series in affective science.},
    publisher = {Oxford University Press},
    address = {New York,  NY,  US},
    isbn = {0-19-508943-X (Hardcover); 0-19-508944-8 (Paperback)},
    keywords = {*Awareness, *Consciousness States, *Emotions, Emotional Processing}
}

@article{ChenCANDETECTED,
    title = {{CAN LLM-GENERATED MISINFORMATION BE DETECTED?}},
    author = {Chen, Canyu and Shu, Kai}
}

@inproceedings{Kacsmar2022CaringSharing,
    title = {{Caring about Sharing: User Perceptions of Multiparty Data Sharing}},
    year = {2022},
    booktitle = {31st USENIX Security Symposium (USENIX Security 22)},
    author = {Kacsmar, Bailey and Tilbury, Kyle and Mazmudar, Miti and Kerschbaum, Florian},
    month = {8},
    pages = {899--916},
    publisher = {USENIX Association},
    url = {https://www.usenix.org/conference/usenixsecurity22/presentation/kacsmar},
    address = {Boston, MA},
    isbn = {978-1-939133-31-1}
}

@article{Roy2017Cathy978-0553418811.,
    title = {{Cathy O’Neil. Weapons of Math Destruction: How Big Data Increases Inequality and Threatens Democracy . New York: Crown Publishers, 2016. 272p. Hardcover, 26 (ISBN 978-0553418811).}},
    year = {2017},
    journal = {College {\&} Research Libraries},
    author = {Roy, Michael},
    month = {12},
    pages = {403--404},
    volume = {78},
    doi = {10.5860/crl.78.3.403}
}

@misc{2023ClearviewData,
    title = {{Clearview AI appeals the ICO's monetary penalty notice (over {\pounds}7.5 million fine) and enforcement notice (order to delete certain data)}},
    year = {2023},
    url = {https://www.cliffordchance.com/insights/resources/blogs/talking-tech/en/articles/2023/04/clearview-ai-appeals-the-ico-s-monetary-penalty-notice--over-p7-.html}
}

@techreport{Arnaudo2021CombatingBeyond,
    title = {{Combating Information Manipulation: A Playbook for Elections and Beyond}},
    year = {2021},
    author = {Arnaudo, Daniel and Bradshaw, Samantha and Ooi, Hui Hui and Schwalbe, Kaleigh and Zakem, Vera and Zink, Amanda},
    url = {https://cyber.fsi.stanford.edu/io/publication/combating-information-manipulation-playbook-elections-and-beyond}
}

@article{Observatory2021CombatingBeyond,
    title = {{Combating Information Manipulation: A Playbook for Elections and Beyond INTERNATIONAL REPUBLICAN INSTITUTE Advancing Democracy Worldwide Combating Information Manipulation: A Playbook for Elections and Beyond}},
    year = {2021},
    author = {Observatory, Internet}
}

@article{Stevens2020ComplianceStandards,
    title = {{Compliance Cautions: Investigating Security Issues Associated with U.S. Digital-Security Standards}},
    year = {2020},
    journal = {Network and Distributed Systems Security (NDSS) Symposium},
    author = {Stevens, Rock and Dykstra, Josiah and Knox Everette, Wendy and Chapman, James and Bladow, Garrett and Farmer, Alexander and Halliday, Kevin and Mazurek, Michelle L},
    url = {https://dx.doi.org/10.14722/ndss.2020.24003},
    isbn = {1891562614},
    doi = {10.14722/ndss.2020.24003}
}

@article{Wu2023CompliancePerspective,
    title = {{Compliance Costs of AI Technology Commercialization: A Field Deployment Perspective}},
    year = {2023},
    author = {Wu, Weiyue and Liu, Shaoshan},
    month = {1},
    url = {http://arxiv.org/abs/2301.13454},
    arxivId = {2301.13454}
}

@misc{Verite2011ComplianceAct,
    title = {{Compliance is Not Enough: Best Practices in Responding to The California Transparency in Supply Chains Act}},
    year = {2011},
    author = {{Verit{\'{e}}}}
}

@misc{2022ComplianceKey,
    title = {{Compliance Isn’t Enough: Security Is Key}},
    year = {2022},
    url = {https://www.forbes.com/sites/forbestechcouncil/2022/01/21/compliance-isnt-enough-security-is-key/?sh=744169084f5d}
}

@article{Diaz-Rodriguez2023ConnectingRegulation,
    title = {{Connecting the Dots in Trustworthy Artificial Intelligence: From AI Principles, Ethics, and Key Requirements to Responsible AI Systems and Regulation}},
    year = {2023},
    author = {D{\'{i}}az-Rodr{\'{i}}guez, Natalia and Del Ser, Javier and Coeckelbergh, Mark and de Prado, Marcos López and Herrera-Viedma, Enrique and Herrera, Francisco},
    month = {5},
    url = {http://arxiv.org/abs/2305.02231},
    arxivId = {2305.02231v1}
}

@article{Engagedscholarshipcsu2002ContentReliability,
    title = {{Content Analysis in Mass Communication: Assessment and Content Analysis in Mass Communication: Assessment and Reporting of Intercoder Reliability Reporting of Intercoder Reliability}},
    year = {2002},
    author = {Engagedscholarship@csu, Engagedscholarship@csu and Lombard, Matthew and Snyder-Duch, Jennifer and Bracken, Cheryl C},
    url = {https://doi.org/10.1111/j.1468-2958.2002.tb00826.x},
    doi = {10.1111/j.1468-2958.2002.tb00826.x},
    keywords = {content analysis, intercoder reliability, mass communication research}
}

@article{CONTENTINDUSTRY,
    title = {{CONTENT MODERATION IN A HISTORIC ELECTION YEAR: KEY LESSONS FOR INDUSTRY}}
}

@article{Folorunso2024CorrespondingCybersecurity,
    title = {{Corresponding author: Adebola Folorunso Security compliance and its implication for cybersecurity}},
    year = {2024},
    author = {Folorunso, Adebola and Wada, Ifeoluwa and Samuel, Bunmi and Mohammed, Viqaruddin},
    url = {https://doi.org/10.30574/wjarr.2024.24.1.3170},
    doi = {10.30574/wjarr.2024.24.1.3170},
    keywords = {Cybersecurity, Digital Landscape, Review, Security Compliance}
}

@article{Roozenbeek2023CounteringMisinformation,
    title = {{Countering Misinformation}},
    year = {2023},
    journal = {European Psychologist},
    author = {Roozenbeek, Jon and Culloty, Eileen and Suiter, Jane},
    number = {3},
    pages = {189--205},
    volume = {28},
    url = {https://doi.org/10.1027/1016-9040/a000492},
    doi = {10.1027/1016-9040/a000492}
}

@phdthesis{OliverSaab2020CurbingPortal,
    title = {{Curbing Digital Election Interference in the Age of Disinformation: Embellishing the Robustness and Independence of Electoral Systems in Modern Liberal Democracies — CBS Research Portal}},
    year = {2020},
    author = {Oliver Saab, Andre and Katakis Anastasakos, Petros},
    url = {https://research.cbs.dk/en/studentProjects/curbing-digital-election-interference-in-the-age-of-disinformatio},
    school = {Copenhagen Business Schoos}
}

@article{MenzCurrentAnalysis,
    title = {{Current safeguards, risk mitigation, and transparency measures of large language models against the generation of health disinformation: repeated cross sectional analysis}},
    author = {Menz, Bradley D and Kuderer, Nicole M and Bacchi, Stephen and Modi, Natansh D and Chin-Yee, Benjamin and Hu, Tiancheng and Rickard, Ceara and Haseloff, Mark and Vitry, Agnes and Mckinnon, Ross A and Kichenadasse, Ganessan and Rowland, Andrew and Sorich, Michael J and Hopkins, Ashley M},
    url = {http://dx.doi.org/10.1136/},
    doi = {10.1136/bmj-2023-078538}
}

@article{Hamdani2021CybersecuritySystem,
    title = {{Cybersecurity Standards in the Context of Operating System}},
    year = {2021},
    journal = {ACM Computing Surveys (CSUR)},
    author = {Hamdani, Syed Wasif Abbas and Abbas, Haider and Janjua, Abdul Rehman and Shahid, Waleed Bin and Amjad, Muhammad Faisal and Malik, Jahanzaib and Murtaza, Malik Hamza and Atiquzzaman, Mohammed and Khan, Abdul Waheed},
    number = {3},
    month = {6},
    volume = {54},
    publisher = {Association for Computing Machinery},
    doi = {10.1145/3442480},
    issn = {15577341},
    keywords = {CC, Cybersecurity, FIPS, ISO, NIST, OS vulnerabilities, security standards}
}

@article{Sulaiman2022CyberInformationReview,
    title = {{Cyber–Information Security Compliance and Violation Behaviour in Organisations: A Systematic Review}},
    year = {2022},
    journal = {Social Sciences},
    author = {Sulaiman, Noor Suhani and Fauzi, Muhammad Ashraf and Wider, Walton and Rajadurai, Jegatheesan and Hussain, Suhaidah and Harun, Siti Aminah},
    number = {9},
    month = {9},
    volume = {11},
    publisher = {MDPI},
    doi = {10.3390/SOCSCI11090386},
    issn = {20760760},
    keywords = {compliance, cybersecurity/information security, policy, systematic review, violation}
}

@article{Gunning2019DARPAsProgram,
    title = {{DARPA's explainable artificial intelligence (XAI) program}},
    year = {2019},
    author = {Gunning, David},
    month = {3},
    publisher = {Association for Computing Machinery (ACM)},
    url = {https://dl.acm.org/doi/10.1145/3301275.3308446},
    doi = {10.1145/3301275.3308446}
}

@article{Verdinelli2013DataResearch,
    title = {{Data Display in Qualitative Research}},
    year = {2013},
    author = {Verdinelli, Susana and Scagnoli, Norma I},
    keywords = {categorization, diagram, matrix, qualitative data analysis, visual display, visualization}
}

@article{Gebru2018DatasheetsDatasets,
    title = {{Datasheets for Datasets}},
    year = {2018},
    journal = {Communications of the ACM},
    author = {Gebru, Timnit and Morgenstern, Jamie and Vecchione, Briana and Vaughan, Jennifer Wortman and Wallach, Hanna and Iii, Hal Daumé and Crawford, Kate},
    number = {12},
    month = {3},
    pages = {86--92},
    volume = {64},
    publisher = {Association for Computing Machinery},
    url = {https://arxiv.org/abs/1803.09010v8},
    doi = {10.1145/3458723},
    issn = {15577317},
    arxivId = {1803.09010}
}

@article{Gebru2018DatasheetsDatasetsb,
    title = {{Datasheets for Datasets}},
    year = {2018},
    journal = {Communications of the ACM},
    author = {Gebru, Timnit and Morgenstern, Jamie and Vecchione, Briana and Vaughan, Jennifer Wortman and Wallach, Hanna and Iii, Hal Daumé and Crawford, Kate},
    number = {12},
    month = {3},
    pages = {86--92},
    volume = {64},
    publisher = {Association for Computing Machinery},
    url = {https://arxiv.org/abs/1803.09010v8},
    doi = {10.1145/3458723},
    issn = {15577317},
    arxivId = {1803.09010}
}

@article{Gebru2018DatasheetsDatasetsc,
    title = {{Datasheets for Datasets}},
    year = {2018},
    author = {Gebru, Timnit and Morgenstern, Jamie and Vecchione, Briana and Wortman Vaughan, Jennifer and Wallach, Hanna and Daum{\'{e}} III, Hal and Crawford, Kate},
    isbn = {1803.09010v3},
    arxivId = {1803.09010v3}
}

@article{Gebru2018DatasheetsDatasetsd,
    title = {{Datasheets for Datasets}},
    year = {2018},
    author = {Gebru, Timnit and Morgenstern, Jamie and Vecchione, Briana and Wortman Vaughan, Jennifer and Wallach, Hanna and Daum{\'{e}} III, Hal and Crawford, Kate},
    isbn = {1803.09010v3},
    arxivId = {1803.09010v3}
}

@article{GebruDatasheetsVersion,
    title = {{Datasheets for Datasets (arXiv version)}},
    author = {Gebru, Timnit and in JAMIE MORGENSTERN, Black AI and Vecchione, Briana and Wortman Vaughan, Jennifer and Crawford, Kate},
    arxivId = {1803.09010v8}
}

@article{Han2018DeceptionPerspective,
    title = {{Deception Techniques in Computer Security: A Research Perspective}},
    year = {2018},
    journal = {ACM Computing Surveys},
    author = {Han, Xiao and Kheir, Nizar and Balzarotti, Davide},
    month = {3},
    pages = {1--36},
    volume = {51},
    doi = {10.1145/3214305}
}

@article{Moran2018DecidingJournalism,
    title = {{Deciding what’s true: The rise of political fact-checking in American journalism}},
    year = {2018},
    journal = {New Media {\&} Society},
    author = {Moran, Rachel E},
    number = {12},
    pages = {4832--4834},
    volume = {20},
    url = {https://doi.org/10.1177/1461444818795694},
    doi = {10.1177/1461444818795694}
}

@article{Piasecki2019DefenceStandards,
    title = {{Defence Against Dark Artefacts: An Analysis of the Assumptions Underpinning Smart Home Cybersecurity Standards}},
    year = {2019},
    journal = {SSRN Electronic Journal},
    author = {Piasecki, Stanislaw and Urquhart, Lachlan D. and McAuley, Derek},
    month = {10},
    publisher = {Elsevier BV},
    doi = {10.2139/SSRN.3463799}
}

@misc{2023DefendingThreats,
    title = {{Defending Against Generative AI Cyber Threats}},
    year = {2023},
    url = {https://www.forbes.com/sites/tonybradley/2023/02/27/defending-against-generative-ai-cyber-threats/?sh=6beb6c971088}
}

@article{AichDemystifyingInterpretation,
    title = {{Demystifying Neural Fake News via Linguistic Feature-Based Interpretation}},
    author = {Aich, Ankit and Bhattacharya, Souvik and Parde, Natalie},
    pages = {6586--6599},
    url = {https://buzzsumo.com}
}

@inproceedings{Aich2022DemystifyingInterpretation,
    title = {{Demystifying Neural Fake News via Linguistic Feature-Based Interpretation}},
    year = {2022},
    booktitle = {29th International Conference on Computational Linguistics},
    author = {Aich, Ankit and Bhattacharya, Souvik and Parde, Natalie},
    pages = {6586--6599},
    url = {https://aclanthology.org/2022.coling-1.573}
}

@article{GonzalezDesignCyberdefense,
    title = {{Design of Dynamic and Personalized Deception: A Research Framework and New Insights for Cyberdefense}},
    author = {Gonzalez, Cleotilde and Aggarwal, Palvi and Cranford, Edward A and Lebiere, Christian},
    url = {https://hdl.handle.net/10125/63965},
    isbn = {9780998133133}
}

@article{Nagbl2021DesigningSystems,
    title = {{Designing a Risk Assessment Tool for Artificial Intelligence Systems}},
    year = {2021},
    journal = {Lecture Notes in Computer Science (including subseries Lecture Notes in Artificial Intelligence and Lecture Notes in Bioinformatics)},
    author = {Nagb{\o}l, Per Rådberg and M{\"{u}}ller, Oliver and Krancher, Oliver},
    pages = {328--339},
    volume = {12807 LNCS},
    publisher = {Springer Science and Business Media Deutschland GmbH},
    isbn = {9783030824044},
    doi = {10.1007/978-3-030-82405-1{\_}32},
    issn = {16113349},
    keywords = {AI, Envelopment, Interpretability, Risk assessment, Risk management}
}

@article{Bailey1996DesigningResearch,
    title = {{Designing Qualitative Research}},
    year = {1996},
    journal = {The Modern Language Journal},
    author = {Bailey, Kathleen M. and Marshall, Catherine and Rossman, Gretchen B.},
    number = {3},
    month = {23},
    pages = {403},
    volume = {80},
    publisher = {Wiley},
    doi = {10.2307/329453},
    issn = {00267902}
}

@article{Haider2023DetectingLanguages,
    title = {{Detecting Social Media Manipulation in Low-Resource Languages}},
    year = {2023},
    journal = {ACM Web Conference 2023 - Companion of the World Wide Web Conference, WWW 2023},
    author = {Haider, Samar and Luceri, Luca and Deb, Ashok and Badawy, Adam and Peng, Nanyun and Ferrara, Emilio},
    month = {4},
    pages = {1358--1364},
    publisher = {Association for Computing Machinery, Inc},
    url = {https://dl.acm.org/doi/10.1145/3543873.3587615},
    isbn = {9781450394161},
    doi = {10.1145/3543873.3587615},
    arxivId = {2011.05367},
    keywords = {disinformation, language processing, social media}
}

@article{Alelyani2021DetectionBias,
    title = {{Detection and Evaluation of Machine Learning Bias}},
    year = {2021},
    journal = {Applied Sciences},
    author = {Alelyani, Salem},
    number = {14},
    month = {7},
    volume = {11},
    publisher = {MDPI AG},
    doi = {10.3390/APP11146271},
    issn = {20763417},
    keywords = {Bias detection, Bias evaluation, Cognitive bias, Explainable models, KL divergence, Machine learning bias}
}

@article{Trandabat2023DiscriminatingNews,
    title = {{Discriminating AI-generated Fake News}},
    year = {2023},
    journal = {Procedia Computer Science},
    author = {Trandabat, Diana and Gifu, Daniela},
    month = {1},
    pages = {3822--3831},
    volume = {225},
    publisher = {Elsevier},
    doi = {10.1016/J.PROCS.2023.10.378},
    issn = {1877-0509},
    keywords = {AI, content generation, fake news, language model}
}

@article{ObermeyerDissectingPopulations,
    title = {{Dissecting racial bias in an algorithm used to manage the health of populations}},
    author = {Obermeyer, Ziad and Powers, Brian and Vogeli, Christine and Mullainathan, Sendhil},
    url = {http://science.sciencemag.org/}
}

@article{Kuhl2020DoBehavior,
    title = {{Do you comply with AI? -- Personalized explanations of learning algorithms and their impact on employees' compliance behavior}},
    year = {2020},
    author = {K{\"{u}}hl, Niklas and Lobana​, Jodie and Meske​, Christian},
    month = {2},
    url = {https://arxiv.org/abs/2002.08777v1},
    arxivId = {2002.08777},
    keywords = {Compliance, Explainability, Machine Learning, Mental Model, ​ Artificial Intelligence}
}

@misc{2014EBayPost,
    title = {{eBay asks 145 million users to change passwords after data breach - The Washington Post}},
    year = {2014},
    url = {https://www.washingtonpost.com/news/the-switch/wp/2014/05/21/ebay-asks-145-million-users-to-change-passwords-after-data-breach/}
}

@misc{KevinTownsend2024EightSecurityWeek,
    title = {{Eight Vulnerabilities Disclosed in the AI Development Supply Chain - SecurityWeek}},
    year = {2024},
    author = {{Kevin Townsend}},
    month = {2},
    url = {https://www.securityweek.com/eight-vulnerabilities-disclosed-in-the-ai-development-supply-chain/}
}

@misc{Fernando2023ElectionNews,
    title = {{Election disinformation campaigns targeted voters of color in 2020. Experts expect 2024 to be worse | AP News}},
    year = {2023},
    booktitle = {AP News},
    author = {Fernando, Christine},
    month = {7},
    url = {https://apnews.com/article/elections-voting-misinformation-race-immigration-712a5c5a9b72c1668b8c9b1eb6e0038a}
}

@article{Hugick2008EncyclopediaMethods,
    title = {{Encyclopedia of Survey Research Methods}},
    year = {2008},
    journal = {Encyclopedia of Survey Research Methods},
    author = {Hugick, Larry and Best, Jonathan},
    month = {5},
    publisher = {Sage Publications, Inc.},
    url = {https://doi.org/10.4135/9781412963947},
    isbn = {9781412963947},
    doi = {10.4135/9781412963947},
    keywords = {Business and Management, Communication and Media Studies, Criminology and Criminal Justice, Data collection, Economics, Education, Geography, Health, Marketing, Methods: Sampling, Nursing, Political Science and International Relations, Psychology, Random sampling Disciplines: Anthropology, Response rates, Social Policy and Public Policy, Social Work, Sociology, Survey research}
}

@article{Sayesu2024EnhancingIntegration,
    title = {{Enhancing Cloud Security Through Dynamic Threat Intelligence Integration}},
    year = {2024},
    journal = {Harbin Gongcheng Daxue Xuebao/Journal of Harbin Engineering University},
    author = {Sayesu, Patnana},
    number = {01},
    month = {1},
    pages = {271--278},
    volume = {45},
    url = {https://harbinengineeringjournal.com/index.php/journal/article/view/2359},
    issn = {1006-7043}
}

@article{Konda2019EnsuringIntegration,
    title = {{Ensuring Trust and Security in AI: Challenges and Solutions for Safe Integration}},
    year = {2019},
    journal = {INTERNATIONAL JOURNAL OF COMPUTER SCIENCE AND TECHNOLOGY},
    author = {Konda, Sreedhar Reddy},
    number = {2},
    month = {6},
    pages = {71--86},
    volume = {3},
    url = {http://ijcst.com.pk/index.php/IJCST/article/view/388},
    doi = {10.5281/zenodo.10779269},
    issn = {2709-5088},
    keywords = {Artificial Intelligence, Challenges, Integration, Security, Trust}
}

@misc{2017EquifaxZDNET,
    title = {{Equifax confirms Apache Struts security flaw it failed to patch is to blame for hack | ZDNET}},
    year = {2017},
    url = {https://www.zdnet.com/article/equifax-confirms-apache-struts-flaw-it-failed-to-patch-was-to-blame-for-data-breach/}
}

@misc{EthicsFuture,
    title = {{Ethics guidelines for trustworthy AI | Shaping Europe’s digital future}},
    url = {https://digital-strategy.ec.europa.eu/en/library/ethics-guidelines-trustworthy-ai}
}

@article{Fadziso2023EvolutionThreat,
    title = {{Evolution of the Cyber Security Threat: An Overview of the Scale of Cyber Threat}},
    year = {2023},
    author = {Fadziso, Takudzwa and Thaduri, Upendar Rao and Dekkati, Sreekanth and Ballamudi, Venkata and Desamsetti, Harshith},
    month = {3},
    pages = {1--12},
    volume = {3},
    doi = {10.6084/m9.figshare.24189921.v1}
}

@article{Michaelides2021ExaminingContract,
    title = {{Examining attitudes towards cybersecurity compliance through the lens of the psychological contract}},
    year = {2021},
    journal = {Competitive Advantage in the Digital Economy (CADE 2021)},
    author = {Michaelides, N. V.},
    month = {12},
    pages = {99--104},
    publisher = {Institution of Engineering and Technology (IET)},
    doi = {10.1049/ICP.2021.2401}
}

@article{Ferguson-Walter2021ExaminingDeception,
    title = {{Examining the Efficacy of Decoy-based and Psychological Cyber Deception}},
    year = {2021},
    journal = {USENIX},
    author = {Ferguson-Walter, Kimberly J and Major, Maxine M and Johnson, Chelsea K and Muhleman, Daniel H},
    month = {7},
    url = {https://www.usenix.org/conference/usenixsecurity21/presentation/ferguson-walter},
    isbn = {9781939133243}
}

@article{Miller2017ExplanationSciences,
    title = {{Explanation in Artificial Intelligence: Insights from the Social Sciences}},
    year = {2017},
    journal = {Artificial Intelligence},
    author = {Miller, Tim},
    month = {12},
    pages = {},
    volume = {267},
    doi = {10.1016/j.artint.2018.07.007}
}

@article{Davenport2005ExploringKnowledge-acquisition,
    title = {{Exploring the role of proximity in SME knowledge-acquisition}},
    year = {2005},
    journal = {Research Policy},
    author = {Davenport, Sally},
    number = {5},
    month = {6},
    pages = {683--701},
    volume = {34},
    publisher = {North-Holland},
    doi = {10.1016/J.RESPOL.2005.03.006},
    issn = {0048-7333},
    keywords = {Geographic proximity, Knowledge-acquisition, Organisational proximity, Regional policy, SME growth}
}

@misc{2022FacebookNewsEngadget,
    title = {{Facebook News Feed bug injected misinformation into users' feeds for months | Engadget}},
    year = {2022},
    url = {https://www.engadget.com/facebook-news-feed-bug-misinformation-195411369.html}
}

@article{Dominguez2021FAILS:Systems,
    title = {{FAILS: A tool for assessing risk in ML systems}},
    year = {2021},
    journal = {Proceedings - Asia-Pacific Software Engineering Conference, APSEC},
    author = {Dominguez, Gonzalo Aguirre and Kawaai, Keigo and Maruyama, Hiroshi},
    pages = {1--4},
    publisher = {IEEE Computer Society},
    isbn = {9781665438131},
    doi = {10.1109/APSECW53869.2021.00010},
    issn = {15301362},
    keywords = {AI engineering, Machine learning, Quality assurance, Software engineering}
}

@article{Monti2019FAKELEARNING,
    title = {{FAKE NEWS DETECTION ON SOCIAL MEDIA USING GEOMETRIC DEEP LEARNING}},
    year = {2019},
    journal = {ICLR},
    author = {Monti, Federico and Frasca, Fabrizio and Eynard, Davide and Mannion, Damon and Bronstein, Michael M and Lugano, Usi}
}

@misc{FakeNewsNetDataverse,
    title = {{FakeNewsNet - Harvard Dataverse}},
    url = {https://dataverse.harvard.edu/dataset.xhtml?persistentId=doi:10.7910/DVN/UEMMHS}
}

@article{Shu2020FakeNewsNet:Media,
    title = {{FakeNewsNet: A Data Repository with News Content, Social Context, and Spatiotemporal Information for Studying Fake News on Social Media}},
    year = {2020},
    journal = {Big Data},
    author = {Shu, Kai and Mahudeswaran, Deepak and Wang, Suhang and Lee, Dongwon and Liu, Huan},
    number = {3},
    pages = {171--188},
    volume = {8},
    url = {https://doi.org/10.1089/big.2020.0062},
    doi = {10.1089/big.2020.0062}
}

@article{Foolproof,
    title = {{Foolproof}}
}

@misc{2023ForresterVentureBeat,
    title = {{Forrester predicts 2023's top cybersecurity threats: From generative AI to geopolitical tensions | VentureBeat}},
    year = {2023},
    url = {https://venturebeat.com/security/forrester-predicts-2023-top-cybersecurity-threats-generative-ai-geopolitical-tensions/}
}

@article{Schneck2019FROMLaws,
    title = {{FROM THE EDITORS Cybersecurity Compliance Is Necessary but Not Sufficient: Bad Guys Don't Follow Laws}},
    year = {2019},
    journal = {IEEE Security and Privacy},
    author = {Schneck, Phyllis A},
    number = {1},
    month = {1},
    pages = {4--6},
    volume = {17},
    url = {www.computer.org/security},
    doi = {10.1109/MSEC.2019.2897041},
    issn = {15584046}
}

@article{Williams2022FromAspirations,
    title = {{From transparency to accountability of intelligent systems: Moving beyond aspirations}},
    year = {2022},
    journal = {Data {\&} Policy},
    author = {Williams, Rebecca and Cloete, Richard and Cobbe, Jennifer and Cottrill, Caitlin and Edwards, Peter and Markovic, Milan and Naja, Iman and Ryan, Frances and Singh, Jatinder and Pang, Wei},
    number = {3},
    month = {2},
    pages = {e7},
    volume = {4},
    publisher = {Cambridge University Press},
    url = {https://www.cambridge.org/core/journals/data-and-policy/article/from-transparency-to-accountability-of-intelligent-systems-moving-beyond-aspirations/E412FF94EC2A293985D414D80415F4AA},
    doi = {10.1017/DAP.2021.37},
    issn = {2632-3249},
    keywords = {accountability, algorithmic systems, artificial intelligence, auditability, autonomous systems, explainability, machine learning, responsibility, transparency}
}

@article{Anderljung2023FRONTIERSAFETY,
    title = {{FRONTIER AI REGULATION: MANAGING EMERGING RISKS TO PUBLIC SAFETY}},
    year = {2023},
    author = {Anderljung, Markus and Barnhart, Joslyn and Korinek, Anton and Leung, Jade and O'keefe, Cullen and Whittlestone, Jess and Avin, Shahar and Brundage, Miles and Bullock, Justin and Cass-Beggs, Duncan and Chang, Ben and Collins, Tantum and Fist, Tim and Hadfield, Gillian and Hayes, Alan and Ho, Lewis and Hooker, Sara and Horvitz, Eric and Kolt, Noam and Schuett, Jonas and Shavit, Yonadav and Siddarth, Divya and Trager, Robert and Wolf, Kevin},
    arxivId = {2307.03718v4}
}

@misc{Hu2023GameAgents.,
    title = {{Game of Travesty: Decoy-based Psychological Cyber Deception for Proactive Human Agents.}},
    year = {2023},
    booktitle = {arXiv},
    author = {Hu, Yinan and Zhu, Quanyan},
    month = {9},
    url = {https://arxiv.org/pdf/2309.13403.pdf},
    arxivId = {2309.13403}
}

@article{Bhardwaj2023GAN-BasedNews,
    title = {{GAN-Based Unsupervised Learning Approach to Generate and Detect Fake News}},
    year = {2023},
    journal = {Lecture Notes in Networks and Systems},
    author = {Bhardwaj, Pranjal and Yadav, Krishna and Alsharif, Hind and Aboalela, Rania Anwar},
    pages = {384--396},
    volume = {599 LNNS},
    publisher = {Springer, Cham},
    url = {https://link.springer.com/chapter/10.1007/978-3-031-22018-0_37},
    isbn = {978-3-031-22018-0},
    doi = {10.1007/978-3-031-22018-0{\_}37},
    issn = {2367-3389},
    keywords = {Autoencoders, Fake news detection, Fake news generation, Generative adversarial networks}
}

@article{Buolamwini2018Gender,
    title = {{Gender Shades: Intersectional Accuracy Disparities in Commercial Gender Classification *}},
    year = {2018},
    journal = {Proceedings of Machine Learning Research},
    author = {Buolamwini, Joy},
    pages = {1--15},
    volume = {81},
    keywords = {Algorith-mic Audit, Computer Vision, Gender Classification}
}

@article{Razikin2021GeneralCompliance,
    title = {{General Cybersecurity Maturity Assessment Model: Best Practice to Achieve Payment Card Industry-Data Security Standard (PCI-DSS) Compliance}},
    year = {2021},
    journal = {CommIT (Communication and Information Technology) Journal},
    author = {Razikin, Khairur and Widodo, Agus},
    number = {2},
    month = {8},
    pages = {91--104},
    volume = {15},
    publisher = {Bina Nusantara University},
    doi = {10.21512/COMMIT.V15I2.6931},
    issn = {24607010},
    keywords = {Best practice, General cybersecurity maturity assessment model, Payment card industry-data security standard (PCI-DSS)}
}

@article{Adelani2020GeneratingDetection,
    title = {{Generating Sentiment-Preserving Fake Online Reviews Using Neural Language Models and Their Human- and Machine-Based Detection}},
    year = {2020},
    journal = {Advances in Intelligent Systems and Computing},
    author = {Adelani, David Ifeoluwa and Mai, Haotian and Fang, Fuming and Nguyen, Huy H. and Yamagishi, Junichi and Echizen, Isao},
    pages = {1341--1354},
    volume = {1151 AISC},
    publisher = {Springer, Cham},
    url = {https://link.springer.com/chapter/10.1007/978-3-030-44041-1_114},
    isbn = {978-3-030-44041-1},
    doi = {10.1007/978-3-030-44041-1{\_}114},
    issn = {2194-5365},
    arxivId = {1907.09177}
}

@misc{WorldEconomicForum2023GlobalForum,
    title = {{Global Risks Report 2023 | World Economic Forum | World Economic Forum}},
    year = {2023},
    booktitle = {World Economic Forum},
    author = {{World Economic Forum}},
    month = {1},
    url = {https://www.weforum.org/publications/global-risks-report-2023/}
}

@article{Basol2020GoodNews,
    title = {{Good news about bad news: Gamified inoculation boosts confidence and cognitive immunity against fake news}},
    year = {2020},
    journal = {Journal of Cognition},
    author = {Basol, Melisa and Roozenbeek, Jon and Van Der Linden, Sander},
    number = {1},
    volume = {3},
    publisher = {Ubiquity Press},
    doi = {10.5334/JOC.91/},
    issn = {25144820},
    keywords = {Decision making, Judgment, Reasoning}
}

@misc{2018GoogleMashable,
    title = {{Google exposed personal data of almost 500,000 and didn't disclose it | Mashable}},
    year = {2018},
    url = {https://mashable.com/article/google-plus-bug-exposed-data-cover-up}
}

@article{Taeihagh2021GovernanceIntelligence,
    title = {{Governance of artificial intelligence}},
    year = {2021},
    journal = {Policy and Society},
    author = {Taeihagh, Araz},
    number = {2},
    month = {4},
    pages = {137--157},
    volume = {40},
    publisher = {Routledge},
    url = {https://www.tandfonline.com/doi/abs/10.1080/14494035.2021.1928377},
    doi = {10.1080/14494035.2021.1928377},
    issn = {18393373},
    keywords = {AI, Governance, artificial intelligence, public policy, robotics}
}

@article{Bengio2024GovernmentRisks,
    title = {{Government Interventions to Avert Future Catastrophic AI Risks}},
    year = {2024},
    journal = {Harvard Data Science Review},
    author = {Bengio, Yoshua},
    number = {Special Issue 5},
    month = {4},
    volume = { },
    publisher = {The MIT Press},
    url = {https://hdsr.mitpress.mit.edu/pub/w974bwb0/release/2},
    doi = {10.1162/99608F92.D949F941},
    issn = {2644-2353}
}

@misc{Harbath2023HistoryCenter,
    title = {{History of the Cambridge Analytica Controversy | Bipartisan Policy Center}},
    year = {2023},
    author = {Harbath, Katie and Fernekes, Collier},
    month = {3},
    url = {https://bipartisanpolicy.org/blog/cambridge-analytica-controversy/}
}

@article{RhysWardHonestyDeception,
    title = {{Honesty Is the Best Policy: Defining and Mitigating AI Deception}},
    author = {Rhys Ward, Francis and Belardinelli, Francesco and Toni, Francesca and Everitt, Tom},
    arxivId = {2312.01350v1}
}

@misc{Vicic2024HowAmerican,
    title = {{How Foreign Governments Sway Voters with Online Manipulation | Scientific American}},
    year = {2024},
    booktitle = {Scientific American},
    author = {Vicic, Jelena},
    month = {4},
    url = {https://www.scientificamerican.com/article/how-foreign-governments-sway-voters-with-online-manipulation/}
}

@misc{2021HowNPR,
    title = {{How Russia Used SolarWinds To Hack Microsoft, Intel, Pentagon, Other Networks : NPR}},
    year = {2021},
    url = {https://www.npr.org/2021/04/16/985439655/a-worst-nightmare-cyberattack-the-untold-story-of-the-solarwinds-hack}
}

@article{Reed2018HowIntelligence,
    title = {{How should we regulate artificial intelligence?}},
    year = {2018},
    journal = {Philosophical Transactions of the Royal Society A: Mathematical, Physical and Engineering Sciences},
    author = {Reed, Chris},
    number = {2128},
    volume = {376},
    publisher = {Royal Society Publishing},
    url = {http://dx.doi.org/10.1098/rsta.2017.0360},
    doi = {10.1098/RSTA.2017.0360},
    issn = {1364503X},
    pmid = {30082306},
    keywords = {Artificial intelligence, Law, Machine learning, Regulation, Transparency}
}

@misc{2018IBMsOnline,
    title = {{IBM's Watson suggested 'often inaccurate' and 'unsafe' treatment recommendations for cancer patients | Daily Mail Online}},
    year = {2018},
    url = {https://www.dailymail.co.uk/sciencetech/article-6001141/IBMs-Watson-suggested-inaccurate-unsafe-treatment-recommendations-cancer-patients.html}
}

@article{Venkit2021IdentificationModels,
    title = {{Identification of Bias Against People with Disabilities in Sentiment Analysis and Toxicity Detection Models}},
    year = {2021},
    author = {Venkit, Pranav Narayanan and Wilson, Shomir},
    month = {11},
    url = {http://arxiv.org/abs/2111.13259},
    arxivId = {2111.13259v1}
}

@article{Venkit2021IdentificationModelsb,
    title = {{Identification of Bias Against People with Disabilities in Sentiment Analysis and Toxicity Detection Models}},
    year = {2021},
    journal = {arXiv.org},
    author = {Venkit, Pranav Narayanan and Wilson, Shomir}
}

@article{Meier2024ImpactStudy,
    title = {{Impact of financial compensation on enrollment and participation in a remote, mobile-app based research study}},
    year = {2024},
    journal = {Journal of Clinical and Translational Science},
    author = {Meier, Shelby and Cheng, Alex and Tischbein, Maeve and Shyr, Cathy and Jerome, Rebecca N. and Edwards, Terri L. and Stroud, Mary and Wilkins, Consuelo H. and Harris, Paul A.},
    number = {1},
    month = {4},
    pages = {75--76},
    volume = {8},
    publisher = {Cambridge University Press},
    url = {/pmc/articles/PMC11075110/ /pmc/articles/PMC11075110/?report=abstract https://www.ncbi.nlm.nih.gov/pmc/articles/PMC11075110/},
    doi = {10.1017/CTS.2024.515},
    issn = {20598661},
    pmid = {38715567},
    keywords = {Clinical trials, financial incentive, motivation, participant compensation, participant recruitment}
}

@inproceedings{Holstein2019ImprovingNeed,
    title = {{Improving Fairness in Machine Learning Systems: What Do Industry Practitioners Need?}},
    year = {2019},
    booktitle = {CHI '19: Proceedings of the 2019 CHI Conference on Human Factors in Computing Systems},
    author = {Holstein, Kenneth and Vaughan, Jennifer and Daum{\'{e}}, Hal and Dudik, Miro and Wallach, Hanna},
    month = {12},
    pages = {1--16},
    isbn = {978-1-4503-5970-2},
    doi = {10.1145/3290605.3300830}
}

@article{Vianello2022ImprovingDesign,
    title = {{Improving Trustworthiness of AI Solutions: A Qualitative Approach to Support Ethically-Grounded AI Design}},
    year = {2022},
    journal = {International Journal of Human–Computer Interaction},
    author = {Vianello, Andrea and Laine, Sami and Tuomi, Elsa},
    publisher = {Taylor and Francis Ltd.},
    doi = {10.1080/10447318.2022.2095478},
    issn = {15327590}
}

@article{Ashoori2019InProcesses,
    title = {{In AI We Trust? Factors That Influence Trustworthiness of AI-infused Decision-Making Processes}},
    year = {2019},
    journal = {ArXiv},
    author = {Ashoori, M. and Weisz, Justin D.}
}

@misc{INFindLaw,
    title = {{IN RE: META PIXEL TAX FILING CASES This order relates to all actions. (2024) | FindLaw}},
    url = {https://caselaw.findlaw.com/court/us-dis-crt-n-d-cal/115973779.html}
}

@incollection{ElIdrissi2021InadequacyContext,
    title = {{Inadequacy of IT Approaches to Manage Cyber Security in ICS Context}},
    year = {2021},
    author = {El Idrissi, Omar and Mezrioui, Abdellatif and Belmekki, Abdelhamid},
    month = {3},
    pages = {678--689},
    isbn = {978-3-030-73688-0},
    doi = {10.1007/978-3-030-73689-7{\_}65}
}

@article{Bieringer2022IndustrialLearning,
    title = {{Industrial practitioners' mental models of adversarial machine learning Industrial practitioners' mental models of adversarial machine learning}},
    year = {2022},
    journal = {Proceedings of the Eighteenth Symposium on Usable Privacy and Security is sponsored by USENIX.},
    author = {Bieringer, Lukas and Grosse, Kathrin and Backes, Michael and Biggio, Battista and Krombholz, Katharina},
    url = {https://www.usenix.org/conference/soups2022/presentation/bieringer},
    isbn = {9781939133304}
}

@article{Adams2000Industry-UniversityCenters,
    title = {{Industry-University Cooperative Research Centers}},
    year = {2000},
    author = {Adams, James and Chiang, Eric and Starkey, Katara},
    month = {8},
    url = {http://www.nber.org/papers/w7843.pdf},
    institution = {National Bureau of Economic Research},
    address = {Cambridge, MA},
    doi = {10.3386/W7843}
}

@article{Starbird2023InfluenceElection,
    title = {{Influence and Improvisation: Participatory Disinformation during the 2020 US Election}},
    year = {2023},
    journal = {Social Media and Society},
    author = {Starbird, Kate and DiResta, Renée and DeButts, Matt},
    number = {2},
    month = {4},
    volume = {9},
    publisher = {SAGE Publications Ltd},
    url = {https://journals.sagepub.com/doi/10.1177/20563051231177943},
    doi = {10.1177/20563051231177943/ASSET/IMAGES/LARGE/10.1177{\_}20563051231177943-FIG10.JPEG},
    issn = {20563051},
    keywords = {disinformation, influencers, rumor, social computing}
}

@article{PurnatTinaDandVacca2021InfodemicConversations,
    title = {{Infodemic Signal Detection During the COVID-19 Pandemic: Development of a Methodology for Identifying Potential Information Voids in Online Conversations}},
    year = {2021},
    journal = {JMIR Infodemiology},
    author = {Purnat Tina D{\\\}and Vacca, Paolo
        and Czerniak Christine
        and Ball Sarah
        and Burzo Stefano
        and Zecchin Tim
        and Wright Amy
        and Bezbaruah Supriya
        and Tanggol Faizza
        and Dubé Ève
        and Labbé Fabienne
        and Dionne Maude
        and Lamichhane Jaya
        and Mahajan Avichal
        and Briand Sylvie
        and Nguyen Tim},
    number = {1},
    month = {7},
    pages = {e30971},
    volume = {1},
    url = {http://www.ncbi.nlm.nih.gov/pubmed/34447926},
    doi = {10.2196/30971},
    issn = {2564-1891},
    keywords = {infodemic; COVID-19; infodemic management; social listening; social monitoring; social media; pandemic preparedness; pandemic response; risk communication; information voids; data deficits; information overload}
}

@article{vanderLinden2020InoculatingCOVID-19,
    title = {{Inoculating Against Fake News About COVID-19}},
    year = {2020},
    journal = {Frontiers in Psychology},
    author = {van der Linden, Sander and Roozenbeek, Jon and Compton, Josh},
    volume = {11},
    url = {https://www.frontiersin.org/journals/psychology/articles/10.3389/fpsyg.2020.566790},
    doi = {10.3389/fpsyg.2020.566790},
    issn = {1664-1078}
}

@misc{DastinInsightReuters,
    title = {{Insight - Amazon scraps secret AI recruiting tool that showed bias against women | Reuters}},
    author = {Dastin, Jeffrey},
    month = {8},
    url = {https://www.reuters.com/article/us-amazon-com-jobs-automation-insight/amazon-scraps-secret-ai-recruiting-tool-that-showed-bias-against-women-idUSKCN1MK08G/}
}

@misc{Dastin2018InsightReuters,
    title = {{Insight - Amazon scraps secret AI recruiting tool that showed bias against women | Reuters}},
    year = {2018},
    author = {Dastin, Jeffrey},
    month = {8},
    url = {https://www.reuters.com/article/us-amazon-com-jobs-automation-insight/amazon-scraps-secret-ai-recruiting-tool-that-showed-bias-against-women-idUSKCN1MK08G/}
}

@article{ContextInformationSecurityIntegratingProducts,
    title = {{Integrating Threat Intelligence Defining an Intelligence Driven Cyber Security Strategy CONTEXT would like to acknowledge the help and support of CPNI and CERT-UK in researching this topic and producing the accompanying products}},
    journal = {Centre for the Protection of National Infrastructure},
    author = {{Context Information Security}}
}

@article{Garbuk2019IntellimetryTrustworthiness,
    title = {{Intellimetry as a Way to Ensure AI Trustworthiness}},
    year = {2019},
    journal = {Proceedings - 2018 International Conference on Artificial Intelligence: Applications and Innovations, IC-AIAI 2018},
    author = {Garbuk, Sergey V.},
    month = {3},
    pages = {27--30},
    publisher = {Institute of Electrical and Electronics Engineers Inc.},
    isbn = {9781728104126},
    doi = {10.1109/IC-AIAI.2018.8674447},
    keywords = {AI systems quality, AI systems trustworthiness, Applied Intellimetry, applied AI tasks}
}

@article{JohnsonInternetStudies,
    title = {{Internet and Social Network Recruitment: Two Case Studies}},
    author = {Johnson, Kathy A and Peace, Jane}
}

@article{Perifanis2023InvestigatingReview,
    title = {{Investigating the Influence of Artificial Intelligence on Business Value in the Digital Era of Strategy: A Literature Review}},
    year = {2023},
    journal = {Information 2023, Vol. 14, Page 85},
    author = {Perifanis, Nikolaos Alexandros and Kitsios, Fotis},
    number = {2},
    month = {2},
    pages = {85},
    volume = {14},
    publisher = {Multidisciplinary Digital Publishing Institute},
    url = {https://www.mdpi.com/2078-2489/14/2/85/htm https://www.mdpi.com/2078-2489/14/2/85},
    doi = {10.3390/INFO14020085},
    issn = {2078-2489},
    keywords = {AI capability, IT strategy, artificial intelligence (AI), business strategy, business value, digital transformation}
}

@article{Pierri2023ITA-ELECTION-2022:Election,
    title = {{ITA-ELECTION-2022: A Multi-Platform Dataset of Social Media Conversations Around the 2022 Italian General Election}},
    year = {2023},
    journal = {International Conference on Information and Knowledge Management, Proceedings},
    author = {Pierri, Francesco and Liu, Geng and Ceri, Stefano},
    month = {10},
    pages = {5386--5390},
    publisher = {Association for Computing Machinery},
    url = {https://dl.acm.org/doi/10.1145/3583780.3615121},
    isbn = {9798400701245},
    doi = {10.1145/3583780.3615121},
    arxivId = {2301.05119},
    keywords = {Italy, advertisement, multi-platform, politics, social media}
}

@article{Marchal2020JunkElection,
    title = {{Junk News {\&} Information Sharing During the 2019 UK General Election}},
    year = {2020},
    journal = {ArXiv},
    author = {Marchal, Nahema and Kollanyi, Bence and Neudert, Lisa-Maria and Au, Hubert and Howard, Philip N},
    volume = {abs/2002.12069},
    url = {https://api.semanticscholar.org/CorpusID:211532548}
}

@article{Clay2017LossStudy,
    title = {{Loss Aversion Reflects Information Accumulation, Not Bias: A Drift-Diffusion Model Study}},
    year = {2017},
    journal = {Frontiers in Psychology},
    author = {Clay, Summer N and Clithero, John A and Harris, Alison M and Reed, Catherine L},
    volume = {8},
    url = {https://www.frontiersin.org/journals/psychology/articles/10.3389/fpsyg.2017.01708},
    doi = {10.3389/fpsyg.2017.01708},
    issn = {1664-1078}
}

@article{Meng2021MachineBias,
    title = {{Machine Learning Models for Edge Placement Error Based Etch Bias}},
    year = {2021},
    journal = {IEEE Transactions on Semiconductor Manufacturing},
    author = {Meng, Yang and Kim, Young Chang and Guo, Shujie and Shu, Zhongli and Zhang, Yingchun and Liu, Qingwei},
    number = {1},
    month = {2},
    pages = {42--48},
    volume = {34},
    publisher = {Institute of Electrical and Electronics Engineers Inc.},
    doi = {10.1109/TSM.2020.3042803},
    issn = {15582345},
    keywords = {Etch bias, edge placement error, machine learning, model, neural network, random forest}
}

@misc{2017MajorTechCrunch,
    title = {{Major Cloudflare bug leaked sensitive data from customers’ websites | TechCrunch}},
    year = {2017},
    url = {https://techcrunch.com/2017/02/23/major-cloudflare-bug-leaked-sensitive-data-from-customers-websites/}
}

@article{Bolukbasi2016ManEmbeddings,
    title = {{Man is to Computer Programmer as Woman is to Homemaker? Debiasing Word Embeddings}},
    year = {2016},
    journal = {Advances in Neural Information Processing Systems},
    author = {Bolukbasi, Tolga and Chang, Kai-Wei and Zou, James Y. and Saligrama, Venkatesh and Kalai, Adam T.},
    volume = {29},
    url = {https://code.google.com/archive/p/word2vec/}
}

@misc{2023ManagingDigital,
    title = {{Managing Mis-, Dis-, and Mal-Information (MDM) in Emergency Response — Becker Digital}},
    year = {2023},
    booktitle = {BeckerDigital},
    month = {8},
    url = {https://www.becker-digital.com/blog/mis-disinformation-emergency-response}
}

@misc{2020MarriottOnline,
    title = {{Marriott data breach FAQ: How did it happen and what was the impact? | CSO Online}},
    year = {2020},
    url = {https://www.csoonline.com/article/3441220/marriott-data-breach-faq-how-did-it-happen-and-what-was-the-impact.html}
}

@article{Jacobs2023MeasuringStudy,
    title = {{Measuring the Effectiveness of U.S. Government Security Awareness Programs: A Mixed-Methods Study}},
    year = {2023},
    author = {Jacobs, Jody L. and Haney, Julie M. and Furman, Susanne M.},
    pages = {14--33},
    publisher = {Springer, Cham},
    url = {https://link.springer.com/chapter/10.1007/978-3-031-35969-9_2},
    isbn = {9783031359682},
    doi = {10.1007/978-3-031-35969-9{\_}2/FIGURES/7},
    issn = {16113349},
    keywords = {effectiveness, government, metrics, mixed-methods, security awareness, training}
}

@misc{MedicalSchool,
    title = {{Medical AI systems could be vulnerable to adversarial attacks - Harvard Law School | Harvard Law School}},
    url = {https://hls.harvard.edu/today/medical-ai-systems-could-be-vulnerable-to-adversarial-attacks/}
}

@article{Leavy2020MitigatingSets,
    title = {{Mitigating Gender Bias in Machine Learning Data Sets}},
    year = {2020},
    author = {Leavy, Susan and Meaney, Gerardine and Wade, Karen and Greene, Derek},
    month = {5},
    url = {http://arxiv.org/abs/2005.06898},
    arxivId = {2005.06898v2}
}

@misc{ModelMichalsons,
    title = {{Model inversion attacks | A new AI security risk - Michalsons}},
    url = {https://www.michalsons.com/blog/model-inversion-attacks-a-new-ai-security-risk/64427}
}

@misc{ModernizingMagazine,
    title = {{Modernizing Vulnerability Management: Beyond Scanning to Continuous Exposure - CPO Magazine}},
    url = {https://www.cpomagazine.com/cyber-security/modernizing-vulnerability-management-beyond-scanning-to-continuous-exposure/}
}

@article{Wallach2009MoralWrong,
    title = {{Moral machines : teaching robots right from wrong}},
    year = {2009},
    author = {Wallach, Wendell and Allen, Colin.},
    pages = {275},
    publisher = {Oxford University Press},
    isbn = {978-0-19-537404-9}
}

@article{Yang2022NewsEconomy,
    title = {{News Text Mining-Based Business Sentiment Analysis and Its Significance in Economy}},
    year = {2022},
    journal = {Frontiers in psychology},
    author = {Yang, Ming and Jiang, Binghan and Wang, Yimin and Hao, Tianyu and Liu, Yuankun},
    month = {7},
    volume = {13},
    publisher = {Front Psychol},
    url = {https://pubmed.ncbi.nlm.nih.gov/35910983/},
    doi = {10.3389/FPSYG.2022.918447},
    issn = {1664-1078},
    pmid = {35910983},
    keywords = {Binghan Jiang, MEDLINE, Ming Yang, NCBI, NIH, NLM, National Center for Biotechnology Information, National Institutes of Health, National Library of Medicine, News, PMC9330562, PubMed Abstract, Yuankun Liu, doi:10.3389/fpsyg.2022.918447, pmid:35910983}
}

@article{Yang2022NewsEconomyb,
    title = {{News Text Mining-Based Business Sentiment Analysis and Its Significance in Economy}},
    year = {2022},
    journal = {Frontiers in psychology},
    author = {Yang, Ming and Jiang, Binghan and Wang, Yimin and Hao, Tianyu and Liu, Yuankun},
    month = {7},
    volume = {13},
    publisher = {Front Psychol},
    url = {https://pubmed.ncbi.nlm.nih.gov/35910983/},
    doi = {10.3389/FPSYG.2022.918447},
    issn = {1664-1078},
    pmid = {35910983},
    keywords = {Binghan Jiang, MEDLINE, Ming Yang, NCBI, NIH, NLM, National Center for Biotechnology Information, National Institutes of Health, National Library of Medicine, News, PMC9330562, PubMed Abstract, Yuankun Liu, doi:10.3389/fpsyg.2022.918447, pmid:35910983}
}

@misc{Domino2024NineBoard,
    title = {{Nine Election Year Lessons from Meta's Oversight Board}},
    year = {2024},
    author = {Domino, Jenny},
    month = {5},
    url = {https://www.justsecurity.org/95396/metas-oversight-board-election-lessons/}
}

@misc{NISTTrustworthiness,
    title = {{NIST AIRC - AI Risks and Trustworthiness}},
    url = {https://airc.nist.gov/AI_RMF_Knowledge_Base/AI_RMF/Foundational_Information/3-sec-characteristics}
}

@article{Abdelnabi2023NotInjection,
    title = {{Not What You've Signed Up For: Compromising Real-World LLM-Integrated Applications with Indirect Prompt Injection}},
    year = {2023},
    journal = {Proceedings of the 16th ACM Workshop on Artificial Intelligence and Security},
    author = {Abdelnabi, Sahar and Greshake, Kai and Mishra, Shailesh and Endres, Christoph and Holz, Thorsten and Fritz, Mario},
    month = {11},
    pages = {79--90},
    volume = {23},
    publisher = {ACM},
    url = {https://dl.acm.org/doi/10.1145/3605764.3623985},
    address = {New York, NY, USA},
    isbn = {9798400702600},
    doi = {10.1145/3605764.3623985},
    keywords = {CCS CONCEPTS • Computing methodologies → Machine learning, KEYWORDS Large Language Models, Indirect Prompt Injection * Contributed equally, • Security and privacy}
}

@article{Friedler2016OnFairness,
    title = {{On the (im)possibility of fairness}},
    year = {2016},
    author = {Friedler, Sorelle A. and Scheidegger, Carlos and Venkatasubramanian, Suresh},
    month = {9},
    url = {http://arxiv.org/abs/1609.07236},
    arxivId = {1609.07236}
}

@article{Bender2021OnBig,
    title = {{On the dangers of stochastic parrots: Can language models be too big?}},
    year = {2021},
    journal = {FAccT 2021 - Proceedings of the 2021 ACM Conference on Fairness, Accountability, and Transparency},
    author = {Bender, Emily M. and Gebru, Timnit and McMillan-Major, Angelina and Shmitchell, Shmargaret},
    month = {3},
    pages = {610--623},
    publisher = {Association for Computing Machinery, Inc},
    url = {https://www.mercatus.org/ai-policy-guide/ai-paradigm-shift-i},
    isbn = {9781450383097},
    doi = {10.1145/3442188.3445922}
}

@article{PanOnModels,
    title = {{On the Risk of Misinformation Pollution with Large Language Models}},
    author = {Pan, Yikang and Pan, Liangming and Chen, Wenhu and Nakov, Preslav and Kan, Min-Yen and Wang, William Yang},
    pages = {1389--1403},
    url = {https://github.com/}
}

@article{Orne1962OnImplications.,
    title = {{On the social psychology of the psychological experiment: With particular reference to demand characteristics and their implications.}},
    year = {1962},
    journal = {American Psychologist},
    author = {Orne, Martin T.},
    number = {11},
    month = {11},
    pages = {776--783},
    volume = {17},
    url = {http://doi.apa.org/getdoi.cfm?doi=10.1037/h0043424},
    doi = {10.1037/H0043424},
    issn = {1935-990X}
}

@article{Green2022OnlineElection,
    title = {{Online engagement with 2020 election misinformation and turnout in the 2021 Georgia runoff election}},
    year = {2022},
    journal = {Proceedings of the National Academy of Sciences of the United States of America},
    author = {Green, Jon and Hobbs, William and McCabe, Stefan and Lazer, David},
    number = {34},
    month = {8},
    pages = {e2115900119},
    volume = {119},
    publisher = {National Academy of Sciences},
    url = {https://www.pnas.org/doi/abs/10.1073/pnas.2115900119},
    doi = {10.1073/PNAS.2115900119/SUPPL{\_}FILE/PNAS.2115900119.SAPP.PDF},
    issn = {10916490},
    pmid = {35972960},
    keywords = {Twitter, elections, misinformation, turnout}
}

@article{BieringerOpenLearning,
    title = {{Open access to the Proceedings of the Eighteenth Symposium on Usable Privacy and Security is sponsored by USENIX. Industrial practitioners' mental models of adversarial machine learning Industrial practitioners' mental models of adversarial machine learning}},
    author = {Bieringer, Lukas and Grosse, Kathrin and Backes, Michael and Biggio, Battista and Krombholz, Katharina},
    url = {https://www.usenix.org/conference/soups2022/presentation/bieringer},
    isbn = {9781939133304}
}

@article{Largent2017PayingForward,
    title = {{Paying Research Participants: Regulatory Uncertainty, Conceptual Confusion, and a Path Forward}},
    year = {2017},
    journal = {Yale journal of health policy, law, and ethics},
    author = {Largent, Emily A and Fernandez Lynch, Holly and Bioethics, M},
    number = {1},
    pages = {61},
    volume = {17},
    publisher = {NIH Public Access},
    url = {/pmc/articles/PMC5728432/ /pmc/articles/PMC5728432/?report=abstract https://www.ncbi.nlm.nih.gov/pmc/articles/PMC5728432/},
    issn = {1535-3532},
    pmid = {29249912}
}

@misc{Perplexity,
    title = {{Perplexity}},
    url = {https://www.perplexity.ai/}
}

@misc{OfficeofthePrivacyCommissionerofCanada2021PIPEDACanada,
    title = {{PIPEDA Findings {\#}2021-001: Joint investigation of Clearview AI, Inc. by the Office of the Privacy Commissioner of Canada, the Commission d’acc{\`{e}}s {\`{a}} l’information du Qu{\'{e}}bec, the Information and Privacy Commissioner for British Columbia, and the Information Privacy Commissioner of Alberta - Office of the Privacy Commissioner of Canada}},
    year = {2021},
    author = {{Office of the Privacy Commissioner of Canada}},
    url = {https://www.priv.gc.ca/en/opc-actions-and-decisions/investigations/investigations-into-businesses/2021/pipeda-2021-001/}
}

@misc{PoliticalPosts,
    title = {{Political Social Media Posts}},
    url = {https://www.kaggle.com/datasets/crowdflower/political-social-media-posts?resource=download}
}

@article{Boltachev2023PotentialModels,
    title = {{Potential cyber threats of adversarial attacks on autonomous driving models}},
    year = {2023},
    journal = {Journal of Computer Virology and Hacking Techniques},
    author = {Boltachev, Eldar},
    month = {6},
    pages = {1--11},
    publisher = {Springer-Verlag Italia s.r.l.},
    url = {https://link.springer.com/article/10.1007/s11416-023-00486-x},
    doi = {10.1007/S11416-023-00486-X/FIGURES/10},
    issn = {22638733},
    keywords = {Adversarial attack, Autonomous driving model, Autonomous vehicle, Deep neural network}
}

@inproceedings{Papernot2017PracticalLearning,
    title = {{Practical Black-Box Attacks against Machine Learning}},
    year = {2017},
    booktitle = {Proceedings of the 2017 ACM on Asia Conference on Computer and Communications Security},
    author = {Papernot, Nicolas and McDaniel, Patrick and Goodfellow, Ian and Jha, Somesh and Celik, Z Berkay and Swami, Ananthram},
    pages = {506--519},
    series = {ASIA CCS '17},
    publisher = {Association for Computing Machinery},
    url = {https://doi.org/10.1145/3052973.3053009},
    address = {New York, NY, USA},
    isbn = {9781450349444},
    doi = {10.1145/3052973.3053009},
    keywords = {adversarial machine learning, black-box attack, machine learning}
}

@article{BuenoDeMesquitaPreparingResearch,
    title = {{Preparing for Generative AI in the 2024 Election: Recommendations and Best Practices Based on Academic Research}},
    author = {Bueno De Mesquita, Ethan and Canes-Wrone, Brandice and Hall, Andrew B and Lum, Kristian and Martin, Gregory J and Ricardo Velez, Yamil}
}

@article{Mittelstadt2019PrinciplesAI,
    title = {{Principles alone cannot guarantee ethical AI}},
    year = {2019},
    journal = {Nature Machine Intelligence},
    author = {Mittelstadt, Brent},
    month = {12},
    pages = {},
    volume = {1},
    doi = {10.1038/s42256-019-0114-4}
}

@article{Harris2021PromotingCompliance,
    title = {{Promoting Cybersecurity Compliance}},
    year = {2021},
    journal = {Research Anthology on Privatizing and Securing Data},
    author = {Harris, M. A. and Martin, Ronald L.},
    month = {3},
    pages = {54--71},
    doi = {10.4018/978-1-5225-7847-5.CH004}
}

@article{Harris2021PromotingComplianceb,
    title = {{Promoting Cybersecurity Compliance}},
    year = {2021},
    journal = {Research Anthology on Privatizing and Securing Data},
    author = {Harris, M. A. and Martin, Ronald L.},
    month = {3},
    pages = {54--71},
    doi = {10.4018/978-1-5225-7847-5.CH004}
}

@article{Pierri2023PropagandaUkraine,
    title = {{Propaganda and Misinformation on Facebook and Twitter during the Russian Invasion of Ukraine}},
    year = {2023},
    journal = {ACM International Conference Proceeding Series},
    author = {Pierri, Francesco and Luceri, Luca and Jindal, Nikhil and Ferrara, Emilio},
    month = {4},
    pages = {65--74},
    volume = {10},
    publisher = {Association for Computing Machinery},
    url = {https://dl.acm.org/doi/10.1145/3578503.3583597},
    isbn = {9798400700897},
    doi = {10.1145/3578503.3583597},
    arxivId = {2212.00419},
    keywords = {Facebook, Twitter, misinformation, propaganda}
}

@article{Traberg2022PsychologicalDirections,
    title = {{Psychological Inoculation against Misinformation: Current Evidence and Future Directions}},
    year = {2022},
    journal = {The ANNALS of the American Academy of Political and Social Science},
    author = {Traberg, Cecilie S and Roozenbeek, Jon and van der Linden, Sander},
    number = {1},
    pages = {136--151},
    volume = {700},
    url = {https://doi.org/10.1177/00027162221087936},
    doi = {10.1177/00027162221087936}
}

@article{Pilditch2022PsychologicalNetworks,
    title = {{Psychological inoculation can reduce susceptibility to misinformation in large rational agent networks}},
    year = {2022},
    journal = {Royal Society Open Science},
    author = {Pilditch, Toby D and Roozenbeek, Jon and Madsen, Jens Koed and van der Linden, Sander},
    number = {8},
    pages = {211953},
    volume = {9},
    url = {https://royalsocietypublishing.org/doi/abs/10.1098/rsos.211953},
    doi = {10.1098/rsos.211953}
}

@article{Roozenbeek2022PsychologicalMedia,
    title = {{Psychological inoculation improves resilience against misinformation on social media}},
    year = {2022},
    journal = {Science Advances},
    author = {Roozenbeek, Jon and van der Linden, Sander and Goldberg, Beth and Rathje, Steve and Lewandowsky, Stephan},
    number = {34},
    pages = {eabo6254},
    volume = {8},
    url = {https://www.science.org/doi/abs/10.1126/sciadv.abo6254},
    doi = {10.1126/sciadv.abo6254}
}

@article{Campbell2020PurposiveExamples,
    title = {{Purposive sampling: complex or simple? Research case examples}},
    year = {2020},
    journal = {Journal of Research in Nursing: JRN},
    author = {Campbell, Steve and Greenwood, Melanie and Prior, Sarah and Shearer, Toniele and Walkem, Kerrie and Young, Sarah and Bywaters, Danielle and Walker, Kim},
    number = {8},
    month = {12},
    pages = {652},
    volume = {25},
    publisher = {SAGE Publications},
    url = {/pmc/articles/PMC7932468/ /pmc/articles/PMC7932468/?report=abstract https://www.ncbi.nlm.nih.gov/pmc/articles/PMC7932468/},
    doi = {10.1177/1744987120927206},
    issn = {1744988X},
    pmid = {34394687},
    keywords = {interview research, novice nurse researchers, purposive sampling, study design, trustworthiness}
}

@article{Sutton2015QualitativeManagement,
    title = {{Qualitative Research: Data Collection, Analysis, and Management}},
    year = {2015},
    journal = {The Canadian Journal of Hospital Pharmacy},
    author = {Sutton, Jane and Austin, Zubin},
    number = {3},
    month = {5},
    pages = {226},
    volume = {68},
    publisher = {Canadian Society Of Hospital Pharmacists},
    url = {/pmc/articles/PMC4485510/ https://www.ncbi.nlm.nih.gov/pmc/articles/PMC4485510/},
    doi = {10.4212/CJHP.V68I3.1456},
    issn = {19202903},
    pmid = {26157184}
}

@article{Piorkowski2022QuantitativeChallenges,
    title = {{Quantitative AI Risk Assessments: Opportunities and Challenges}},
    year = {2022},
    author = {Piorkowski, David and Hind, Michael and Richards, John},
    url = {https://arxiv.org/abs/2209.06317},
    arxivId = {2209.06317v2},
    keywords = {AI Compliance, AI Governance, AI Risk, Index Terms-Trustworthy AI}
}

@article{Scherer2015RegulatingStrategies,
    title = {{Regulating Artificial Intelligence Systems: Risks, Challenges, Competencies, and Strategies}},
    year = {2015},
    journal = {SSRN Electronic Journal},
    author = {Scherer, Matthew U.},
    month = {5},
    publisher = {Elsevier BV},
    url = {https://papers.ssrn.com/abstract=2609777},
    doi = {10.2139/SSRN.2609777},
    keywords = {Artificial Intelligence, Challenges, Competencies, Emerging Technologies, Law, Matthew U. Scherer, Regulating Artificial Intelligence Systems: Risks, Regulation, SSRN, and Strategies}
}

@article{Scherer2015RegulatingStrategiesb,
    title = {{Regulating Artificial Intelligence Systems: Risks, Challenges, Competencies, and Strategies}},
    year = {2015},
    journal = {SSRN Electronic Journal},
    author = {Scherer, Matthew U.},
    month = {5},
    publisher = {Elsevier BV},
    url = {https://papers.ssrn.com/abstract=2609777},
    doi = {10.2139/SSRN.2609777},
    keywords = {Artificial Intelligence, Challenges, Competencies, Emerging Technologies, Law, Matthew U. Scherer, Regulating Artificial Intelligence Systems: Risks, Regulation, SSRN, and Strategies}
}

@article{Blood2023ReliabilitySystems,
    title = {{Reliability Assurance for AI Systems}},
    year = {2023},
    journal = {2023 Annual Reliability and Maintainability Symposium (RAMS)},
    author = {Blood, Jonathan C. and Herbert, Nathan W. and Wayne, Martin R.},
    volume = {2023-January},
    publisher = {Institute of Electrical and Electronics Engineers Inc.},
    isbn = {9781665460538},
    doi = {10.1109/RAMS51473.2023.10088197},
    issn = {0149144X},
    keywords = {AI reliability}
}

@article{Kennedy2023RepeatElection,
    title = {{Repeat Spreaders and Election Delegitimization: A Comprehensive Dataset of Misinformation Tweets from the 2020 U.S. Election}},
    year = {2023},
    journal = {Journal of Quantitative Description: Digital Media },
    author = {Kennedy, Ian and Wack, Morgan and Beers, Andrew and Schafer, Joseph S. and Garcia-Camargo, Isabella and Spiro, Emma S. and Starbird, Kate},
    month = {12},
    volume = {2},
    publisher = {Journal of Quantitative Description: Digital Media},
    url = {https://journalqd.org/article/view/3137},
    doi = {10.51685/jqd.2022.013},
    issn = {2673-8813},
    keywords = {disinformation, misinformation, twitter}
}

@article{Ma2021ResearchMetrics,
    title = {{Research on network vulnerability assessment based on attack graph and security metrics}},
    year = {2021},
    journal = {Journal of Physics: Conference Series},
    author = {Ma, Wanzhi},
    number = {1},
    month = {1},
    pages = {12070},
    volume = {1774},
    publisher = {IOP Publishing},
    url = {https://dx.doi.org/10.1088/1742-6596/1774/1/012070},
    doi = {10.1088/1742-6596/1774/1/012070}
}

@article{Hu2021ResearchMetrics,
    title = {{Research on network vulnerability assessment based on attack graph and security metrics}},
    year = {2021},
    journal = {Journal of Physics: Conference Series},
    author = {Hu, Chenao and Yan -, Xuefeng and Yang, Jinwei and Yang, Yu and Zheng, Lu and -, al and Wang, Tao and Yang, Tianmeng and Pan, Xiao and Ma, Wanzhi},
    number = {1},
    month = {1},
    pages = {012070},
    volume = {1774},
    publisher = {IOP Publishing},
    url = {https://iopscience.iop.org/article/10.1088/1742-6596/1774/1/012070 https://iopscience.iop.org/article/10.1088/1742-6596/1774/1/012070/meta},
    doi = {10.1088/1742-6596/1774/1/012070},
    issn = {1742-6596}
}

@article{LaGatta2023RetrievingConflict,
    title = {{Retrieving false claims on Twitter during the Russia-Ukraine conflict}},
    year = {2023},
    journal = {ACM Web Conference 2023 - Companion of the World Wide Web Conference, WWW 2023},
    author = {La Gatta, Valerio and Wei, Chiyu and Luceri, Luca and Pierri, Francesco and Ferrara, Emilio},
    month = {4},
    pages = {1317--1323},
    publisher = {Association for Computing Machinery, Inc},
    url = {https://dl.acm.org/doi/10.1145/3543873.3587571},
    isbn = {9781450394161},
    doi = {10.1145/3543873.3587571},
    keywords = {Twitter, claim detection, claim retrieval, fact-checking}
}

@article{ALDhanhani2021ReviewFramework,
    title = {{Review of Cyber Security on Oil and Gas Industry in United Arab Emirates: Analysis on the Effectiveness of the National Institute of Standards and Technology’s (NIST) Cybersecurity Framework}},
    year = {2021},
    author = {ALDhanhani, Mohamed Jumah},
    doi = {10.17762/TURCOMAT.V12I11.5954}
}

@article{Vanvactor2007RiskAssessment,
    title = {{Risk mitigation through a composite risk management process: The U.S. Army risk assessment}},
    year = {2007},
    journal = {Organization Development Journal},
    author = {Vanvactor, Jerry},
    month = {12},
    pages = {133--138},
    volume = {25}
}

@article{JerryD.Vanvactor2007RiskEBSCOhost,
    title = {{Risk Mitigation Through A Composite Risk Management Process: The U.S. Army: EBSCOhost}},
    year = {2007},
    journal = {Organization Development Journal},
    author = {{Jerry D. Vanvactor}},
    number = {2},
    month = {6},
    pages = {133--138},
    volume = {25},
    url = {https://www.researchgate.net/publication/262728019_Risk_mitigation_through_a_composite_risk_management_process_The_US_Army_risk_assessment}
}

@article{Alfaadhel2023Risk-BasedRC2AS,
    title = {{Risk-Based Cybersecurity Compliance Assessment System (RC2AS)}},
    year = {2023},
    journal = {Applied Sciences},
    author = {Alfaadhel, Afnan and Almomani, Iman and Ahmed, Mohanned},
    number = {10},
    month = {5},
    volume = {13},
    publisher = {MDPI},
    doi = {10.3390/APP13106145},
    issn = {20763417},
    keywords = {ECC, Saudi Arabia, compliance assessment, cybersecurity, maturity model, risk}
}

@article{Alfaadhel2023Risk-BasedRC2ASb,
    title = {{Risk-Based Cybersecurity Compliance Assessment System (RC2AS)}},
    year = {2023},
    journal = {Applied Sciences},
    author = {Alfaadhel, Afnan and Almomani, Iman and Ahmed, Mohanned},
    number = {10},
    month = {5},
    volume = {13},
    publisher = {MDPI},
    doi = {10.3390/APP13106145},
    issn = {20763417},
    keywords = {ECC, Saudi Arabia, compliance assessment, cybersecurity, maturity model, risk}
}

@misc{Fernandez2024SecurityBattlefield,
    title = {{Security Experts Talk AI in the Healthcare Cybersecurity Battlefield}},
    year = {2024},
    author = {Fernandez, Ray},
    url = {https://www.techopedia.com/security-experts-ai-healthcare-cybersecurity}
}

@misc{2016Self-DrivingTimes,
    title = {{Self-Driving Tesla Was Involved in Fatal Crash, U.S. Says - The New York Times}},
    year = {2016},
    url = {https://www.nytimes.com/2016/07/01/business/self-driving-tesla-fatal-crash-investigation.html}
}

@misc{2017SeriousCloudFlare,
    title = {{Serious Bug Exposes Sensitive Data From Millions Sites Sitting Behind CloudFlare}},
    year = {2017},
    url = {https://thehackernews.com/2017/02/cloudflare-vulnerability.html}
}

@inproceedings{Andronache2018ShiftingParadigm,
    title = {{Shifting From Information Security Towards A Cybersecurity Paradigm}},
    year = {2018},
    author = {Andronache, Alina and Althonayan, Abrahim},
    month = {3},
    pages = {},
    doi = {10.1145/3285957.3285971}
}

@article{BliegeBird2005SignalingCapital,
    title = {{Signaling Theory, Strategic Interaction, and Symbolic Capital}},
    year = {2005},
    journal = {Current Anthropology},
    author = {Bliege Bird, Rebecca and Smith, Eric Alden},
    number = {2},
    pages = {221--248},
    volume = {46},
    url = {https://doi.org/10.1086/427115},
    doi = {10.1086/427115}
}

@misc{Edwards2017SlaveFor,
    title = {{Slave to the Algorithm? Why a 'right to an explanation' is probably not the remedy you are looking for}},
    year = {2017},
    author = {Edwards, Lilian and Veale, Michael},
    month = {12},
    pages = {},
    doi = {10.31228/osf.io/97upg}
}

@article{Hibbert2012SMBsCompliance,
    title = {{SMBs and the struggle for compliance}},
    year = {2012},
    journal = {Computer Fraud {\&} Security},
    author = {Hibbert, Richard},
    number = {11},
    month = {11},
    pages = {5--7},
    volume = {2012},
    publisher = {No longer published by Elsevier},
    doi = {10.1016/S1361-3723(12)70112-4},
    issn = {1361-3723}
}

@article{Fernandes2023SMETrends,
    title = {{SME internationalisation: past, present and future trends}},
    year = {2023},
    journal = {Journal of Organizational Change Management},
    author = {Fernandes, Cristina and Veiga, Pedro Mota and Gerschewski, Stephan},
    number = {1},
    month = {4},
    pages = {144--161},
    volume = {36},
    publisher = {Emerald Publishing},
    doi = {10.1108/JOCM-05-2022-0146},
    issn = {09534814},
    keywords = {Bibliometric analysis, Cluster analysis, Co-citations, Internationalisation, SLR, SME, Systematic literature review}
}

@misc{LewseySocialMisinformation,
    title = {{Social media experiment reveals potential to 'inoculate' millions of users against misinformation}},
    booktitle = {University of Cambridge},
    author = {Lewsey, Fred},
    url = {https://www.cam.ac.uk/stories/inoculateexperiment}
}

@article{Potts1993Software-EngineeringRevisited,
    title = {{Software-Engineering Research Revisited}},
    year = {1993},
    journal = {IEEE Software},
    author = {Potts, Colin},
    number = {5},
    pages = {19--28},
    volume = {10},
    doi = {10.1109/52.232392},
    issn = {07407459}
}

@article{Potts1993Software-EngineeringRevisitedb,
    title = {{Software-Engineering Research Revisited}},
    year = {1993},
    journal = {IEEE Software},
    author = {Potts, Colin},
    number = {5},
    month = {9},
    pages = {19--28},
    volume = {10},
    publisher = {{\\\}		IEEE Computer Society Press{\\\}		PUB765{\\\}		Los Alamitos, CA, USA{\\\}	},
    url = {https://dl.acm.org/doi/10.1109/52.232392},
    doi = {10.1109/52.232392},
    issn = {07407459},
    keywords = {case studies, contextual issues, industrial projects, industry-as-laboratory approach, software engineering}
}

@article{Steimers2022SourcesSystems,
    title = {{Sources of Risk of AI Systems}},
    year = {2022},
    journal = {International Journal of Environmental Research and Public Health},
    author = {Steimers, André and Schneider, Moritz},
    number = {6},
    month = {3},
    volume = {19},
    publisher = {MDPI},
    doi = {10.3390/IJERPH19063641},
    issn = {16604601},
    pmid = {35329328},
    keywords = {Artificial intelligence, Assistance systems, Occupational safety, Protective devices, Risk management}
}

@article{Steimers2022SourcesSystemsb,
    title = {{Sources of Risk of AI Systems}},
    year = {2022},
    journal = {International Journal of Environmental Research and Public Health},
    author = {Steimers, André and Schneider, Moritz},
    number = {6},
    month = {3},
    volume = {19},
    publisher = {Multidisciplinary Digital Publishing Institute  (MDPI)},
    url = {/pmc/articles/PMC8951316/ /pmc/articles/PMC8951316/?report=abstract https://www.ncbi.nlm.nih.gov/pmc/articles/PMC8951316/},
    doi = {10.3390/IJERPH19063641},
    issn = {16604601},
    pmid = {35329328},
    keywords = {Artificial intelligence, Assistance systems, Occupational safety, Protective devices, Risk management}
}

@misc{2023Spain:DataGuidance,
    title = {{Spain: AEPD fines KFC €25,000 for failing to appoint DPO and lack of information in privacy policy | News post | DataGuidance}},
    year = {2023},
    url = {https://www.dataguidance.com/news/spain-aepd-fines-kfc-25000-failing-appoint-dpo-and-lack}
}

@misc{2023StatisticsSurfshark,
    title = {{Statistics of AI Incidents - Surfshark}},
    year = {2023},
    month = {6},
    url = {https://surfshark.com/research/chart/statistics-of-ai-incidents}
}

@article{Matatov2022StopSteal,
    title = {{Stop the [Image] Steal}},
    year = {2022},
    journal = {Proceedings of the ACM on Human-Computer Interaction},
    author = {Matatov, Hana and Naaman, Mor and Amir, Ofra},
    number = {2 CSCW},
    month = {11},
    volume = {6},
    publisher = {ACMPUB27New York, NY, USA},
    url = {https://dl.acm.org/doi/10.1145/3555599},
    doi = {10.1145/3555599},
    issn = {25730142},
    arxivId = {2209.02007},
    keywords = {2020 u.s. election, social media, twitter, visual communication, visual misinformation}
}

@article{MartinezStudyAI,
    title = {{Study of Research and Guidance on the Cyber Security of AI}},
    author = {Martinez, Jesus and Rincon, Del and Nowroozi, Ehsan and Kamenou, Eleni and Alouani, Ihsen and Gupta, Sandeep and Miller, Paul}
}

@misc{2023Study:InsideBIGDATA,
    title = {{Study: 2023 Already Faced 55 AI Incidents, More than Half the Number Reported in the Whole of 2022 - insideBIGDATA}},
    year = {2023},
    month = {8},
    url = {https://insidebigdata.com/2023/08/20/study-2023-already-faced-55-ai-incidents-more-than-half-the-number-reported-in-the-whole-of-2022/#}
}

@article{Lyon2014SurveillanceCritique,
    title = {{Surveillance, Snowden, and Big Data: Capacities, consequences, critique}},
    year = {2014},
    journal = {http://dx.doi.org/10.1177/2053951714541861},
    author = {Lyon, David},
    number = {2},
    month = {7},
    volume = {1},
    publisher = {SAGE PublicationsSage UK: London, England},
    url = {https://journals.sagepub.com/doi/10.1177/2053951714541861},
    doi = {10.1177/2053951714541861},
    issn = {20539517},
    keywords = {Big Data, Snowden, Surveillance, control, ethics, privacy}
}

@article{Zhou2023SyntheticSolutions,
    title = {{Synthetic Lies: Understanding AI-Generated Misinfor-mation and Evaluating Algorithmic and Human Solutions}},
    year = {2023},
    journal = {CHI},
    author = {Zhou, Jiawei and Zhang, Yixuan and Luo, Qianni and Parker, Andrea G and De Choudhury, Munmun},
    volume = {20},
    publisher = {ACM},
    url = {https://doi.org/10.1145/3544548.3581318},
    isbn = {9781450394215},
    doi = {10.1145/3544548.3581318},
    keywords = {AI-generated misinformation, COVID-19, GPT, generative AI, large language model, misinformation, responsible AI}
}

@misc{Hongsdusit2022TaxMarkup,
    title = {{Tax Filing Websites Have Been Sending Users’ Financial Information to Facebook – The Markup}},
    year = {2022},
    booktitle = {themarkup},
    author = {Hongsdusit, Gabriel},
    url = {https://themarkup.org/pixel-hunt/2022/11/22/tax-filing-websites-have-been-sending-users-financial-information-to-facebook}
}

@misc{2016TayGuardian,
    title = {{Tay, Microsoft's AI chatbot, gets a crash course in racism from Twitter | Artificial intelligence (AI) | The Guardian}},
    year = {2016},
    url = {https://www.theguardian.com/technology/2016/mar/24/tay-microsofts-ai-chatbot-gets-a-crash-course-in-racism-from-twitter}
}

@article{Roozenbeek2022Technique-basedMisinformation,
    title = {{Technique-based inoculation against real-world misinformation}},
    year = {2022},
    journal = {Royal Society Open Science},
    author = {Roozenbeek, Jon and Traberg, Cecilie S. and Van Der Linden, Sander},
    number = {5},
    volume = {9},
    publisher = {Royal Society Publishing},
    doi = {10.1098/RSOS.211719},
    issn = {20545703},
    keywords = {cross-protection, fake news, gamification, inoculation theory, misinformation}
}

@misc{2017ThatUK,
    title = {{That Yahoo data breach actually hit three billion accounts | WIRED UK}},
    year = {2017},
    url = {https://www.wired.co.uk/article/hacks-data-breaches-2017}
}

@misc{DeWitte2023TheReport,
    title = {{The 2020 election saw fewer people clicking on misinformation websites, Stanford study finds | Stanford Report}},
    year = {2023},
    booktitle = {Stanford News Service},
    author = {De Witte, Melissa},
    url = {https://news.stanford.edu/stories/2023/04/2020-election-saw-fewer-people-clicking-misinformation-websites-stanford-study-finds}
}

@article{Markovic2021TheAudit,
    title = {{The Accountability Fabric: A Suite of Semantic Tools For Managing AI System Accountability and Audit}},
    year = {2021},
    journal = {International Workshop on the Semantic Web},
    author = {Markovic, Milan and Naja, Iman and Edwards, P. and Pang, Wei}
}

@article{Dwork2014ThePrivacy,
    title = {{The Algorithmic Foundations of Differential Privacy}},
    year = {2014},
    journal = {Foundations and Trends R in Theoretical Computer Science},
    author = {Dwork, C and Roth, A and Dwork, Cynthia and Roth, Aaron},
    pages = {211--407},
    volume = {9},
    doi = {10.1561/0400000042}
}

@misc{2016TheResources,
    title = {{The Breach of Anthem Health - the Largest Healthcare Breach in History | Infosec Resources}},
    year = {2016},
    url = {https://resources.infosecinstitute.com/topic/the-breach-of-anthem-health-the-largest-healthcare-breach-in-history/}
}

@misc{2018TheGuardian,
    title = {{The Cambridge Analytica scandal changed the world – but it didn't change Facebook | Facebook | The Guardian}},
    year = {2018},
    url = {https://www.theguardian.com/technology/2019/mar/17/the-cambridge-analytica-scandal-changed-the-world-but-it-didnt-change-facebook}
}

@article{Collins2018TheResearch,
    title = {{The Central Role of Theory in Qualitative Research}},
    year = {2018},
    journal = {International Journal of Qualitative Methods},
    author = {Collins, Christopher S. and Stockton, Carrie M.},
    number = {1},
    month = {1},
    volume = {17},
    publisher = {SAGE Publications Inc.},
    url = {https://journals.sagepub.com/doi/10.1177/1609406918797475},
    doi = {10.1177/1609406918797475/ASSET/IMAGES/LARGE/10.1177{\_}1609406918797475-FIG2.JPEG},
    issn = {16094069},
    keywords = {critical theory, interpretive description, methods in qualitative inquiry, qualitative evaluation, qualitative meta-analysis/synthesis}
}

@article{CateTheCitation,
    title = {{The Challenge of "Big Data" for Data Protection The Challenge of "Big Data" for Data Protection Recommended Citation Recommended Citation}},
    author = {Cate, Fred H and Kuner, Christopher and Privacy, Brussels and Millard, Hub Christopher and Jerker, Dan and Svantesson, B and Cate, Fred H ; and Kuner, Christopher ; and Millard, Christopher ; and Svantesson, Dan and Jerker, B},
    url = {http://www.economist.com/node/2}
}

@article{Li2023TheElection,
    title = {{The Effect of Misinformation Intervention: Evidence from Trump’s Tweets and the 2020 Election}},
    year = {2023},
    author = {Li, Zhuofang and Cao, Jian and Adams-Cohen, Nicholas and Alvarez, R. Michael},
    pages = {88--102},
    publisher = {Springer, Cham},
    url = {https://link.springer.com/chapter/10.1007/978-3-031-47896-3_7},
    isbn = {978-3-031-47896-3},
    doi = {10.1007/978-3-031-47896-3{\_}7},
    issn = {1611-3349},
    keywords = {Election, Social media, Twitter, misinformation, platform intervention, public opinion}
}

@article{Guembe2022TheReview,
    title = {{The Emerging Threat of Ai-driven Cyber Attacks: A Review}},
    year = {2022},
    journal = {https://doi.org/10.1080/08839514.2022.2037254},
    author = {Guembe, Blessing and Azeta, Ambrose and Misra, Sanjay and Osamor, Victor Chukwudi and Fernandez-Sanz, Luis and Pospelova, Vera},
    number = {1},
    volume = {36},
    publisher = {Taylor {\&} Francis},
    url = {https://www.tandfonline.com/doi/abs/10.1080/08839514.2022.2037254},
    doi = {10.1080/08839514.2022.2037254},
    issn = {10876545}
}

@article{Mittelstadt2016TheDebate,
    title = {{The Ethics of Algorithms: Mapping the Debate}},
    year = {2016},
    journal = {Big Data {\&} Society},
    author = {Mittelstadt, Brent and Allo, Patrick and Taddeo, Mariarosaria and Wachter, Sandra and Floridi, Luciano},
    month = {12},
    pages = {},
    volume = {In press},
    doi = {10.1177/2053951716679679}
}

@misc{TheMagazine,
    title = {{The evolving cyber threat landscape | Security Magazine}},
    url = {https://www.securitymagazine.com/articles/99972-the-evolving-cyber-threat-landscape}
}

@book{Bholoa2021TheMathematics,
    title = {{The Fourth Industrial Revolution: Implications for School Mathematics}},
    year = {2021},
    booktitle = {Teaching an Learning in the 21st Century},
    author = {Bholoa, Ajeevsing and Jawaheer, Shobha and Gunness, Sandhya and Li Kam Wah, Henri Tin and Gopee, Ajit Kumar and Authelsingh, Deewarkarsiiiingh and Ramma, Yashwantrao},
    chapter = {9},
    month = {4},
    pages = {13--29},
    publisher = {Brill},
    url = {https://brill.com/display/book/9789004460386/BP000012.xml},
    isbn = {9789004460386},
    keywords = {Education, Educational Technology, General, Learning, Teacher Education}
}

@misc{Anderson2017TheCenter,
    title = {{The Future of Truth and Misinformation Online | Pew Research Center}},
    year = {2017},
    booktitle = {Pew Research},
    author = {Anderson, Janna and Raine, Lee},
    month = {10},
    url = {https://www.pewresearch.org/internet/2017/10/19/the-future-of-truth-and-misinformation-online/}
}

@article{Jobin2019TheGuidelines,
    title = {{The global landscape of AI ethics guidelines}},
    year = {2019},
    journal = {Nature Machine Intelligence},
    author = {Jobin, Anna and Ienca, Marcello and Vayena, Effy},
    month = {12},
    pages = {},
    volume = {1},
    doi = {10.1038/s42256-019-0088-2}
}

@misc{TheScholar,
    title = {{The Hidden Biases in Big Data | Semantic Scholar}},
    url = {https://www.semanticscholar.org/paper/The-Hidden-Biases-in-Big-Data-Crawford/58c731c599531097dc8093488c9cbdf04f97674d}
}

@misc{TheNetSec.News,
    title = {{The Impact of Artificial Intelligence on Cybersecurity and Cyber Attacks - NetSec.News}},
    url = {https://www.netsec.news/the-impact-of-artificial-intelligence-on-cybersecurity-and-cyber-attacks/}
}

@article{Jada2024TheReview,
    title = {{The impact of artificial intelligence on organisational cyber security: An outcome of a systematic literature review}},
    year = {2024},
    journal = {Data and Information Management},
    author = {Jada, Irshaad and Mayayise, Thembekile O.},
    number = {2},
    month = {6},
    pages = {100063},
    volume = {8},
    publisher = {Elsevier},
    doi = {10.1016/J.DIM.2023.100063},
    issn = {2543-9251},
    keywords = {Artificial intelligence, Cyber security, Machine learning, SLR}
}

@article{Folorunso2024TheOrganizations,
    title = {{The impact of ISO security standards on enhancing cybersecurity posture in organizations}},
    year = {2024},
    journal = {https://wjarr.com/sites/default/files/WJARR-2024-3169.pdf},
    author = {Folorunso, Adebola and Mohammed, Viqaruddin and Wada, Ifeoluwa and Samuel, Bunmi},
    number = {1},
    month = {10},
    pages = {2582--2595},
    volume = {24},
    publisher = {World Journal of Advanced Research and Reviews},
    url = {https://wjarr.com/content/impact-iso-security-standards-enhancing-cybersecurity-posture-organizations},
    doi = {10.30574/WJARR.2024.24.1.3169},
    issn = {2581-9615},
    keywords = {Cybersecurity, ISO Security, Organizations, Standards}
}

@article{TheIntelligence,
    title = {{The impact of the General Data Protection Regulation (GDPR) on artificial intelligence}},
    url = {http://www.europarl.europa.eu/thinktank},
    isbn = {9789284667710},
    doi = {10.2861/293}
}

@article{Wuchty2007TheKnowledge,
    title = {{The increasing dominance of teams in production of knowledge}},
    year = {2007},
    journal = {Science},
    author = {Wuchty, Stefan and Jones, Benjamin F. and Uzzi, Brian},
    number = {5827},
    month = {5},
    pages = {1036--1039},
    volume = {316},
    publisher = {American Association for the Advancement of Science},
    url = {https://www.science.org/doi/10.1126/science.1136099},
    doi = {10.1126/SCIENCE.1136099/SUPPL{\_}FILE/WUCHTY.SOM.PDF},
    issn = {00368075},
    pmid = {17431139}
}

@article{Brehm1999TheEmotion,
    title = {{The Intensity of Emotion}},
    year = {1999},
    journal = {Personality and Social Psychology Review},
    author = {Brehm, Jack W},
    number = {1},
    pages = {2--22},
    volume = {3},
    url = {https://doi.org/10.1207/s15327957pspr0301_1},
    doi = {10.1207/s15327957pspr0301{\_}1}
}

@misc{TheThreats,
    title = {{The Need for Risk-Based Vulnerability Management to Combat Threats}},
    url = {https://www.bleepingcomputer.com/news/security/the-need-for-risk-based-vulnerability-management-to-combat-threats/}
}

@article{Quelle2024TheModels,
    title = {{The perils and promises of fact-checking with large language models}},
    year = {2024},
    journal = {Frontiers in Artificial Intelligence},
    author = {Quelle, Dorian and Bovet, Alexandre},
    volume = {7},
    publisher = {Frontiers Media SA},
    url = {/pmc/articles/PMC10879553/ /pmc/articles/PMC10879553/?report=abstract https://www.ncbi.nlm.nih.gov/pmc/articles/PMC10879553/},
    doi = {10.3389/FRAI.2024.1341697/FULL},
    issn = {26248212},
    arxivId = {2310.13549},
    keywords = {fact-checking, human computer interaction, large language models, low-resource languages, misinformation, natural language processing}
}

@article{Finocchiaro2023TheIntelligence,
    title = {{The regulation of artificial intelligence}},
    year = {2023},
    journal = {AI and Society},
    author = {Finocchiaro, Giusella},
    number = {4},
    month = {8},
    pages = {1961--1968},
    volume = {39},
    publisher = {Springer Science and Business Media Deutschland GmbH},
    url = {https://link.springer.com/article/10.1007/s00146-023-01650-z},
    doi = {10.1007/S00146-023-01650-Z/METRICS},
    issn = {14355655},
    keywords = {AI definition, AI regulation, European approach, Geopolitical context}
}

@article{Andrasko2021TheFramework,
    title = {{The regulatory intersections between artificial intelligence, data protection and cyber security: challenges and opportunities for the EU legal framework}},
    year = {2021},
    journal = {AI and Society},
    author = {Andra{\v{s}}ko, Jozef and Mesar{\v{c}}{\'{i}}k, Matúš and Hamuľ{\'{a}}k, Ondrej},
    number = {2},
    month = {6},
    pages = {623--636},
    volume = {36},
    publisher = {Springer Science and Business Media Deutschland GmbH},
    url = {https://link.springer.com/article/10.1007/s00146-020-01125-5},
    doi = {10.1007/S00146-020-01125-5/METRICS},
    issn = {14355655},
    keywords = {Artificial intelligence, Cyber security, Data protection, European Union, Legal regulation}
}

@article{Andrasko2021TheFrameworkb,
    title = {{The regulatory intersections between artificial intelligence, data protection and cyber security: challenges and opportunities for the EU legal framework}},
    year = {2021},
    journal = {AI {\&} SOCIETY},
    author = {Andra{\v{s}}ko, Jozef and Mesar{\v{c}}{\'{i}}k, Matúš and Hamuľ{\'{a}}k, Ondrej},
    number = {2},
    month = {6},
    pages = {623--636},
    volume = {36},
    publisher = {Springer LondonLondon},
    url = {https://dl.acm.org/doi/10.1007/s00146-020-01125-5},
    doi = {10.1007/S00146-020-01125-5},
    issn = {14355655},
    keywords = {Artificial intelligence, Cyber security, Data protection, European Union, Legal regulation}
}

@article{Lazer2018TheNews,
    title = {{The science of fake news}},
    year = {2018},
    journal = {Science},
    author = {Lazer, David M J and Baum, Matthew A and Benkler, Yochai and Berinsky, Adam J and Greenhill, Kelly M and Menczer, Filippo and Metzger, Miriam J and Nyhan, Brendan and Pennycook, Gordon and Rothschild, David and Schudson, Michael and Sloman, Steven A and Sunstein, Cass R and Thorson, Emily A and Watts, Duncan J and Zittrain, Jonathan L},
    number = {6380},
    pages = {1094--1096},
    volume = {359},
    url = {https://www.science.org/doi/abs/10.1126/science.aao2998},
    doi = {10.1126/science.aao2998}
}

@article{FitzGibbon2020TheReward,
    title = {{The seductive lure of curiosity: information as a motivationally salient reward}},
    year = {2020},
    journal = {Current Opinion in Behavioral Sciences},
    author = {FitzGibbon, Lily and Lau, Johnny King L and Murayama, Kou},
    pages = {21--27},
    volume = {35},
    url = {https://www.sciencedirect.com/science/article/pii/S2352154620300875},
    doi = {https://doi.org/10.1016/j.cobeha.2020.05.014},
    issn = {2352-1546}
}

@misc{TheBrookings,
    title = {{The three challenges of AI regulation | Brookings}},
    url = {https://www.brookings.edu/articles/the-three-challenges-of-ai-regulation/}
}

@misc{TheBrookingsb,
    title = {{The three challenges of AI regulation | Brookings}},
    url = {https://www.brookings.edu/articles/the-three-challenges-of-ai-regulation/}
}

@misc{2014ThrowUS,
    title = {{Throw Back Hack: The Infamous AOL Data Leak | Proofpoint US}},
    year = {2014},
    url = {https://www.proofpoint.com/us/blog/insider-threat-management/throw-back-hack-infamous-aol-data-leak}
}

@article{Cranford2021TowardsDeception,
    title = {{Towards a Cognitive Theory of Cyber Deception}},
    year = {2021},
    journal = {Cognitive Science},
    author = {Cranford, Edward A and Gonzalez, Cleotilde and Aggarwal, Palvi and Tambe, Milind and Cooney, Sarah and Lebiere, Christian and Cranford, E A},
    volume = {45},
    doi = {10.1111/cogs.13013},
    issn = {1551-6709},
    keywords = {ACT-R, Cognitive model, Cybersecurity, Deception, Decision making, Instance-based learning theory, Signaling, Stackelberg security game}
}

@article{Koshiyama2021TowardsAlgorithms,
    title = {{Towards Algorithm Auditing: A Survey on Managing Legal, Ethical and Technological Risks of AI, ML and Associated Algorithms}},
    year = {2021},
    journal = {Software Engineering eJournal},
    author = {Koshiyama, Adriano and Kazim, Emre and Treleaven, Philip and Rai, Pete and Szpruch, Lukasz and Pavey, Giles and Ahamat, Ghazi and Leutner, Franziska and Goebel, Randy and Knight, Andrew and Adams, Janet and Hitrova, Christina and Barnett, Jeremy and Nachev, Parashkev and Barber, David and Chamorro-Premuzic, Tomas and Klemmer, Konstantin and Gregorovic, Miro and Khan, Shakeel and Lomas, Elizabeth},
    month = {2},
    publisher = {Elsevier BV},
    doi = {10.2139/SSRN.3778998}
}

@article{Xia2023TowardsStudy,
    title = {{Towards Concrete and Connected AI Risk Assessment (C 2 AIRA): A Systematic Mapping Study}},
    year = {2023},
    journal = {2nd International Conference on AI Engineering – Software Engineering for AI (CAIN)},
    author = {Xia, Boming and Lu, Qinghua and Perera, Harsha and Zhu, Liming and Xing, Zhenchang and Liu, Yue and Whittle, Jon},
    pages = {13},
    url = {https://artificialintelligenceact.eu/},
    arxivId = {2301.11616v3},
    keywords = {Index Terms-artificial intelligence, impact assessment, machine learning, responsible AI, risk assessment, risk mitigation}
}

@article{Xia2023TowardsStudyb,
    title = {{Towards Concrete and Connected AI Risk Assessment (C <sup>2</sup> AIRA): A Systematic Mapping Study}},
    year = {2023},
    journal = {2023 IEEE/ACM 2nd International Conference on AI Engineering – Software Engineering for AI (CAIN)},
    author = {Xia, Boming and Lu, Qinghua and Perera, Harsha and Zhu, Liming and Xing, Zhenchang and Liu, Yue and Whittle, Jon},
    month = {5},
    pages = {104--116},
    publisher = {IEEE},
    url = {https://ieeexplore.ieee.org/document/10164765/},
    isbn = {979-8-3503-0113-7},
    doi = {10.1109/CAIN58948.2023.00027}
}

@article{Alzubaidi2023TowardsRequirements,
    title = {{Towards Risk-Free Trustworthy Artificial Intelligence: Significance and Requirements}},
    year = {2023},
    journal = {International Journal of Intelligent Systems},
    author = {Alzubaidi, Laith and Al-Sabaawi, Aiman and Bai, Jinshuai and Dukhan, Ammar and Alkenani, Ahmed H and Al-Asadi, Ahmed and Alwzwazy, Haider A and Manoufali, Mohamed and Fadhel, Mohammed A and Albahri, A S and Moreira, Catarina and Ouyang, Chun and Zhang, Jinglan and Santamar{\'{i}}a, Jose and Salhi, Asma and Hollman, Freek and Gupta, Ashish and Duan, Ye and Rabczuk, Timon and Abbosh, Amin and Gu, Yuantong},
    number = {1},
    pages = {4459198},
    volume = {2023},
    url = {https://onlinelibrary.wiley.com/doi/abs/10.1155/2023/4459198},
    doi = {https://doi.org/10.1155/2023/4459198}
}

@article{Bernal2022TransparencyWorldwide,
    title = {{Transparency of Artificial Intelligence in Healthcare: Insights from Professionals in Computing and Healthcare Worldwide}},
    year = {2022},
    journal = {Applied Sciences 2022, Vol. 12, Page 10228},
    author = {Bernal, Jose and Mazo, Claudia},
    number = {20},
    month = {10},
    pages = {10228},
    volume = {12},
    publisher = {Multidisciplinary Digital Publishing Institute},
    url = {https://www.mdpi.com/2076-3417/12/20/10228/htm https://www.mdpi.com/2076-3417/12/20/10228},
    doi = {10.3390/APP122010228},
    issn = {2076-3417},
    keywords = {artificial intelligence, equity, healthcare, intellectual property, international survey, interpretability, privacy, security, transparency}
}

@misc{TransparentGuide,
    title = {{Transparent AI Challenges and Its Solutions | Ultimate Guide}},
    url = {https://www.xenonstack.com/insights/transparent-ai-challenges}
}

@article{Reinhardt2022TrustEthics,
    title = {{Trust and trustworthiness in AI ethics}},
    year = {2022},
    author = {Reinhardt, Karoline},
    pages = {3},
    volume = {1},
    url = {https://doi.org/10.1007/s43681-022-00200-5},
    isbn = {0123456789},
    doi = {10.1007/s43681-022-00200-5},
    keywords = {AI ethics, Fairness, Guidelines, Transparency, Trust, Trustworthiness}
}

@article{Lee2004TrustReliance,
    title = {{Trust in Automation: Designing for Appropriate Reliance}},
    year = {2004},
    journal = {Human factors},
    author = {Lee, John and See, Katrina},
    month = {12},
    pages = {50--80},
    volume = {46},
    doi = {10.1518/hfes.46.1.50.30392}
}

@article{Laux2022TrustworthyRisk,
    title = {{Trustworthy Artificial Intelligence and the European Union AI Act: On the Conflation of Trustworthiness and the Acceptability of Risk}},
    year = {2022},
    journal = {SSRN Electronic Journal},
    author = {Laux, Johann and Wachter, Sandra and Mittelstadt, Brent},
    month = {10},
    publisher = {Elsevier BV},
    url = {https://papers.ssrn.com/abstract=4230294},
    doi = {10.2139/SSRN.4230294}
}

@misc{2020UbersNews,
    title = {{Uber's self-driving operator charged over fatal crash - BBC News}},
    year = {2020},
    url = {https://www.bbc.com/news/technology-54175359}
}

@misc{2020UKVerge,
    title = {{UK ditches exam results generated by biased algorithm after student protests - The Verge}},
    year = {2020},
    url = {https://www.theverge.com/2020/8/17/21372045/uk-a-level-results-algorithm-biased-coronavirus-covid-19-pandemic-university-applications}
}

@misc{2023UKEnforcement,
    title = {{UK ICO Updates Guidance on Artificial Intelligence and Data Protection | Compliance and Enforcement}},
    year = {2023},
    url = {https://wp.nyu.edu/compliance_enforcement/2023/05/08/uk-ico-updates-guidance-on-artificial-intelligence-and-data-protection/}
}

@article{Jafri2023UncoveringBaselines,
    title = {{Uncovering Political Hate Speech During Indian Election Campaign: A New Low-Resource Dataset and Baselines}},
    year = {2023},
    author = {Jafri, Farhan Ahmad and Siddiqui, Mohammad Aman and Thapa, Surendrabikram and Rauniyar, Kritesh and Naseem, Usman and Razzak, Imran},
    url = {https://developer.twitter.com/en/docs/twitter-api}
}

@article{Ifinedo2012UnderstandingTheory,
    title = {{Understanding information systems security policy compliance: An integration of the theory of planned behavior and the protection motivation theory}},
    year = {2012},
    journal = {Comput. Secur.},
    author = {Ifinedo, Princely},
    number = {1},
    month = {2},
    pages = {83--95},
    volume = {31},
    doi = {10.1016/J.COSE.2011.10.007},
    issn = {01674048},
    keywords = {Behavioral intentions, Compliance, Information systems security policy, Protection motivation theory, Theory of planned behavior}
}

@article{Cheng2013UnderstandingTheory,
    title = {{Understanding the violation of IS security policy in organizations: An integrated model based on social control and deterrence theory}},
    year = {2013},
    journal = {Comput. Secur.},
    author = {Cheng, Lijiao and Li, Ying and Li, Wenli and Holm, Eric and Zhai, Qingguo},
    number = {PART B},
    pages = {447--459},
    volume = {39},
    doi = {10.1016/J.COSE.2013.09.009},
    issn = {01674048},
    keywords = {General deterrence theory, IS security policy, Social bond theory, Social control mechanisms, Violation intention}
}

@article{Potz2023VoluntaryInterpretation,
    title = {{Voluntary Costly Signals in Religious Communities: A Political Interpretation}},
    year = {2023},
    journal = {Method and Theory in the Study of Religion},
    author = {Potz, Maciej},
    number = {4},
    pages = {1--27},
    volume = {2},
    publisher = {Brill Academic Publishers},
    doi = {10.1163/15700682-BJA10105},
    issn = {15700682},
    keywords = {costly signaling theory, political anthropology, religious communes, religious ritual, the Shakers, the Skoptsy}
}

@article{Abilov2021VoterFraud2020:Twitter,
    title = {{VoterFraud2020: a Multi-modal Dataset of Election Fraud Claims on Twitter}},
    year = {2021},
    journal = {Proceedings of the International AAAI Conference on Web and Social Media},
    author = {Abilov, Anton and Hua, Yiqing and Matatov, Hana and Amir, Ofra and Naaman, Mor},
    month = {5},
    pages = {901--912},
    volume = {15},
    publisher = {Association for the Advancement of Artificial Intelligence (AAAI)},
    url = {https://ojs.aaai.org/index.php/ICWSM/article/view/18113},
    doi = {10.1609/ICWSM.V15I1.18113},
    issn = {2334-0770},
    arxivId = {2101.08210},
    keywords = {Social network analysis, communities identification, expertise and authority discovery}
}

@article{Walkowski2021VulnerabilitySystem,
    title = {{Vulnerability Management Models Using a Common Vulnerability Scoring System}},
    year = {2021},
    journal = {Applied Sciences 2021, Vol. 11, Page 8735},
    author = {Walkowski, Michał and Oko, Jacek and Sujecki, Sławomir and Klinkowski, Mirosław and Palmieri, Francesco},
    number = {18},
    month = {9},
    pages = {8735},
    volume = {11},
    publisher = {Multidisciplinary Digital Publishing Institute},
    url = {https://www.mdpi.com/2076-3417/11/18/8735/htm https://www.mdpi.com/2076-3417/11/18/8735},
    doi = {10.3390/APP11188735},
    issn = {2076-3417},
    keywords = {Common Vulnerability Scoring System, cybersecurity, vulnerability management}
}

@misc{VulnerabilityTools,
    title = {{Vulnerability Management: Complete Guide to Process and Tools}},
    url = {https://www.bluevoyant.com/knowledge-center/vulnerability-management-complete-guide-to-process-and-tools}
}

@misc{2017WannaCryZDNET,
    title = {{WannaCry ransomware: Hospitals were warned to patch system to protect against cyber-attack - but didn't | ZDNET}},
    year = {2017},
    url = {https://www.zdnet.com/article/wannacry-ransomware-hospitals-were-warned-to-patch-system-to-protect-against-cyber-attack-but-didnt/}
}

@article{Lutge2022WhiteGovernance,
    title = {{White Paper On a Risk-Based Assessment Approach to AI Ethics Governance}},
    year = {2022},
    author = {L{\"{u}}tge, C. and Hohma, Ellen and Boch, Auxane and Poszler, Franziska and Corrigan, C.}
}

@article{Papadogiannakis2023WhoSites,
    title = {{Who Funds Misinformation? A Systematic Analysis of the Ad-related Profit Routines of Fake News Sites}},
    year = {2023},
    journal = {ACM Web Conference 2023 - Proceedings of the World Wide Web Conference, WWW 2023},
    author = {Papadogiannakis, Emmanouil and Papadopoulos, Panagiotis and Markatos, Evangelos P. and Kourtellis, Nicolas},
    month = {4},
    pages = {2765--2776},
    volume = {12},
    publisher = {Association for Computing Machinery, Inc},
    url = {https://dl.acm.org/doi/10.1145/3543507.3583443},
    isbn = {9781450394161},
    doi = {10.1145/3543507.3583443},
    arxivId = {2202.05079},
    keywords = {Fake News, Online Advertising, Web Monetization}
}

@misc{2023WhyBCG,
    title = {{Why AI Regulation Is an Opportunity for CEOs | BCG}},
    year = {2023},
    url = {https://www.bcg.com/publications/2023/why-ai-regulation-is-an-opportunity-for-ceos}
}

@misc{Fyler2023WhyTechHQ,
    title = {{Why is the Meta pixel involved in new data privacy case? - TechHQ}},
    year = {2023},
    booktitle = {TechHQ},
    author = {Fyler, Tony},
    url = {https://techhq.com/2023/07/why-is-the-meta-pixel-at-heart-of-data-privacy-cases/}
}

@article{Hwang2017WhyNon-compliance,
    title = {{Why not comply with information security? An empirical approach for the causes of non-compliance}},
    year = {2017},
    journal = {Online Inf. Rev.},
    author = {Hwang, Inho and Kim, Daejin and Kim, Taeha and Kim, Sanghyun},
    number = {1},
    pages = {2--18},
    volume = {41},
    publisher = {Emerald Group Publishing Ltd.},
    doi = {10.1108/OIR-11-2015-0358},
    issn = {14684527},
    keywords = {Compliance intention, Peer behaviour, Security education, Security systems, Security visibility, Work impediment}
}

@misc{WhyInsiders,
    title = {{Why Traditional Vulnerability Management isn’t Cutting it Anymore - Cybersecurity Insiders}},
    url = {https://www.cybersecurity-insiders.com/why-traditional-vulnerability-management-isnt-cutting-it-anymore/}
}

@misc{2018WhyTime,
    title = {{Why Your Compliance Programs Are a Million-Dollar Waste of Time}},
    year = {2018},
    url = {https://hbr.org/2018/03/why-compliance-programs-fail}
}

@misc{2019WidelyHealth,
    title = {{Widely used health care algorithm has racial bias | News | Harvard T.H. Chan School of Public Health}},
    year = {2019},
    url = {https://www.hsph.harvard.edu/news/hsph-in-the-news/study-widely-used-health-care-algorithm-has-racial-bias/}
}

@article{Biggio2018WildTutorial,
    title = {{Wild patterns: Ten years after the rise of adversarial machine learning half-day tutorial}},
    year = {2018},
    journal = {Proceedings of the ACM Conference on Computer and Communications Security},
    author = {Biggio, Battista and Roli, Fabio},
    month = {10},
    pages = {2154--2156},
    publisher = {Association for Computing Machinery},
    url = {https://dl.acm.org/doi/10.1145/3243734.3264418},
    isbn = {9781450356930},
    doi = {10.1145/3243734.3264418},
    issn = {15437221},
    keywords = {Adversarial examples, Adversarial machine learning, Deep learning, Evasion attacks, Training data poisoning}
}

@misc{Jennings2022ThisBoulevard,
    title = {{‘This is Appalling’ — Tax-Prep Sites Leak PII to Facebook - Security Boulevard}},
    year = {2022},
    booktitle = {securityboulevard},
    author = {Jennings, Richi},
    url = {https://securityboulevard.com/2022/11/tax-websites-leak-pii-facebook-richixbw/}
}

@article{Wang2017LiarDetection,
    title = {{“Liar, Liar Pants on Fire”: A New Benchmark Dataset for Fake News Detection}},
    year = {2017},
    journal = {ACL 2017 - 55th Annual Meeting of the Association for Computational Linguistics, Proceedings of the Conference (Long Papers)},
    author = {Wang, William Yang},
    pages = {422--426},
    volume = {2},
    publisher = {Association for Computational Linguistics (ACL)},
    url = {https://aclanthology.org/P17-2067},
    isbn = {9781945626760},
    doi = {10.18653/V1/P17-2067},
    arxivId = {1705.00648}
}

@article{Apruzzese2023RealPractice,
    title = {{“Real Attackers Don't Compute Gradients”: Bridging the Gap Between Adversarial ML Research and Practice}},
    year = {2023},
    journal = {2023 IEEE Conference on Secure and Trustworthy Machine Learning (SaTML)},
    author = {Apruzzese, Giovanni and Anderson, Hyrum S. and Dambra, Savino and Freeman, David and Pierazzi, Fabio and Roundy, Kevin},
    month = {2},
    pages = {339--364},
    publisher = {IEEE Computer Society},
    isbn = {978-1-6654-6299-0},
    doi = {10.1109/SATML54575.2023.00031},
    arxivId = {2212.14315}
}