@inproceedings{abadi2016deep,
  title={Deep learning with differential privacy},
  author={Abadi, Martin and Chu, Andy and Goodfellow, Ian and McMahan, H Brendan and Mironov, Ilya and Talwar, Kunal and Zhang, Li},
  booktitle={Proceedings of the 2016 ACM SIGSAC conference on computer and communications security},
  pages={308--318},
  year={2016}
}

@article{chen2023best,
  title={The best of both worlds: Accurate global and personalized models through federated learning with data-free hyper-knowledge distillation},
  author={Chen, Huancheng and Vikalo, Haris and others},
  journal={arXiv preprint arXiv:2301.08968},
  year={2023}
}

@article{chen2023overconfidence,
  title={Overconfidence is a dangerous thing: Mitigating membership inference attacks by enforcing less confident prediction},
  author={Chen, Zitao and Pattabiraman, Karthik},
  journal={arXiv preprint arXiv:2307.01610},
  year={2023}
}

@inproceedings{liu2023mia,
  title={MIA-FedDL: A Membership Inference Attack against Federated Distillation Learning},
  author={Liu, Siqi and Dong, Fang},
  booktitle={2023 26th International Conference on Computer Supported Cooperative Work in Design (CSCWD)},
  pages={1148--1153},
  year={2023},
  organization={IEEE}
}

@inproceedings{nasr2019comprehensive,
  title={Comprehensive privacy analysis of deep learning: Passive and active white-box inference attacks against centralized and federated learning},
  author={Nasr, Milad and Shokri, Reza and Houmansadr, Amir},
  booktitle={2019 IEEE symposium on security and privacy (SP)},
  pages={739--753},
  year={2019},
  organization={IEEE}
}

@inproceedings{shejwalkar2021membership,
  title={Membership privacy for machine learning models through knowledge transfer},
  author={Shejwalkar, Virat and Houmansadr, Amir},
  booktitle={Proceedings of the AAAI conference on artificial intelligence},
  volume={35},
  number={11},
  pages={9549--9557},
  year={2021}
}

@inproceedings{shokri2017membership,
  title={Membership inference attacks against machine learning models},
  author={Shokri, Reza and Stronati, Marco and Song, Congzheng and Shmatikov, Vitaly},
  booktitle={2017 IEEE symposium on security and privacy (SP)},
  pages={3--18},
  year={2017},
  organization={IEEE}
}

@inproceedings{tang2022mitigating,
  title={Mitigating membership inference attacks by $\{$Self-Distillation$\}$ through a novel ensemble architecture},
  author={Tang, Xinyu and Mahloujifar, Saeed and Song, Liwei and Shejwalkar, Virat and Nasr, Milad and Houmansadr, Amir and Mittal, Prateek},
  booktitle={31st USENIX Security Symposium (USENIX Security 22)},
  pages={1433--1450},
  year={2022}
}

@article{wainakh2021user,
  title={User-level label leakage from gradients in federated learning},
  author={Wainakh, Aidmar and Ventola, Fabrizio and M{\"u}{\ss}ig, Till and Keim, Jens and Cordero, Carlos Garcia and Zimmer, Ephraim and Grube, Tim and Kersting, Kristian and M{\"u}hlh{\"a}user, Max},
  journal={arXiv preprint arXiv:2105.09369},
  year={2021}
}

@article{wang2024graddiff,
  title={GradDiff: Gradient-based membership inference attacks against federated distillation with differential comparison},
  author={Wang, Xiaodong and Wu, Longfei and Guan, Zhitao},
  journal={Information Sciences},
  volume={658},
  pages={120068},
  year={2024},
  publisher={Elsevier}
}

@inproceedings{yang2022fd,
  title={Fd-leaks: Membership inference attacks against federated distillation learning},
  author={Yang, Zilu and Zhao, Yanchao and Zhang, Jiale},
  booktitle={Asia-Pacific Web (APWeb) and Web-Age Information Management (WAIM) Joint International Conference on Web and Big Data},
  pages={364--378},
  year={2022},
  organization={Springer}
}

@inproceedings{zhu2021data,
  title={Data-free knowledge distillation for heterogeneous federated learning},
  author={Zhu, Zhuangdi and Hong, Junyuan and Zhou, Jiayu},
  booktitle={International conference on machine learning},
  pages={12878--12889},
  year={2021},
  organization={PMLR}
}

