
% Journals

% First the Full Name is given, then the abbreviation used in the AMS Math
% Reviews, with an indication if it could not be found there.
% Note the 2nd overwrites the 1st, so swap them if you want the full name.

 %{AMS}
 @String{AMSTrans = "American Mathematical Society Translations" }
 @String{AMSTrans = "Amer. Math. Soc. Transl." }
 @String{BullAMS = "Bulletin of the American Mathematical Society" }
 @String{BullAMS = "Bull. Amer. Math. Soc." }
 @String{ProcAMS = "Proceedings of the American Mathematical Society" }
 @String{ProcAMS = "Proc. Amer. Math. Soc." }
 @String{TransAMS = "Transactions of the American Mathematical Society" }
 @String{TransAMS = "Trans. Amer. Math. Soc." }

 %ACM
 @String{CACM = "Communications of the {ACM}" }
 @String{CACM = "Commun. {ACM}" }
 @String{CompServ = "Comput. Surveys" }
 @String{JACM = "J. ACM" }
 @String{ACMMathSoft = "{ACM} Transactions on Mathematical Software" }
 @String{ACMMathSoft = "{ACM} Trans. Math. Software" }
 @String{SIGNUM = "{ACM} {SIGNUM} Newsletter" }
 @String{SIGNUM = "{ACM} {SIGNUM} Newslett." }

 @String{AmerSocio = "American Journal of Sociology" }
 @String{AmerStatAssoc = "Journal of the American Statistical Association" }
 @String{AmerStatAssoc = "J. Amer. Statist. Assoc." }
 @String{ApplMathComp = "Applied Mathematics and Computation" }
 @String{ApplMathComp = "Appl. Math. Comput." }
 @String{AmerMathMonthly = "American Mathematical Monthly" }
 @String{AmerMathMonthly = "Amer. Math. Monthly" }
 @String{BIT = "{BIT}" }
 @String{BritStatPsych = "British Journal of Mathematical and Statistical
          Psychology" }
 @String{BritStatPsych = "Brit. J. Math. Statist. Psych." }
 @String{CanMathBull = "Canadian Mathematical Bulletin" }
 @String{CanMathBull = "Canad. Math. Bull." }
 @String{CompApplMath = "Journal of Computational and Applied Mathematics" }
 @String{CompApplMath = "J. Comput. Appl. Math." }
 @String{CompPhys = "Journal of Computational Physics" }
 @String{CompPhys = "J. Comput. Phys." }
 @String{CompStruct = "Computers and Structures" }
 @String{CompStruct = "Comput. \& Structures" }
 @String{CompJour = "The Computer Journal" }
 @String{CompJour = "Comput. J." }
 @String{CompSysSci = "Journal of Computer and System Sciences" }
 @String{CompSysSci = "J. Comput. System Sci." }
 @String{Computing = "Computing" }
 @String{ContempMath = "Contemporary Mathematics" }
 @String{ContempMath = "Contemp. Math." }
 @String{Crelle = "Crelle's Journal" }
 @String{GiornaleMath = "Giornale di Mathematiche" }
 @String{GiornaleMath = "Giorn. Mat." } % didn't find in AMS MR., ibid.

 %IEEE
 @String{Computer = "{IEEE} Computer" }
 @String{IEEETransComp = "{IEEE} Transactions on Computers" }
 @String{IEEETransComp = "{IEEE} Trans. Comput." }
 @String{IEEETransAC = "{IEEE} Transactions on Automatic Control" }
 @String{IEEETransAC = "{IEEE} Trans. Automat. Control" }
 @String{IEEESpec = "{IEEE} Spectrum" } % didn't find in AMS MR
 @String{ProcIEEE = "Proceedings of the {IEEE}" }
 @String{ProcIEEE = "Proc. {IEEE}" } % didn't find in AMS MR
 @String{IEEETransAeroElec = "{IEEE} Transactions on Aerospace and Electronic
     Systems" }
 @String{IEEETransAeroElec = "{IEEE} Trans. Aerospace Electron. Systems" }

 @String{IMANumerAna = "{IMA} Journal of Numerical Analysis" }
 @String{IMANumerAna = "{IMA} J. Numer. Anal." }
 @String{InfProcLet = "Information Processing Letters" }
 @String{InfProcLet = "Inform. Process. Lett." }
 @String{InstMathApp = "Journal of the Institute of Mathematics and
     its Applications" }
 @String{InstMathApp = "J. Inst. Math. Appl." }
 @String{IntControl = "International Journal of Control" }
 @String{IntControl = "Internat. J. Control" }
 @String{IntNumerEng = "International Journal for Numerical Methods in
     Engineering" }
 @String{IntNumerEng = "Internat. J. Numer. Methods Engrg." }
 @String{IntSuper = "International Journal of Supercomputing Applications" }
 @String{IntSuper = "Internat. J. Supercomputing Applic." } % didn't find
%% in AMS MR
 @String{Kibernetika = "Kibernetika" }
 @String{JResNatBurStand = "Journal of Research of the National Bureau
     of Standards" }
 @String{JResNatBurStand = "J. Res. Nat. Bur. Standards" }
 @String{LinAlgApp = "Linear Algebra and its Applications" }
 @String{LinAlgApp = "Linear Algebra Appl." }
 @String{MathAnaAppl = "Journal of Mathematical Analysis and Applications" }
 @String{MathAnaAppl = "J. Math. Anal. Appl." }
 @String{MathAnnalen = "Mathematische Annalen" }
 @String{MathAnnalen = "Math. Ann." }
 @String{MathPhys = "Journal of Mathematical Physics" }
 @String{MathPhys = "J. Math. Phys." }
 @String{MathComp = "Mathematics of Computation" }
 @String{MathComp = "Math. Comp." }
 @String{MathScand = "Mathematica Scandinavica" }
 @String{MathScand = "Math. Scand." }
 @String{TablesAidsComp = "Mathematical Tables and Other Aids to Computation" }
 @String{TablesAidsComp = "Math. Tables Aids Comput." }
 @String{NumerMath = "Numerische Mathematik" }
 @String{NumerMath = "Numer. Math." }
 @String{PacificMath = "Pacific Journal of Mathematics" }
 @String{PacificMath = "Pacific J. Math." }
 @String{ParDistComp = "Journal of Parallel and Distributed Computing" }
 @String{ParDistComp = "J. Parallel and Distrib. Comput." } % didn't find
%% in AMS MR
 @String{ParComputing = "Parallel Computing" }
 @String{ParComputing = "Parallel Comput." }
 @String{PhilMag = "Philosophical Magazine" }
 @String{PhilMag = "Philos. Mag." }
 @String{ProcNAS = "Proceedings of the National Academy of Sciences
                    of the USA" }
 @String{ProcNAS = "Proc. Nat. Acad. Sci. U. S. A." }
 @String{Psychometrika = "Psychometrika" }
 @String{QuartMath = "Quarterly Journal of Mathematics, Oxford, Series (2)" }
 @String{QuartMath = "Quart. J. Math. Oxford Ser. (2)" }
 @String{QuartApplMath = "Quarterly of Applied Mathematics" }
 @String{QuartApplMath = "Quart. Appl. Math." }
 @String{RevueInstStat = "Review of the International Statisical Institute" }
 @String{RevueInstStat = "Rev. Inst. Internat. Statist." }

 %SIAM
 @String{JSIAM = "Journal of the Society for Industrial and Applied
     Mathematics" }
 @String{JSIAM = "J. Soc. Indust. Appl. Math." }
 @String{JSIAMB = "Journal of the Society for Industrial and Applied
     Mathematics, Series B, Numerical Analysis" }
 @String{JSIAMB = "J. Soc. Indust. Appl. Math. Ser. B Numer. Anal." }
 @String{SIAMAlgMeth = "{SIAM} Journal on Algebraic and Discrete Methods" }
 @String{SIAMAlgMeth = "{SIAM} J. Algebraic Discrete Methods" }
 @String{SIAMAppMath = "{SIAM} Journal on Applied Mathematics" }
 @String{SIAMAppMath = "{SIAM} J. Appl. Math." }
 @String{SIAMComp = "{SIAM} Journal on Computing" }
 @String{SIAMComp = "{SIAM} J. Comput." }
 @String{SIAMMatrix = "{SIAM} Journal on Matrix Analysis and Applications" }
 @String{SIAMMatrix = "{SIAM} J. Matrix Anal. Appl." }
 @String{SIAMNumAnal = "{SIAM} Journal on Numerical Analysis" }
 @String{SIAMNumAnal = "{SIAM} J. Numer. Anal." }
 @String{SIAMReview = "{SIAM} Review" }
 @String{SIAMReview = "{SIAM} Rev." }
 @String{SIAMSciStat = "{SIAM} Journal on Scientific and Statistical
     Computing" }
 @String{SIAMSciStat = "{SIAM} J. Sci. Statist. Comput." }

 @String{SoftPracExp = "Software Practice and Experience" }
 @String{SoftPracExp = "Software Prac. Experience" } % didn't find in AMS MR
 @String{StatScience = "Statistical Science" }
 @String{StatScience = "Statist. Sci." }
 @String{Techno = "Technometrics" }
 @String{USSRCompMathPhys = "{USSR} Computational Mathematics and Mathematical
     Physics" }
 @String{USSRCompMathPhys = "{U. S. S. R.} Comput. Math. and Math. Phys." }
 @String{VLSICompSys = "Journal of {VLSI} and Computer Systems" }
 @String{VLSICompSys = "J. {VLSI} Comput. Syst." }
 @String{ZAngewMathMech = "Zeitschrift fur Angewandte Mathematik und
     Mechanik" }
 @String{ZAngewMathMech = "Z. Angew. Math. Mech." }
 @String{ZAngewMathPhys = "Zeitschrift fur Angewandte Mathematik und Physik" }
 @String{ZAngewMathPhys = "Z. Angew. Math. Phys." }

% Publishers % ================================================= |

 @String{Academic = "Academic Press" }
 @String{ACMPress = "{ACM} Press" }
 @String{AdamHilger = "Adam Hilger" }
 @String{AddisonWesley = "Addison-Wesley" }
 @String{AllynBacon = "Allyn and Bacon" }
 @String{AMS = "American Mathematical Society" }
 @String{Birkhauser = "Birkha{\"u}ser" }
 @String{CambridgePress = "Cambridge University Press" }
 @String{Chelsea = "Chelsea" }
 @String{ClaredonPress = "Claredon Press" }
 @String{DoverPub = "Dover Publications" }
 @String{Eyolles = "Eyolles" }
 @String{HoltRinehartWinston = "Holt, Rinehart and Winston" }
 @String{Interscience = "Interscience" }
 @String{JohnsHopkinsPress = "The Johns Hopkins University Press" }
 @String{JohnWileySons = "John Wiley and Sons" }
 @String{Macmillan = "Macmillan" }
 @String{MathWorks = "The Math Works Inc." }
 @String{McGrawHill = "McGraw-Hill" }
 @String{NatBurStd = "National Bureau of Standards" }
 @String{NorthHolland = "North-Holland" }
 @String{OxfordPress = "Oxford University Press" }  %address Oxford or London?
 @String{PergamonPress = "Pergamon Press" }
 @String{PlenumPress = "Plenum Press" }
 @String{PrenticeHall = "Prentice-Hall" }
 @String{SIAMPub = "{SIAM} Publications" }
 @String{Springer = "Springer-Verlag" }
 @String{TexasPress = "University of Texas Press" }
 @String{VanNostrand = "Van Nostrand" }
 @String{WHFreeman = "W. H. Freeman and Co." }

%Entries

@article{gu2023ldia,
  title={LDIA: Label distribution inference attack against federated learning in edge computing},
  author={Gu, Yuhao and Bai, Yuebin},
  journal={Journal of Information Security and Applications},
  volume={74},
  pages={103475},
  year={2023},
  publisher={Elsevier}
}

@inproceedings{nasr2019comprehensive,
  title={Comprehensive privacy analysis of deep learning: Passive and active white-box inference attacks against centralized and federated learning},
  author={Nasr, Milad and Shokri, Reza and Houmansadr, Amir},
  booktitle={2019 IEEE symposium on security and privacy (SP)},
  pages={739--753},
  year={2019},
  organization={IEEE}
}

@inproceedings{hu2021source,
  title={Source inference attacks in federated learning},
  author={Hu, Hongsheng and Salcic, Zoran and Sun, Lichao and Dobbie, Gillian and Zhang, Xuyun},
  booktitle={2021 IEEE International Conference on Data Mining (ICDM)},
  pages={1102--1107},
  year={2021},
  organization={IEEE}
}

@article{wang2022poisoning,
  title={Poisoning-assisted property inference attack against federated learning},
  author={Wang, Zhibo and Huang, Yuting and Song, Mengkai and Wu, Libing and Xue, Feng and Ren, Kui},
  journal={IEEE Transactions on Dependable and Secure Computing},
  volume={20},
  number={4},
  pages={3328--3340},
  year={2022},
  publisher={IEEE}
}

@article{li2019fedmd,
  title={Fedmd: Heterogenous federated learning via model distillation},
  author={Li, Daliang and Wang, Junpu},
  journal={arXiv preprint arXiv:1910.03581},
  year={2019}
}

@article{itahara2021distillation,
  title={Distillation-based semi-supervised federated learning for communication-efficient collaborative training with non-iid private data},
  author={Itahara, Sohei and Nishio, Takayuki and Koda, Yusuke and Morikura, Masahiro and Yamamoto, Koji},
  journal={IEEE Transactions on Mobile Computing},
  volume={22},
  number={1},
  pages={191--205},
  year={2021},
  publisher={IEEE}
}

@article{chang2019cronus,
  title={Cronus: Robust and heterogeneous collaborative learning with black-box knowledge transfer},
  author={Chang, Hongyan and Shejwalkar, Virat and Shokri, Reza and Houmansadr, Amir},
  journal={arXiv preprint arXiv:1912.11279},
  year={2019}
}

@article{jeong2018communication,
  title={Communication-efficient on-device machine learning: Federated distillation and augmentation under non-iid private data},
  author={Jeong, Eunjeong and Oh, Seungeun and Kim, Hyesung and Park, Jihong and Bennis, Mehdi and Kim, Seong-Lyun},
  journal={arXiv preprint arXiv:1811.11479},
  year={2018}
}

@article{lecun1998gradient,
  title={Gradient-based learning applied to document recognition},
  author={LeCun, Yann and Bottou, L{\'e}on and Bengio, Yoshua and Haffner, Patrick},
  journal={Proceedings of the IEEE},
  volume={86},
  number={11},
  pages={2278--2324},
  year={1998},
  publisher={Ieee}
}

@article{kullback1951information,
  title={On information and sufficiency},
  author={Kullback, Solomon and Leibler, Richard A},
  journal={The annals of mathematical statistics},
  volume={22},
  number={1},
  pages={79--86},
  year={1951},
  publisher={JSTOR}
}

@article{hinton2015distilling,
  title={Distilling the knowledge in a neural network},
  author={Hinton, Geoffrey and Vinyals, Oriol and Dean, Jeff},
  journal={arXiv preprint arXiv:1503.02531},
  year={2015}
}

@inproceedings{diakonikolas2017being,
  title={Being robust (in high dimensions) can be practical},
  author={Diakonikolas, Ilias and Kamath, Gautam and Kane, Daniel M and Li, Jerry and Moitra, Ankur and Stewart, Alistair},
  booktitle={International Conference on Machine Learning},
  pages={999--1008},
  year={2017},
  organization={PMLR}
}

@article{wainakh2021user,
  title={User-level label leakage from gradients in federated learning},
  author={Wainakh, Aidmar and Ventola, Fabrizio and M{\"u}{\ss}ig, Till and Keim, Jens and Cordero, Carlos Garcia and Zimmer, Ephraim and Grube, Tim and Kersting, Kristian and M{\"u}hlh{\"a}user, Max},
  journal={arXiv preprint arXiv:2105.09369},
  year={2021}
}

@inproceedings{yeom2018privacy,
  title={Privacy risk in machine learning: Analyzing the connection to overfitting},
  author={Yeom, Samuel and Giacomelli, Irene and Fredrikson, Matt and Jha, Somesh},
  booktitle={2018 IEEE 31st computer security foundations symposium (CSF)},
  pages={268--282},
  year={2018},
  organization={IEEE}
}

@article{krizhevsky2009learning,
  title={Learning multiple layers of features from tiny images},
  author={Krizhevsky, Alex and Hinton, Geoffrey and others},
  year={2009},
  publisher={Toronto, ON, Canada}
}

@inproceedings{zhu2021data,
  title={Data-free knowledge distillation for heterogeneous federated learning},
  author={Zhu, Zhuangdi and Hong, Junyuan and Zhou, Jiayu},
  booktitle={International conference on machine learning},
  pages={12878--12889},
  year={2021},
  organization={PMLR}
}

@article{xiao2017fashion,
  title={Fashion-mnist: A novel image dataset for benchmarking machine learning algorithms},
  author={Xiao, H},
  journal={arXiv preprint arXiv:1708.07747},
  year={2017}
}

@inproceedings{salem2020updates,
  title={$\{$Updates-Leak$\}$: Data set inference and reconstruction attacks in online learning},
  author={Salem, Ahmed and Bhattacharya, Apratim and Backes, Michael and Fritz, Mario and Zhang, Yang},
  booktitle={29th USENIX security symposium (USENIX Security 20)},
  pages={1291--1308},
  year={2020}
}

@inproceedings{mcmahan2017communication,
  title={Communication-efficient learning of deep networks from decentralized data},
  author={McMahan, Brendan and Moore, Eider and Ramage, Daniel and Hampson, Seth and y Arcas, Blaise Aguera},
  booktitle={Artificial intelligence and statistics},
  pages={1273--1282},
  year={2017},
  organization={PMLR}
}

@article{wu2022communication,
  title={Communication-efficient federated learning via knowledge distillation},
  author={Wu, Chuhan and Wu, Fangzhao and Lyu, Lingjuan and Huang, Yongfeng and Xie, Xing},
  journal={Nature communications},
  volume={13},
  number={1},
  pages={2032},
  year={2022},
  publisher={Nature Publishing Group UK London}
}

@inproceedings{huang2023decentralized,
  title={Decentralized Federated Learning Via Mutual Knowledge Distillation},
  author={Huang, Yue and Kong, Lanju and Li, Qingzhong and Zhang, Baochen},
  booktitle={2023 IEEE International Conference on Multimedia and Expo (ICME)},
  pages={342--347},
  year={2023},
  organization={IEEE}
}

@inproceedings{he2016deep,
  title={Deep residual learning for image recognition},
  author={He, Kaiming and Zhang, Xiangyu and Ren, Shaoqing and Sun, Jian},
  booktitle={Proceedings of the IEEE conference on computer vision and pattern recognition},
  pages={770--778},
  year={2016}
}

@article{li2024federated,
  title={Federated Distillation: A Survey},
  author={Li, Lin and Gou, Jianping and Yu, Baosheng and Du, Lan and Tao, Zhang Yiand Dacheng},
  journal={arXiv preprint arXiv:2404.08564},
  year={2024}
}

@inproceedings{yang2022fd,
  title={Fd-leaks: Membership inference attacks against federated distillation learning},
  author={Yang, Zilu and Zhao, Yanchao and Zhang, Jiale},
  booktitle={Asia-Pacific Web (APWeb) and Web-Age Information Management (WAIM) Joint International Conference on Web and Big Data},
  pages={364--378},
  year={2022},
  organization={Springer}
}

@article{havaei2017brain,
  title={Brain tumor segmentation with deep neural networks},
  author={Havaei, Mohammad and Davy, Axel and Warde-Farley, David and Biard, Antoine and Courville, Aaron and Bengio, Yoshua and Pal, Chris and Jodoin, Pierre-Marc and Larochelle, Hugo},
  journal={Medical image analysis},
  volume={35},
  pages={18--31},
  year={2017},
  publisher={Elsevier}
}

@inproceedings{fu2016credit,
  title={Credit card fraud detection using convolutional neural networks},
  author={Fu, Kang and Cheng, Dawei and Tu, Yi and Zhang, Liqing},
  booktitle={Neural Information Processing: 23rd International Conference, ICONIP 2016, Kyoto, Japan, October 16--21, 2016, Proceedings, Part III 23},
  pages={483--490},
  year={2016},
  organization={Springer}
}

@article{wang2024graddiff,
  title={GradDiff: Gradient-based membership inference attacks against federated distillation with differential comparison},
  author={Wang, Xiaodong and Wu, Longfei and Guan, Zhitao},
  journal={Information Sciences},
  volume={658},
  pages={120068},
  year={2024},
  publisher={Elsevier}
}

@inproceedings{shokri2017membership,
  title={Membership inference attacks against machine learning models},
  author={Shokri, Reza and Stronati, Marco and Song, Congzheng and Shmatikov, Vitaly},
  booktitle={2017 IEEE symposium on security and privacy (SP)},
  pages={3--18},
  year={2017},
  organization={IEEE}
}

@inproceedings{carlini2022membership,
  title={Membership inference attacks from first principles},
  author={Carlini, Nicholas and Chien, Steve and Nasr, Milad and Song, Shuang and Terzis, Andreas and Tramer, Florian},
  booktitle={2022 IEEE Symposium on Security and Privacy (SP)},
  pages={1897--1914},
  year={2022},
  organization={IEEE}
}

@article{watson2021importance,
  title={On the importance of difficulty calibration in membership inference attacks},
  author={Watson, Lauren and Guo, Chuan and Cormode, Graham and Sablayrolles, Alex},
  journal={arXiv preprint arXiv:2111.08440},
  year={2021}
}

@article{jagielski2024students,
  title={Students parrot their teachers: Membership inference on model distillation},
  author={Jagielski, Matthew and Nasr, Milad and Lee, Katherine and Choquette-Choo, Christopher A and Carlini, Nicholas and Tramer, Florian},
  journal={Advances in Neural Information Processing Systems},
  volume={36},
  year={2024}
}

@article{darlow2018cinic,
  title={Cinic-10 is not imagenet or cifar-10},
  author={Darlow, Luke N and Crowley, Elliot J and Antoniou, Antreas and Storkey, Amos J},
  journal={arXiv preprint arXiv:1810.03505},
  year={2018}
}

@inproceedings{deng2009imagenet,
  title={Imagenet: A large-scale hierarchical image database},
  author={Deng, Jia and Dong, Wei and Socher, Richard and Li, Li-Jia and Li, Kai and Fei-Fei, Li},
  booktitle={2009 IEEE conference on computer vision and pattern recognition},
  pages={248--255},
  year={2009},
  organization={Ieee}
}

@inproceedings{sandler2018mobilenetv2,
  title={Mobilenetv2: Inverted residuals and linear bottlenecks},
  author={Sandler, Mark and Howard, Andrew and Zhu, Menglong and Zhmoginov, Andrey and Chen, Liang-Chieh},
  booktitle={Proceedings of the IEEE conference on computer vision and pattern recognition},
  pages={4510--4520},
  year={2018}
}

@inproceedings{liu2023mia,
  title={MIA-FedDL: A Membership Inference Attack against Federated Distillation Learning},
  author={Liu, Siqi and Dong, Fang},
  booktitle={2023 26th International Conference on Computer Supported Cooperative Work in Design (CSCWD)},
  pages={1148--1153},
  year={2023},
  organization={IEEE}
}

@inproceedings{melis2019exploiting,
  title={Exploiting unintended feature leakage in collaborative learning},
  author={Melis, Luca and Song, Congzheng and De Cristofaro, Emiliano and Shmatikov, Vitaly},
  booktitle={2019 IEEE symposium on security and privacy (SP)},
  pages={691--706},
  year={2019},
  organization={IEEE}
}

@article{zhu2024evaluating,
  title={Evaluating Membership Inference Attacks and Defenses in Federated Learning},
  author={Zhu, Gongxi and Li, Donghao and Gu, Hanlin and Han, Yuxing and Yao, Yuan and Fan, Lixin and Yang, Qiang},
  journal={arXiv preprint arXiv:2402.06289},
  year={2024}
}

@inproceedings{abadi2016deep,
  title={Deep learning with differential privacy},
  author={Abadi, Martin and Chu, Andy and Goodfellow, Ian and McMahan, H Brendan and Mironov, Ilya and Talwar, Kunal and Zhang, Li},
  booktitle={Proceedings of the 2016 ACM SIGSAC conference on computer and communications security},
  pages={308--318},
  year={2016}
}

@inproceedings{jiang2020federated,
  title={Federated learning algorithm based on knowledge distillation},
  author={Jiang, Donglin and Shan, Chen and Zhang, Zhihui},
  booktitle={2020 International conference on artificial intelligence and computer engineering (ICAICE)},
  pages={163--167},
  year={2020},
  organization={IEEE}
}

@article{wen2022canary,
  title={Canary in a coalmine: Better membership inference with ensembled adversarial queries},
  author={Wen, Yuxin and Bansal, Arpit and Kazemi, Hamid and Borgnia, Eitan and Goldblum, Micah and Geiping, Jonas and Goldstein, Tom},
  journal={arXiv preprint arXiv:2210.10750},
  year={2022}
}

@inproceedings{long2020pragmatic,
  title={A pragmatic approach to membership inferences on machine learning models},
  author={Long, Yunhui and Wang, Lei and Bu, Diyue and Bindschaedler, Vincent and Wang, Xiaofeng and Tang, Haixu and Gunter, Carl A and Chen, Kai},
  booktitle={2020 IEEE European Symposium on Security and Privacy (EuroS\&P)},
  pages={521--534},
  year={2020},
  organization={IEEE}
}

@inproceedings{ramakrishna2022inferring,
  title={Inferring Class-Label Distribution in Federated Learning},
  author={Ramakrishna, Raksha and D{\'a}n, Gy{\"o}rgy},
  booktitle={Proceedings of the 15th ACM Workshop on Artificial Intelligence and Security},
  pages={45--56},
  year={2022}
}

@inproceedings{sui2020feded,
  title={Feded: Federated learning via ensemble distillation for medical relation extraction},
  author={Sui, Dianbo and Chen, Yubo and Zhao, Jun and Jia, Yantao and Xie, Yuantao and Sun, Weijian},
  booktitle={Proceedings of the 2020 conference on empirical methods in natural language processing (EMNLP)},
  pages={2118--2128},
  year={2020}
}

@inproceedings{jiang2024protecting,
  title={Protecting Label Distribution in Cross-Silo Federated Learning},
  author={Jiang, Yangfan and Luo, Xinjian and Wu, Yuncheng and Xiao, Xiaokui and Ooi, Beng Chin},
  booktitle={2024 IEEE Symposium on Security and Privacy (SP)},
  pages={113--113},
  year={2024},
  organization={IEEE Computer Society}
}

@article{paverd2014modelling,
  title={Modelling and automatically analysing privacy properties for honest-but-curious adversaries},
  author={Paverd, Andrew and Martin, Andrew and Brown, Ian},
  journal={Tech. Rep},
  year={2014}
}

@misc{acquire-valued-shoppers-challenge,
    author = {DMDave and Todd B and Will Cukierski},
    title = {Acquire Valued Shoppers Challenge},
    year = {2014},
    howpublished = {\url{https://kaggle.com/competitions/acquire-valued-shoppers-challenge}},
    note = {Kaggle}
}

@article{chen2023best,
  title={The best of both worlds: Accurate global and personalized models through federated learning with data-free hyper-knowledge distillation},
  author={Chen, Huancheng and Vikalo, Haris and others},
  journal={arXiv preprint arXiv:2301.08968},
  year={2023}
}

@inproceedings{shejwalkar2021membership,
  title={Membership privacy for machine learning models through knowledge transfer},
  author={Shejwalkar, Virat and Houmansadr, Amir},
  booktitle={Proceedings of the AAAI conference on artificial intelligence},
  volume={35},
  number={11},
  pages={9549--9557},
  year={2021}
}

@inproceedings{tang2022mitigating,
  title={Mitigating membership inference attacks by $\{$Self-Distillation$\}$ through a novel ensemble architecture},
  author={Tang, Xinyu and Mahloujifar, Saeed and Song, Liwei and Shejwalkar, Virat and Nasr, Milad and Houmansadr, Amir and Mittal, Prateek},
  booktitle={31st USENIX Security Symposium (USENIX Security 22)},
  pages={1433--1450},
  year={2022}
}

@article{chen2023overconfidence,
  title={Overconfidence is a dangerous thing: Mitigating membership inference attacks by enforcing less confident prediction},
  author={Chen, Zitao and Pattabiraman, Karthik},
  journal={arXiv preprint arXiv:2307.01610},
  year={2023}
}