@article{aliberti2019multi,
  title={A multi-patient data-driven approach to blood glucose prediction},
  author={Aliberti, Alessandro and Pupillo, Irene and Terna, Stefano and Macii, Enrico and Di Cataldo, Santa and Patti, Edoardo and Acquaviva, Andrea},
  journal={IEEE Access},
  volume={7},
  pages={69311--69325},
  year={2019},
  publisher={IEEE}
}

@inproceedings{arefeen2022forewarning,
  title={Forewarning postprandial hyperglycemia with interpretations using machine learning},
  author={Arefeen, Asiful and Fessler, Samantha and Johnston, Carol and Ghasemzadeh, Hassan},
  booktitle={2022 IEEE-EMBS International Conference on Wearable and Implantable Body Sensor Networks (BSN)},
  pages={1--4},
  year={2022},
  organization={IEEE}
}

@book{billings2013nonlinear,
  title={Nonlinear system identification: NARMAX methods in the time, frequency, and spatio-temporal domains},
  author={Billings, Stephen A},
  year={2013},
  publisher={John Wiley \& Sons}
}

@article{butt2023feature,
  title={Feature transformation for efficient blood glucose prediction in type 1 diabetes mellitus patients},
  author={Butt, Hatim and Khosa, Ikramullah and Iftikhar, Muhammad Aksam},
  journal={Diagnostics},
  volume={13},
  number={3},
  pages={340},
  year={2023},
  publisher={MDPI}
}

@article{hochreiter1997long,
  title={Long short-term memory},
  author={Hochreiter, Sepp and Schmidhuber, J{\"u}rgen},
  journal={Neural computation},
  volume={9},
  number={8},
  pages={1735--1780},
  year={1997},
  publisher={MIT press}
}

@inproceedings{keren2016convolutional,
  title={Convolutional RNN: an enhanced model for extracting features from sequential data},
  author={Keren, Gil and Schuller, Bj{\"o}rn},
  booktitle={2016 International Joint Conference on Neural Networks (IJCNN)},
  pages={3412--3419},
  year={2016},
  organization={IEEE}
}

@article{li2019convolutional,
  title={Convolutional recurrent neural networks for glucose prediction},
  author={Li, Kezhi and Daniels, John and Liu, Chengyuan and Herrero, Pau and Georgiou, Pantelis},
  journal={IEEE journal of biomedical and health informatics},
  volume={24},
  number={2},
  pages={603--613},
  year={2019},
  publisher={IEEE}
}

@article{li2021survey,
  title={A survey of convolutional neural networks: analysis, applications, and prospects},
  author={Li, Zewen and Liu, Fan and Yang, Wenjie and Peng, Shouheng and Zhou, Jun},
  journal={IEEE transactions on neural networks and learning systems},
  volume={33},
  number={12},
  pages={6999--7019},
  year={2021},
  publisher={IEEE}
}

@article{marigliano2024glucose,
  title={Glucose sensor with predictive alarm for hypoglycaemia: Improved glycaemic control in adolescents with type 1 diabetes},
  author={Marigliano, Marco and Piona, Claudia and Mancioppi, Valentina and Morotti, Elisa and Morandi, Anita and Maffeis, Claudio},
  journal={Diabetes, Obesity and Metabolism},
  volume={26},
  number={4},
  pages={1314--1320},
  year={2024},
  publisher={Wiley Online Library}
}

@article{medsker2001recurrent,
  title={Recurrent neural networks},
  author={Medsker, Larry R and Jain, Lakhmi and others},
  journal={Design and Applications},
  volume={5},
  number={64-67},
  pages={2},
  year={2001}
}

@inproceedings{shroff2023glucoseassist,
  title={GlucoseAssist: Personalized Blood Glucose Level Predictions and Early Dysglycemia Detection},
  author={Shroff, Prisha and Arefeen, Asiful and Ghasemzadeh, Hassan},
  booktitle={2023 IEEE 19th International Conference on Body Sensor Networks (BSN)},
  pages={1--4},
  year={2023},
  organization={IEEE}
}

@inproceedings{sun2018predicting,
  title={Predicting blood glucose with an lstm and bi-lstm based deep neural network},
  author={Sun, Qingnan and Jankovic, Marko V and Bally, Lia and Mougiakakou, Stavroula G},
  booktitle={2018 14th symposium on neural networks and applications (NEUREL)},
  pages={1--5},
  year={2018},
  organization={IEEE}
}

@article{vettoretti2020advanced,
  title={Advanced diabetes management using artificial intelligence and continuous glucose monitoring sensors},
  author={Vettoretti, Martina and Cappon, Giacomo and Facchinetti, Andrea and Sparacino, Giovanni},
  journal={Sensors},
  volume={20},
  number={14},
  pages={3870},
  year={2020},
  publisher={MDPI}
}

@article{zhang2021deep,
  title={Deep learning and regression approaches to forecasting blood glucose levels for type 1 diabetes},
  author={Zhang, Meng and Flores, Kevin B and Tran, Hien T},
  journal={Biomedical Signal Processing and Control},
  volume={69},
  pages={102923},
  year={2021},
  publisher={Elsevier}
}

@article{zhu2022personalized,
  title={Personalized blood glucose prediction for type 1 diabetes using evidential deep learning and meta-learning},
  author={Zhu, Taiyu and Li, Kezhi and Herrero, Pau and Georgiou, Pantelis},
  journal={IEEE Transactions on Biomedical Engineering},
  volume={70},
  number={1},
  pages={193--204},
  year={2022},
  publisher={IEEE}
}

