# ------------------------------- Type 1 Diabetes -------------------------------
@article{atkinson2014type,
  title={Type 1 diabetes},
  author={Atkinson, Mark A and Eisenbarth, George S and Michels, Aaron W},
  journal={The lancet},
  volume={383},
  number={9911},
  pages={69--82},
  year={2014},
  publisher={Elsevier}
}

@article{diabetes2005intensive,
  title={Intensive diabetes treatment and cardiovascular disease in patients with type 1 diabetes},
  author={Diabetes Control and Complications Trial/Epidemiology of Diabetes Interventions and Complications (DCCT/EDIC) Study Research Group},
  journal={New England Journal of Medicine},
  volume={353},
  number={25},
  pages={2643--2653},
  year={2005},
  publisher={Mass Medical Soc}
}

@article{karvonen2000incidence,
  title={Incidence of childhood type 1 diabetes worldwide. Diabetes Mondiale (DiaMond) Project Group.},
  author={Karvonen, Marjatta and Viik-Kajander, Maarit and Moltchanova, Elena and Libman, Ingrid and LaPorte, RONALD and Tuomilehto, Jaakko},
  journal={Diabetes care},
  volume={23},
  number={10},
  pages={1516--1526},
  year={2000},
  publisher={Am Diabetes Assoc}
}

@article{guo2022growing,
  title={Growing global burden of type 1 diabetes needs multitiered precision public health interventions},
  author={Guo, Serena Jingchuan and Shao, Hui},
  journal={The Lancet Diabetes \& Endocrinology},
  volume={10},
  number={10},
  pages={688--689},
  year={2022},
  publisher={Elsevier}
}

# ------------------------------- Self-Monitoring of Blood Glucose -------------------------------
@article{american20165,
  title={5. Glycemic targets},
  author={American Diabetes Association},
  journal={Diabetes care},
  volume={39},
  number={Supplement\_1},
  pages={S39--S46},
  year={2016},
  publisher={American Diabetes Association}
}

@article{pan2007self,
  title={Self-Monitoring of Blood Glucose Among Adults with Diabetes--United States, 1997-2006.},
  author={Pan, L and Mukhtar, Q and Geiss, LS},
  journal={MMWR: Morbidity \& Mortality Weekly Report},
  volume={56},
  number={43},
  year={2007}
}

@article{knapp2016self,
  title={Self-monitoring of blood glucose: Advice for providers and patients.},
  author={Knapp, S and Manroa, P and Doshi, K},
  journal={Cleveland Clinic Journal of Medicine},
  volume={83},
  number={5},
  pages={355--360},
  year={2016}
}

@article{care20196,
  title={6. Glycemic targets: standards of medical care in diabetes—2019},
  author={Care, Diabetes},
  journal={Diabetes Care},
  volume={42},
  number={Supplement 1},
  pages={S61--70},
  year={2019}
}

# ------------------------------- Continuous Glucose Monitoring -------------------------------
@article{desalvo2013continuous,
  title={Continuous glucose monitoring: current use and future directions},
  author={DeSalvo, Daniel and Buckingham, Bruce},
  journal={Current diabetes reports},
  volume={13},
  pages={657--662},
  year={2013},
  publisher={Springer}
}

@article{basu2014time,
  title={Time lag of glucose from intravascular to interstitial compartment in type 1 diabetes},
  author={Basu, Ananda and Dube, Simmi and Veettil, Sona and Slama, Michael and Kudva, Yogish C and Peyser, Thomas and Carter, Rickey E and Cobelli, Claudio and Basu, Rita},
  journal={Journal of diabetes science and technology},
  volume={9},
  number={1},
  pages={63--68},
  year={2014},
  publisher={SAGE Publications Sage CA: Los Angeles, CA}
}

@article{nielsen2005continuous,
  title={Continuous glucose monitoring in interstitial subcutaneous adipose tissue and skeletal muscle reflects excursions in cerebral cortex},
  author={Nielsen, Jannik Kruse and Djurhuus, Christian Born and Gravholt, Claus H{\o}jbjerg and Carus, Andreas Christiansen and Granild-Jensen, Jacob and {\O}rskov, Hans and Christiansen, Jens Sandahl},
  journal={Diabetes},
  volume={54},
  number={6},
  pages={1635--1639},
  year={2005},
  publisher={Am Diabetes Assoc}
}

# ------------------------------- Hybrid Closed-Loop Systems -------------------------------
@article{templer2022closed,
  title={Closed-loop insulin delivery systems: past, present, and future directions},
  author={Templer, Sophie},
  journal={Frontiers in Endocrinology},
  volume={13},
  pages={919942},
  year={2022},
  publisher={Frontiers Media SA}
}

@article{tauschmann2018closed,
  title={Closed-loop insulin delivery in suboptimally controlled type 1 diabetes: a multicentre, 12-week randomised trial},
  author={Tauschmann, Martin and Thabit, Hood and Bally, Lia and Allen, Janet M and Hartnell, Sara and Wilinska, Malgorzata E and Ruan, Yue and Sibayan, Judy and Kollman, Craig and Cheng, Peiyao and others},
  journal={The Lancet},
  volume={392},
  number={10155},
  pages={1321--1329},
  year={2018},
  publisher={Elsevier}
}

# ------------------------------- Automated Insulin Delivery Systems -------------------------------
@article{sherr2022automated,
  title={Automated insulin delivery: benefits, challenges, and recommendations. A Consensus Report of the Joint Diabetes Technology Working Group of the European Association for the Study of Diabetes and the American Diabetes Association},
  author={Sherr, Jennifer L and Heinemann, Lutz and Fleming, G Alexander and Bergenstal, Richard M and Bruttomesso, Daniela and Hanaire, H{\'e}l{\`e}ne and Holl, Reinhard W and Petrie, John R and Peters, Anne L and Evans, Mark},
  journal={Diabetes Care},
  volume={45},
  number={12},
  pages={3058--3074},
  year={2022},
  publisher={Am Diabetes Assoc}
}

@article{renard2023safety,
  title={Safety and efficacy of sustained automated insulin delivery compared with sensor and pump therapy in adults with type 1 diabetes at high risk for hypoglycemia: a randomized controlled trial},
  author={Renard, Eric and Joubert, Michael and Villard, Orianne and Dreves, Bleuenn and Reznik, Yves and Farret, Anne and Place, Jerome and Breton, Marc D and Kovatchev, Boris P and iDCL Trial Research Group},
  journal={Diabetes Care},
  volume={46},
  number={12},
  pages={2180--2187},
  year={2023},
  publisher={Am Diabetes Assoc}
}

@article{lum2021real,
  title={A real-world prospective study of the safety and effectiveness of the loop open source automated insulin delivery system},
  author={Lum, John W and Bailey, Ryan J and Barnes-Lomen, Victoria and Naranjo, Diana and Hood, Korey K and Lal, Rayhan A and Arbiter, Brandon and Brown, Adam S and DeSalvo, Daniel J and Pettus, Jeremy and others},
  journal={Diabetes technology \& therapeutics},
  volume={23},
  number={5},
  pages={367--375},
  year={2021},
  publisher={Mary Ann Liebert, Inc., publishers 140 Huguenot Street, 3rd Floor New~…}
}

@article{limbert2024automated,
  title={Automated Insulin Delivery: A Milestone on the Road to Insulin Independence in Type 1 Diabetes},
  author={Limbert, Catarina and Kowalski, Aaron J and Danne, Thomas PA},
  journal={Diabetes Care},
  volume={47},
  number={6},
  pages={918--920},
  year={2024},
  publisher={Am Diabetes Assoc}
}

@article{chico2024hybrid,
  title={The hybrid closed-loop system Tandem t: slim X2™ with control-IQ technology: expert recommendations for better management and optimization},
  author={Chico, Ana and Moreno-Fern{\'a}ndez, Jes{\'u}s and Fern{\'a}ndez-Garc{\'\i}a, Diego and Sol{\'a}, Eva},
  journal={Diabetes Therapy},
  volume={15},
  number={1},
  pages={281--295},
  year={2024},
  publisher={Springer}
}

@article{beck2023meta,
  title={A meta-analysis of randomized trial outcomes for the t: slim X2 insulin pump with control-IQ technology in youth and adults from age 2 to 72},
  author={Beck, Roy W and Kanapka, Lauren G and Breton, Marc D and Brown, Sue A and Wadwa, R Paul and Buckingham, Bruce A and Kollman, Craig and Kovatchev, Boris},
  journal={Diabetes Technology \& Therapeutics},
  volume={25},
  number={5},
  pages={329--342},
  year={2023},
  publisher={Mary Ann Liebert, Inc., publishers 140 Huguenot Street, 3rd Floor New~…}
}

# ------------------------------- Last Paragraph of Introduction -------------------------------
@article{oviedo2017review,
  title={A review of personalized blood glucose prediction strategies for T1DM patients},
  author={Oviedo, Silvia and Veh{\'\i}, Josep and Calm, Remei and Armengol, Joaquim},
  journal={International journal for numerical methods in biomedical engineering},
  volume={33},
  number={6},
  pages={e2833},
  year={2017},
  publisher={Wiley Online Library}
}

@inproceedings{zhu2018deep,
  title={A Deep Learning Algorithm for Personalized Blood Glucose Prediction.},
  author={Zhu, Taiyu and Li, Kezhi and Herrero, Pau and Chen, Jianwei and Georgiou, Pantelis},
  booktitle={KDH@ IJCAI},
  pages={64--78},
  year={2018}
}

@article{parkes2000new,
  title={A new consensus error grid to evaluate the clinical significance of inaccuracies in the measurement of blood glucose.},
  author={Parkes, Joan L and Slatin, Stephen L and Pardo, Scott and Ginsberg, Barry H},
  journal={Diabetes care},
  volume={23},
  number={8},
  pages={1143--1148},
  year={2000},
  publisher={Am Diabetes Assoc}
}

@article{pratley2020effect,
  title={Effect of continuous glucose monitoring on hypoglycemia in older adults with type 1 diabetes: a randomized clinical trial},
  author={Pratley, Richard E and Kanapka, Lauren G and Rickels, Michael R and Ahmann, Andrew and Aleppo, Grazia and Beck, Roy and Bhargava, Anuj and Bode, Bruce W and Carlson, Anders and Chaytor, Naomi S and others},
  journal={Jama},
  volume={323},
  number={23},
  pages={2397--2406},
  year={2020},
  publisher={American Medical Association}
}

@article{american20216,
  title={6. Glycemic targets: standards of medical care in diabetes—2021},
  author={American Diabetes Association},
  journal={Diabetes care},
  volume={44},
  number={Supplement\_1},
  pages={S73--S84},
  year={2021},
  publisher={Am Diabetes Assoc}
}

# ------------------------------- Related Works -------------------------------
@article{marigliano2024glucose,
  title={Glucose sensor with predictive alarm for hypoglycaemia: Improved glycaemic control in adolescents with type 1 diabetes},
  author={Marigliano, Marco and Piona, Claudia and Mancioppi, Valentina and Morotti, Elisa and Morandi, Anita and Maffeis, Claudio},
  journal={Diabetes, Obesity and Metabolism},
  volume={26},
  number={4},
  pages={1314--1320},
  year={2024},
  publisher={Wiley Online Library}
}

@article{vettoretti2020advanced,
  title={Advanced diabetes management using artificial intelligence and continuous glucose monitoring sensors},
  author={Vettoretti, Martina and Cappon, Giacomo and Facchinetti, Andrea and Sparacino, Giovanni},
  journal={Sensors},
  volume={20},
  number={14},
  pages={3870},
  year={2020},
  publisher={MDPI}
}

@inproceedings{shroff2023glucoseassist,
  title={GlucoseAssist: Personalized Blood Glucose Level Predictions and Early Dysglycemia Detection},
  author={Shroff, Prisha and Arefeen, Asiful and Ghasemzadeh, Hassan},
  booktitle={2023 IEEE 19th International Conference on Body Sensor Networks (BSN)},
  pages={1--4},
  year={2023},
  organization={IEEE}
}

@inproceedings{arefeen2022forewarning,
  title={Forewarning postprandial hyperglycemia with interpretations using machine learning},
  author={Arefeen, Asiful and Fessler, Samantha and Johnston, Carol and Ghasemzadeh, Hassan},
  booktitle={2022 IEEE-EMBS International Conference on Wearable and Implantable Body Sensor Networks (BSN)},
  pages={1--4},
  year={2022},
  organization={IEEE}
}

@inproceedings{sun2018predicting,
  title={Predicting blood glucose with an lstm and bi-lstm based deep neural network},
  author={Sun, Qingnan and Jankovic, Marko V and Bally, Lia and Mougiakakou, Stavroula G},
  booktitle={2018 14th symposium on neural networks and applications (NEUREL)},
  pages={1--5},
  year={2018},
  organization={IEEE}
}

@article{zhu2022personalized,
  title={Personalized blood glucose prediction for type 1 diabetes using evidential deep learning and meta-learning},
  author={Zhu, Taiyu and Li, Kezhi and Herrero, Pau and Georgiou, Pantelis},
  journal={IEEE Transactions on Biomedical Engineering},
  volume={70},
  number={1},
  pages={193--204},
  year={2022},
  publisher={IEEE}
}

@article{li2019convolutional,
  title={Convolutional recurrent neural networks for glucose prediction},
  author={Li, Kezhi and Daniels, John and Liu, Chengyuan and Herrero, Pau and Georgiou, Pantelis},
  journal={IEEE journal of biomedical and health informatics},
  volume={24},
  number={2},
  pages={603--613},
  year={2019},
  publisher={IEEE}
}

@article{li2021survey,
  title={A survey of convolutional neural networks: analysis, applications, and prospects},
  author={Li, Zewen and Liu, Fan and Yang, Wenjie and Peng, Shouheng and Zhou, Jun},
  journal={IEEE transactions on neural networks and learning systems},
  volume={33},
  number={12},
  pages={6999--7019},
  year={2021},
  publisher={IEEE}
}

@article{medsker2001recurrent,
  title={Recurrent neural networks},
  author={Medsker, Larry R and Jain, Lakhmi and others},
  journal={Design and Applications},
  volume={5},
  number={64-67},
  pages={2},
  year={2001}
}

@inproceedings{keren2016convolutional,
  title={Convolutional RNN: an enhanced model for extracting features from sequential data},
  author={Keren, Gil and Schuller, Bj{\"o}rn},
  booktitle={2016 International Joint Conference on Neural Networks (IJCNN)},
  pages={3412--3419},
  year={2016},
  organization={IEEE}
}

@article{hochreiter1997long,
  title={Long short-term memory},
  author={Hochreiter, Sepp and Schmidhuber, J{\"u}rgen},
  journal={Neural computation},
  volume={9},
  number={8},
  pages={1735--1780},
  year={1997},
  publisher={MIT press}
}

@article{aliberti2019multi,
  title={A multi-patient data-driven approach to blood glucose prediction},
  author={Aliberti, Alessandro and Pupillo, Irene and Terna, Stefano and Macii, Enrico and Di Cataldo, Santa and Patti, Edoardo and Acquaviva, Andrea},
  journal={IEEE Access},
  volume={7},
  pages={69311--69325},
  year={2019},
  publisher={IEEE}
}

@book{billings2013nonlinear,
  title={Nonlinear system identification: NARMAX methods in the time, frequency, and spatio-temporal domains},
  author={Billings, Stephen A},
  year={2013},
  publisher={John Wiley \& Sons}
}

@article{butt2023feature,
  title={Feature transformation for efficient blood glucose prediction in type 1 diabetes mellitus patients},
  author={Butt, Hatim and Khosa, Ikramullah and Iftikhar, Muhammad Aksam},
  journal={Diagnostics},
  volume={13},
  number={3},
  pages={340},
  year={2023},
  publisher={MDPI}
}

@article{zhang2021deep,
  title={Deep learning and regression approaches to forecasting blood glucose levels for type 1 diabetes},
  author={Zhang, Meng and Flores, Kevin B and Tran, Hien T},
  journal={Biomedical Signal Processing and Control},
  volume={69},
  pages={102923},
  year={2021},
  publisher={Elsevier}
}

# ------------------------------- Mehodology -------------------------------
@article{lu2020cnn,
  title={A CNN-LSTM-based model to forecast stock prices},
  author={Lu, Wenjie and Li, Jiazheng and Li, Yifan and Sun, Aijun and Wang, Jingyang},
  journal={Complexity},
  volume={2020},
  number={1},
  pages={6622927},
  year={2020},
  publisher={Wiley Online Library}
}

@article{alhussein2020hybrid,
  title={Hybrid CNN-LSTM model for short-term individual household load forecasting},
  author={Alhussein, Musaed and Aurangzeb, Khursheed and Haider, Syed Irtaza},
  journal={Ieee Access},
  volume={8},
  pages={180544--180557},
  year={2020},
  publisher={IEEE}
}

@article{wu2021ultra,
  title={Ultra-short-term multi-step wind power forecasting based on CNN-LSTM},
  author={Wu, Qianyu and Guan, Fei and Lv, Chen and Huang, Yongzhang},
  journal={IET Renewable Power Generation},
  volume={15},
  number={5},
  pages={1019--1029},
  year={2021},
  publisher={Wiley Online Library}
}

@article{srivastava2014dropout,
  title={Dropout: a simple way to prevent neural networks from overfitting},
  author={Srivastava, Nitish and Hinton, Geoffrey and Krizhevsky, Alex and Sutskever, Ilya and Salakhutdinov, Ruslan},
  journal={The journal of machine learning research},
  volume={15},
  number={1},
  pages={1929--1958},
  year={2014},
  publisher={JMLR. org}
}

@article{jaloli2023long,
  title={Long-term prediction of blood glucose levels in type 1 diabetes using a cnn-lstm-based deep neural network},
  author={Jaloli, Mehrad and Cescon, Marzia},
  journal={Journal of diabetes science and technology},
  volume={17},
  number={6},
  pages={1590--1601},
  year={2023},
  publisher={SAGE Publications Sage CA: Los Angeles, CA}
}

@article{woldaregay2019data,
  title={Data-driven modeling and prediction of blood glucose dynamics: Machine learning applications in type 1 diabetes},
  author={Woldaregay, Ashenafi Zebene and {\AA}rsand, Eirik and Walderhaug, St{\aa}le and Albers, David and Mamykina, Lena and Botsis, Taxiarchis and Hartvigsen, Gunnar},
  journal={Artificial intelligence in medicine},
  volume={98},
  pages={109--134},
  year={2019},
  publisher={Elsevier}
}

@book{mitchell1998introduction,
  title={An introduction to genetic algorithms},
  author={Mitchell, Melanie},
  year={1998},
  publisher={MIT press}
}

@article{jin2005comprehensive,
  title={A comprehensive survey of fitness approximation in evolutionary computation},
  author={Jin, Yaochu},
  journal={Soft computing},
  volume={9},
  number={1},
  pages={3--12},
  year={2005},
  publisher={Springer}
}

@article{khamesian2024hybrid,
  title={Hybrid self-attention NEAT: a novel evolutionary self-attention approach to improve the NEAT algorithm in high dimensional inputs},
  author={Khamesian, Saman and Malek, Hamed},
  journal={Evolving Systems},
  volume={15},
  number={2},
  pages={489--503},
  year={2024},
  publisher={Springer}
}

# ------------------------------- Data -------------------------------
@inproceedings{marling2020ohiot1dm,
  title={The OhioT1DM dataset for blood glucose level prediction: Update 2020},
  author={Marling, Cindy and Bunescu, Razvan},
  booktitle={CEUR workshop proceedings},
  volume={2675},
  pages={71},
  year={2020},
  organization={NIH Public Access}
}

@book{zheng2018feature,
  title={Feature engineering for machine learning: principles and techniques for data scientists},
  author={Zheng, Alice and Casari, Amanda},
  year={2018},
  publisher={" O'Reilly Media, Inc."}
}

@book{brockwell2002introduction,
  title={Introduction to time series and forecasting},
  author={Brockwell, Peter J and Davis, Richard A},
  year={2002},
  publisher={Springer}
}

@inproceedings{mirshekarian2019lstms,
  title={LSTMs and neural attention models for blood glucose prediction: Comparative experiments on real and synthetic data},
  author={Mirshekarian, Sadegh and Shen, Hui and Bunescu, Razvan and Marling, Cindy},
  booktitle={2019 41st annual international conference of the IEEE engineering in medicine and biology society (EMBC)},
  pages={706--712},
  year={2019},
  organization={IEEE}
}

# ------------------------------- Model Configuration -------------------------------

@inproceedings{el2020deep,
  title={Deep learning for blood glucose prediction: Cnn vs lstm},
  author={El Idrissi, Touria and Idri, Ali},
  booktitle={Computational Science and Its Applications--ICCSA 2020: 20th International Conference, Cagliari, Italy, July 1--4, 2020, Proceedings, Part II 20},
  pages={379--393},
  year={2020},
  organization={Springer}
}

@article{dylag2023machine,
  title={Machine Learning based prediction of Glucose Levels in Type 1 Diabetes Patients with the use of Continuous Glucose Monitoring Data},
  author={Dylag, Jakub J},
  journal={arXiv preprint arXiv:2302.12856},
  year={2023}
}

# ------------------------------- Evaluation Metrics -------------------------------

@article{del2012glucose,
  title={A glucose-specific metric to assess predictors and identify models},
  author={Del Favero, Simone and Facchinetti, Andrea and Cobelli, Claudio},
  journal={IEEE transactions on biomedical engineering},
  volume={59},
  number={5},
  pages={1281--1290},
  year={2012},
  publisher={IEEE}
}

@article{clarke1987evaluating,
  title={Evaluating clinical accuracy of systems for self-monitoring of blood glucose},
  author={Clarke, William L and Cox, Daniel and Gonder-Frederick, Linda A and Carter, William and Pohl, Stephen L},
  journal={Diabetes care},
  volume={10},
  number={5},
  pages={622--628},
  year={1987},
  publisher={Am Diabetes Assoc}
}

# ------------------------------- Results -------------------------------
@inproceedings{georga2012predictive,
  title={A predictive model of subcutaneous glucose concentration in type 1 diabetes based on random forests},
  author={Georga, Eleni I and Protopappas, Vasilios C and Polyzos, Demosthenes and Fotiadis, Dimitrios I},
  booktitle={2012 Annual International Conference of the IEEE Engineering in Medicine and Biology Society},
  pages={2889--2892},
  year={2012},
  organization={IEEE}
}

@article{georga2012multivariate,
  title={Multivariate prediction of subcutaneous glucose concentration in type 1 diabetes patients based on support vector regression},
  author={Georga, Eleni I and Protopappas, Vasilios C and Ardigo, Diego and Marina, Michela and Zavaroni, Ivana and Polyzos, Demosthenes and Fotiadis, Dimitrios I},
  journal={IEEE journal of biomedical and health informatics},
  volume={17},
  number={1},
  pages={71--81},
  year={2012},
  publisher={IEEE}
}

@inproceedings{plis2014machine,
  title={A machine learning approach to predicting blood glucose levels for diabetes management},
  author={Plis, Kevin and Bunescu, Razvan and Marling, Cindy and Shubrook, Jay and Schwartz, Frank},
  booktitle={Workshops at the Twenty-Eighth AAAI conference on artificial intelligence},
  year={2014}
}

@inproceedings{yang2020html,
  title={Html: Hierarchical transformer-based multi-task learning for volatility prediction},
  author={Yang, Linyi and Ng, Tin Lok James and Smyth, Barry and Dong, Riuhai},
  booktitle={Proceedings of The Web Conference 2020},
  pages={441--451},
  year={2020}
}

@article{annuzzi2023exploring,
  title={Exploring nutritional influence on blood glucose forecasting for Type 1 diabetes using explainable AI},
  author={Annuzzi, Giovanni and Apicella, Andrea and Arpaia, Pasquale and Bozzetto, Lutgarda and Criscuolo, Sabatina and De Benedetto, Egidio and Pesola, Marisa and Prevete, Roberto},
  journal={IEEE journal of biomedical and health informatics},
  year={2023},
  publisher={IEEE}
}