@article{dupont2022data,
  title={From data to functa: Your data point is a function and you can treat it like one},
  author={Dupont, Emilien and Kim, Hyunjik and Eslami, SM and Rezende, Danilo and Rosenbaum, Dan},
  journal={arXiv preprint arXiv:2201.12204},
  year={2022}
}

@incollection{eilertsen2020classifying,
  title={Classifying the classifier: dissecting the weight space of neural networks},
  author={Eilertsen, Gabriel and J{\"o}nsson, Daniel and Ropinski, Timo and Unger, Jonas and Ynnerman, Anders},
  booktitle={ECAI 2020},
  pages={1119--1126},
  year={2020},
  publisher={IOS Press}
}

@article{peebles2022learning,
  title={Learning to learn with generative models of neural network checkpoints},
  author={Peebles, William and Radosavovic, Ilija and Brooks, Tim and Efros, Alexei A and Malik, Jitendra},
  journal={arXiv preprint arXiv:2209.12892},
  year={2022}
}

@article{sitzmann2020implicit,
  title={Implicit neural representations with periodic activation functions},
  author={Sitzmann, Vincent and Martel, Julien and Bergman, Alexander and Lindell, David and Wetzstein, Gordon},
  journal={Advances in neural information processing systems},
  volume={33},
  pages={7462--7473},
  year={2020}
}

@article{unterthiner2020predicting,
  title={Predicting neural network accuracy from weights},
  author={Unterthiner, Thomas and Keysers, Daniel and Gelly, Sylvain and Bousquet, Olivier and Tolstikhin, Ilya},
  journal={arXiv preprint arXiv:2002.11448},
  year={2020}
}

