@article{sitzmann2020implicit,
  title={Implicit neural representations with periodic activation functions},
  author={Sitzmann, Vincent and Martel, Julien and Bergman, Alexander and Lindell, David and Wetzstein, Gordon},
  journal={Advances in neural information processing systems},
  volume={33},
  pages={7462--7473},
  year={2020}
}
@article{wang2021nerf,
  title={NeRF--: Neural radiance fields without known camera parameters},
  author={Wang, Zirui and Wu, Shangzhe and Xie, Weidi and Chen, Min and Prisacariu, Victor Adrian},
  journal={arXiv preprint arXiv:2102.07064},
  year={2021}
}
@article{dupont2022data,
  title={From data to functa: Your data point is a function and you can treat it like one},
  author={Dupont, Emilien and Kim, Hyunjik and Eslami, SM and Rezende, Danilo and Rosenbaum, Dan},
  journal={arXiv preprint arXiv:2201.12204},
  year={2022}
}
@article{lee2021meta,
  title={Meta-learning sparse implicit neural representations},
  author={Lee, Jaeho and Tack, Jihoon and Lee, Namhoon and Shin, Jinwoo},
  journal={Advances in Neural Information Processing Systems},
  volume={34},
  pages={11769--11780},
  year={2021}
}
@inproceedings{chen2022transformers,
  title={Transformers as meta-learners for implicit neural representations},
  author={Chen, Yinbo and Wang, Xiaolong},
  booktitle={European Conference on Computer Vision},
  pages={170--187},
  year={2022},
  organization={Springer}
}
@article{zhou2024neural,
  title={Neural functional transformers},
  author={Zhou, Allan and Yang, Kaien and Jiang, Yiding and Burns, Kaylee and Xu, Winnie and Sokota, Samuel and Kolter, J Zico and Finn, Chelsea},
  journal={Advances in Neural Information Processing Systems},
  volume={36},
  year={2024}
}
@article{grefenstette2019generalized,
  title={Generalized Inner Loop Meta-Learning},
  author={Grefenstette, Edward and Amos, Brandon and Yarats, Denis and Htut, Phu Mon and Molchanov, Artem and Meier, Franziska and Kiela, Douwe and Cho, Kyunghyun and Chintala, Soumith},
  journal={arXiv preprint arXiv:1910.01727},
  year={2019}
}
@inproceedings{dong2020benchmarking,
  title={Benchmarking adversarial robustness on image classification},
  author={Dong, Yinpeng and Fu, Qi-An and Yang, Xiao and Pang, Tianyu and Su, Hang and Xiao, Zihao and Zhu, Jun},
  booktitle={proceedings of the IEEE/CVF conference on computer vision and pattern recognition},
  pages={321--331},
  year={2020}
}
@inproceedings{navon2023equivariant,
  title={Equivariant architectures for learning in deep weight spaces},
  author={Navon, Aviv and Shamsian, Aviv and Achituve, Idan and Fetaya, Ethan and Chechik, Gal and Maron, Haggai},
  booktitle={International Conference on Machine Learning},
  pages={25790--25816},
  year={2023},
  organization={PMLR}
}

@InProceedings{pmlr-v202-navon23a,
  title = 	 {Equivariant Architectures for Learning in Deep Weight Spaces},
  author =       {Navon, Aviv and Shamsian, Aviv and Achituve, Idan and Fetaya, Ethan and Chechik, Gal and Maron, Haggai},
  booktitle = 	 {Proceedings of the 40th International Conference on Machine Learning},
  pages = 	 {25790--25816},
  year = 	 {2023},
  editor = 	 {Krause, Andreas and Brunskill, Emma and Cho, Kyunghyun and Engelhardt, Barbara and Sabato, Sivan and Scarlett, Jonathan},
  volume = 	 {202},
  series = 	 {Proceedings of Machine Learning Research},
  month = 	 {23--29 Jul},
  publisher =    {PMLR},
  pdf = 	 {https://proceedings.mlr.press/v202/navon23a/navon23a.pdf},
  url = 	 {https://proceedings.mlr.press/v202/navon23a.html},
}
@article{xiao2017fashion,
  title={Fashion-mnist: a novel image dataset for benchmarking machine learning algorithms},
  author={Xiao, Han and Rasul, Kashif and Vollgraf, Roland},
  journal={arXiv preprint arXiv:1708.07747},
  year={2017}
}
@article{deng2012mnist,
  title={The mnist database of handwritten digit images for machine learning research [best of the web]},
  author={Deng, Li},
  journal={IEEE signal processing magazine},
  volume={29},
  number={6},
  pages={141--142},
  year={2012},
  publisher={IEEE}
}
@inproceedings{wu20153d,
  title={3d shapenets: A deep representation for volumetric shapes},
  author={Wu, Zhirong and Song, Shuran and Khosla, Aditya and Yu, Fisher and Zhang, Linguang and Tang, Xiaoou and Xiao, Jianxiong},
  booktitle={Proceedings of the IEEE conference on computer vision and pattern recognition},
  pages={1912--1920},
  year={2015}
}
@article{wong2020fast,
  title={Fast is better than free: Revisiting adversarial training},
  author={Wong, Eric and Rice, Leslie and Kolter, J Zico},
  journal={arXiv preprint arXiv:2001.03994},
  year={2020}
}
@inproceedings{jiang2020local,
  title={Local implicit grid representations for 3d scenes},
  author={Jiang, Chiyu and Sud, Avneesh and Makadia, Ameesh and Huang, Jingwei and Nie{\ss}ner, Matthias and Funkhouser, Thomas and others},
  booktitle={Proceedings of the IEEE/CVF Conference on Computer Vision and Pattern Recognition},
  pages={6001--6010},
  year={2020}
}
@inproceedings{molaei2023implicit,
  title={Implicit neural representation in medical imaging: A comparative survey},
  author={Molaei, Amirali and Aminimehr, Amirhossein and Tavakoli, Armin and Kazerouni, Amirhossein and Azad, Bobby and Azad, Reza and Merhof, Dorit},
  booktitle={Proceedings of the IEEE/CVF International Conference on Computer Vision},
  pages={2381--2391},
  year={2023}
}
@inproceedings{niemeyer2020differentiable,
  title={Differentiable volumetric rendering: Learning implicit 3d representations without 3d supervision},
  author={Niemeyer, Michael and Mescheder, Lars and Oechsle, Michael and Geiger, Andreas},
  booktitle={Proceedings of the IEEE/CVF conference on computer vision and pattern recognition},
  pages={3504--3515},
  year={2020}
}
@article{xu2022d3advm,
  title={D3AdvM: A direct 3D adversarial sample attack inside mesh data},
  author={Xu, Huangxinxin and He, Fazhi and Fan, Linkun and Bai, Junwei},
  journal={Computer Aided Geometric Design},
  volume={97},
  pages={102122},
  year={2022},
  publisher={Elsevier}
}
@inproceedings{liu2019extending,
  title={Extending adversarial attacks and defenses to deep 3d point cloud classifiers},
  author={Liu, Daniel and Yu, Ronald and Su, Hao},
  booktitle={2019 IEEE International Conference on Image Processing (ICIP)},
  pages={2279--2283},
  year={2019},
  organization={IEEE}
}
@article{iliadis2020deepbinarymask,
  title={Deepbinarymask: Learning a binary mask for video compressive sensing},
  author={Iliadis, Michael and Spinoulas, Leonidas and Katsaggelos, Aggelos K},
  journal={Digital Signal Processing},
  volume={96},
  pages={102591},
  year={2020},
  publisher={Elsevier}
}
@article{liu2019point,
  title={Point-voxel cnn for efficient 3d deep learning},
  author={Liu, Zhijian and Tang, Haotian and Lin, Yujun and Han, Song},
  journal={Advances in neural information processing systems},
  volume={32},
  year={2019}
}
@software{trimesh,
	author = {{Dawson-Haggerty et al.}},
	title = {trimesh},
	url = {https://trimesh.org/},
	version = {3.2.0},
	date = {2019-12-8},
}
@article{ingle2021adversarial,
  title={Adversarial Deep Learning Attacksâ€”A Review},
  author={Ingle, Ganesh B and Kulkarni, Milind V},
  journal={Information and Communication Technology for Competitive Strategies (ICTCS 2020) Intelligent Strategies for ICT},
  pages={311--323},
  year={2021},
  publisher={Springer}
}
@article{romano2020adversarial,
  title={Adversarial noise attacks of deep learning architectures: Stability analysis via sparse-modeled signals},
  author={Romano, Yaniv and Aberdam, Aviad and Sulam, Jeremias and Elad, Michael},
  journal={Journal of Mathematical Imaging and Vision},
  volume={62},
  pages={313--327},
  year={2020},
  publisher={Springer}
}
@article{unterthiner2020predicting,
  title={Predicting neural network accuracy from weights},
  author={Unterthiner, Thomas and Keysers, Daniel and Gelly, Sylvain and Bousquet, Olivier and Tolstikhin, Ilya},
  journal={arXiv preprint arXiv:2002.11448},
  year={2020}
}
@incollection{eilertsen2020classifying,
  title={Classifying the classifier: dissecting the weight space of neural networks},
  author={Eilertsen, Gabriel and J{\"o}nsson, Daniel and Ropinski, Timo and Unger, Jonas and Ynnerman, Anders},
  booktitle={ECAI 2020},
  pages={1119--1126},
  year={2020},
  publisher={IOS Press}
}
@article{peebles2022learning,
  title={Learning to learn with generative models of neural network checkpoints},
  author={Peebles, William and Radosavovic, Ilija and Brooks, Tim and Efros, Alexei A and Malik, Jitendra},
  journal={arXiv preprint arXiv:2209.12892},
  year={2022}
}
@article{navon2020auxiliary,
  title={Auxiliary learning by implicit differentiation},
  author={Navon, Aviv and Achituve, Idan and Maron, Haggai and Chechik, Gal and Fetaya, Ethan},
  journal={arXiv preprint arXiv:2007.02693},
  year={2020}
}
@article{dosovitskiy2020image,
  title={An image is worth 16x16 words: Transformers for image recognition at scale},
  author={Dosovitskiy, Alexey},
  journal={arXiv preprint arXiv:2010.11929},
  year={2020}
}
@article{han2022survey,
  title={A survey on vision transformer},
  author={Han, Kai and Wang, Yunhe and Chen, Hanting and Chen, Xinghao and Guo, Jianyuan and Liu, Zhenhua and Tang, Yehui and Xiao, An and Xu, Chunjing and Xu, Yixing and others},
  journal={IEEE transactions on pattern analysis and machine intelligence},
  volume={45},
  number={1},
  pages={87--110},
  year={2022},
  publisher={IEEE}
}
@article{goodfellow2014explaining,
  title={Explaining and harnessing adversarial examples},
  author={Goodfellow, Ian J},
  journal={arXiv preprint arXiv:1412.6572},
  year={2014}
}
@article{haleta2021multitask,
  title={Multitask adversarial attack with dispersion amplification},
  author={Haleta, Pavlo and Likhomanov, Dmytro and Sokol, Oleksandra},
  journal={EURASIP Journal on Information Security},
  volume={2021},
  number={1},
  pages={10},
  year={2021},
  publisher={Springer}
}
@misc{rw2019timm,
  author = {Ross Wightman},
  title = {PyTorch Image Models},
  year = {2019},
  publisher = {GitHub},
  journal = {GitHub repository},
  doi = {10.5281/zenodo.4414861},
  howpublished = {\url{https://github.com/rwightman/pytorch-image-models}}
}