@article{BigVGAN,
  title        = {{BigVGAN}: A universal neural vocoder with large-scale training},
  author       = {Lee, Sang-gil and Ping, Wei and Ginsburg, Boris and Catanzaro, Bryan and Yoon, Sungroh},
  journal      = {arXiv preprint arXiv:2206.04658},
  year         = {2022},
  doi          = {10.48550/arXiv.2206.04658},
  url          = {https://doi.org/10.48550/arXiv.2206.04658}
}

@article{DAC,
  title        = {High-fidelity audio compression with improved {RVQGAN}},
  author       = {Kumar, Rithesh and Seetharaman, Prem and Luebs, Alejandro and Kumar, Ishaan and Kumar, Kundan},
  journal      = {Advances in Neural Information Processing Systems},
  volume       = {36},
  year         = {2024},
  doi          = {},
  url          = {https://proceedings.neurips.cc/paper_files/paper/2023/file/58d0e78cf042af5876e12661087bea12-Paper-Conference.pdf}
}

@article{EnCodec,
  title        = {High fidelity neural audio compression},
  author       = {D{\'e}fossez, Alexandre and Copet, Jade and Synnaeve, Gabriel and Adi, Yossi},
  journal      = {arXiv preprint arXiv:2210.13438},
  year         = {2022},
  doi          = {10.48550/arXiv.2210.13438},
  url          = {https://doi.org/10.48550/arXiv.2210.13438}
}

@article{HiFiGAN,
  title        = {{HiFi-GAN}: Generative adversarial networks for efficient and high fidelity speech synthesis},
  author       = {Kong, Jungil and Kim, Jaehyeon and Bae, Jaekyoung},
  journal      = {Advances in neural information processing systems},
  volume       = {33},
  pages        = {17022--17033},
  year         = {2020},
  doi          = {},
  url          = {https://proceedings.neurips.cc/paper_files/paper/2020/file/c5d736809766d46260d816d8dbc9eb44-Paper.pdf}
}

@article{griffin1984signal,
  title={Signal estimation from modified short-time Fourier transform},
  author={Griffin, Daniel and Lim, Jae},
  journal={IEEE Transactions on acoustics, speech, and signal processing},
  volume={32},
  number={2},
  pages={236--243},
  year={1984},
  publisher={IEEE}
}

@article{kumar2019melgan,
  title={{MelGAN}: Generative adversarial networks for conditional waveform synthesis},
  author={Kumar, Kundan and Kumar, Rithesh and De Boissiere, Thibault and Gestin, Lucas and Teoh, Wei Zhen and Sotelo, Jose and De Brebisson, Alexandre and Bengio, Yoshua and Courville, Aaron C},
  journal={Advances in neural information processing systems},
  volume={32},
  year={2019}
}

@article{wang2017tacotron,
  title={Tacotron: Towards end-to-end speech synthesis},
  author={Wang, Yuxuan and Skerry-Ryan, RJ and Stanton, Daisy and Wu, Yonghui and Weiss, Ron J and Jaitly, Navdeep and Yang, Zongheng and Xiao, Ying and Chen, Zhifeng and Bengio, Samy and others},
  journal={arXiv preprint arXiv:1703.10135},
  year={2017}
}

@article{zeghidour2021soundstream,
  title={{SoundStream}: An end-to-end neural audio codec},
  author={Zeghidour, Neil and Luebs, Alejandro and Omran, Ahmed and Skoglund, Jan and Tagliasacchi, Marco},
  journal={IEEE/ACM Transactions on Audio, Speech, and Language Processing},
  volume={30},
  pages={495--507},
  year={2021},
  publisher={IEEE}
}

