@inproceedings{WangWHWFC19,
  author       = {Xiang Wang and
                  Xiangnan He and
                  Meng Wang and
                  Fuli Feng and
                  Tat{-}Seng Chua},
  title        = {Neural Graph Collaborative Filtering},
  booktitle    = {Proceedings of the 42nd International {ACM} {SIGIR} Conference on
                  Research and Development in Information Retrieval, {SIGIR} 2019, Paris,
                  France, July 21-25, 2019},
  pages        = {165--174},
  publisher    = {{ACM}},
  year         = {2019},
  doi          = {10.1145/3331184.3331267},
  timestamp    = {Sun, 25 Oct 2020 23:04:02 +0100},
  biburl       = {https://dblp.org/rec/conf/sigir/Wang0WFC19.bib},
  bibsource    = {dblp computer science bibliography, https://dblp.org}
}

@inproceedings{AgarwalA06,
  author       = {Shivani Agarwal},
  title        = {Ranking on graph data},
  booktitle    = {Machine Learning, Proceedings of the Twenty-Third International Conference
                  {(ICML} 2006), Pittsburgh, Pennsylvania, USA, June 25-29, 2006},
  series       = {{ACM} International Conference Proceeding Series},
  volume       = {148},
  pages        = {25--32},
  publisher    = {{ACM}},
  year         = {2006},
  doi          = {10.1145/1143844.1143848},
  timestamp    = {Tue, 19 Nov 2019 09:25:06 +0100},
  biburl       = {https://dblp.org/rec/conf/icml/Agarwal06.bib},
  bibsource    = {dblp computer science bibliography, https://dblp.org}
}

@inproceedings{ZhouZBLWS03,
  author       = {Dengyong Zhou and
                  Olivier Bousquet and
                  Thomas Navin Lal and
                  Jason Weston and
                  Bernhard Sch{\"{o}}lkopf},
  title        = {Learning with Local and Global Consistency},
  booktitle    = {Advances in Neural Information Processing Systems 16 [Neural Information
                  Processing Systems, {NIPS} 2003, December 8-13, 2003, Vancouver and
                  Whistler, British Columbia, Canada]},
  pages        = {321--328},
  publisher    = {{MIT} Press},
  year         = {2003},
  timestamp    = {Mon, 16 May 2022 15:41:51 +0200},
  biburl       = {https://dblp.org/rec/conf/nips/ZhouBLWS03.bib},
  bibsource    = {dblp computer science bibliography, https://dblp.org}
}

@inproceedings{GoriGP07,
  author       = {Marco Gori and
                  Augusto Pucci},
  title        = {ItemRank: {A} Random-Walk Based Scoring Algorithm for Recommender
                  Engines},
  booktitle    = {{IJCAI} 2007, Proceedings of the 20th International Joint Conference
                  on Artificial Intelligence, Hyderabad, India, January 6-12, 2007},
  pages        = {2766--2771},
  year         = {2007},
  timestamp    = {Tue, 20 Aug 2019 16:17:22 +0200},
  biburl       = {https://dblp.org/rec/conf/ijcai/GoriP07.bib},
  bibsource    = {dblp computer science bibliography, https://dblp.org}
}

@inproceedings{NikolakopoulosNK19,
  author       = {Athanasios N. Nikolakopoulos and
                  George Karypis},
  title        = {RecWalk: Nearly Uncoupled Random Walks for Top-N Recommendation},
  booktitle    = {Proceedings of the Twelfth {ACM} International Conference on Web Search
                  and Data Mining, {WSDM} 2019, Melbourne, VIC, Australia, February
                  11-15, 2019},
  pages        = {150--158},
  publisher    = {{ACM}},
  year         = {2019},
  doi          = {10.1145/3289600.3291016},
  timestamp    = {Thu, 14 Oct 2021 09:49:09 +0200},
  biburl       = {https://dblp.org/rec/conf/wsdm/NikolakopoulosK19.bib},
  bibsource    = {dblp computer science bibliography, https://dblp.org}
}

@inproceedings{DengDLK09kqpg,
  author       = {Hongbo Deng and
                  Michael R. Lyu and
                  Irwin King},
  title        = {A generalized Co-HITS algorithm and its application to bipartite graphs},
  booktitle    = {Proceedings of the 15th {ACM} {SIGKDD} International Conference on
                  Knowledge Discovery and Data Mining, Paris, France, June 28 - July
                  1, 2009},
  pages        = {239--248},
  publisher    = {{ACM}},
  year         = {2009},
  doi          = {10.1145/1557019.1557051},
  timestamp    = {Mon, 26 Jun 2023 20:40:36 +0200},
  biburl       = {https://dblp.org/rec/conf/kdd/DengLK09.bib},
  bibsource    = {dblp computer science bibliography, https://dblp.org}
}

@inproceedings{LeeLKSJ24xxaw,
  author       = {Seunghan Lee and
                  Geonwoo Ko and
                  Hyun{-}Je Song and
                  Jinhong Jung},
  title        = {MuLe: Multi-Grained Graph Learning for Multi-Behavior Recommendation},
  booktitle    = {Proceedings of the 33rd {ACM} International Conference on Information
                  and Knowledge Management, {CIKM} 2024, Boise, ID, USA, October 21-25,
                  2024},
  pages        = {1163--1173},
  publisher    = {{ACM}},
  year         = {2024},
  doi          = {10.1145/3627673.3679709},
  timestamp    = {Sat, 30 Nov 2024 21:10:24 +0100},
  biburl       = {https://dblp.org/rec/conf/cikm/LeeKSJ24.bib},
  bibsource    = {dblp computer science bibliography, https://dblp.org}
}

@inproceedings{TangTLCA16,
  author       = {Liang Tang and
                  Bo Long and
                  Bee{-}Chung Chen and
                  Deepak Agarwal},
  title        = {An Empirical Study on Recommendation with Multiple Types of Feedback},
  booktitle    = {Proceedings of the 22nd {ACM} {SIGKDD} International Conference on
                  Knowledge Discovery and Data Mining, San Francisco, CA, USA, August
                  13-17, 2016},
  pages        = {283--292},
  publisher    = {{ACM}},
  year         = {2016},
  doi          = {10.1145/2939672.2939690},
  timestamp    = {Tue, 06 Nov 2018 16:59:37 +0100},
  biburl       = {https://dblp.org/rec/conf/kdd/TangLCA16.bib},
  bibsource    = {dblp computer science bibliography, https://dblp.org}
}

@inproceedings{Krohn-GrimbergheKDFS12,
  author       = {Artus Krohn{-}Grimberghe and
                  Lucas Drumond and
                  Christoph Freudenthaler and
                  Lars Schmidt{-}Thieme},
  title        = {Multi-relational matrix factorization using bayesian personalized
                  ranking for social network data},
  booktitle    = {Proceedings of the Fifth International Conference on Web Search and
                  Web Data Mining, {WSDM} 2012, Seattle, WA, USA, February 8-12, 2012},
  pages        = {173--182},
  publisher    = {{ACM}},
  year         = {2012},
  doi          = {10.1145/2124295.2124317},
  timestamp    = {Sun, 02 Jun 2019 21:11:33 +0200},
  biburl       = {https://dblp.org/rec/conf/wsdm/Krohn-GrimbergheDFS12.bib},
  bibsource    = {dblp computer science bibliography, https://dblp.org}
}

@inproceedings{HaveliwalaH02,
  author       = {Taher H. Haveliwala},
  title        = {Topic-sensitive PageRank},
  booktitle    = {Proceedings of the Eleventh International World Wide Web Conference,
                  {WWW} 2002, May 7-11, 2002, Honolulu, Hawaii, {USA}},
  pages        = {517--526},
  publisher    = {{ACM}},
  year         = {2002},
  doi          = {10.1145/511446.511513},
  timestamp    = {Tue, 06 Nov 2018 16:57:09 +0100},
  biburl       = {https://dblp.org/rec/conf/www/Haveliwala02.bib},
  bibsource    = {dblp computer science bibliography, https://dblp.org}
}

@ARTICLE{CowenCIRS17,
  title     = "Network propagation: a universal amplifier of genetic
               associations",
  author    = "Cowen, Lenore and Ideker, Trey and Raphael, Benjamin J and
               Sharan, Roded",
  journal   = "Nature reviews. Genetics",
  publisher = "Nature Publishing Group",
  volume    =  18,
  number    =  9,
  pages     = "551--562",
  year      =  2017,
  doi       = "10.1038/nrg.2017.38",
  language  = "en"
}

@inproceedings{KleinbergK99,
  author       = {Jon M. Kleinberg},
  title        = {Authoritative Sources in a Hyperlinked Environment},
  booktitle    = {Proceedings of the Ninth Annual {ACM-SIAM} Symposium on Discrete Algorithms,
                  25-27 January 1998, San Francisco, California, {USA}},
  pages        = {668--677},
  publisher    = {{ACM/SIAM}},
  year         = {1998},
  timestamp    = {Thu, 05 Jul 2018 07:29:49 +0200},
  biburl       = {https://dblp.org/rec/conf/soda/Kleinberg98.bib},
  bibsource    = {dblp computer science bibliography, https://dblp.org}
}

@inproceedings{PanPYFD04,
  author       = {Jia{-}Yu Pan and
                  Hyung{-}Jeong Yang and
                  Christos Faloutsos and
                  Pinar Duygulu},
  title        = {Automatic multimedia cross-modal correlation discovery},
  booktitle    = {Proceedings of the Tenth {ACM} {SIGKDD} International Conference on
                  Knowledge Discovery and Data Mining, Seattle, Washington, USA, August
                  22-25, 2004},
  pages        = {653--658},
  publisher    = {{ACM}},
  year         = {2004},
  doi          = {10.1145/1014052.1014135},
  timestamp    = {Sun, 02 Jun 2019 21:11:53 +0200},
  biburl       = {https://dblp.org/rec/conf/kdd/PanYFD04.bib},
  bibsource    = {dblp computer science bibliography, https://dblp.org}
}
@techreport{BrinB98,
  title={The PageRank citation ranking: Bringing order to the web},
  author={Page, Lawrence},
  year={1999},
  institution={Technical Report}
}

@article{MaMGZ08,
  author       = {Nan Ma and
                  Jiancheng Guan and
                  Yi Zhao},
  title        = {Bringing PageRank to the citation analysis},
  journal      = {Inf. Process. Manag.},
  volume       = {44},
  number       = {2},
  pages        = {800--810},
  year         = {2008},
  doi          = {10.1016/J.IPM.2007.06.006},
  timestamp    = {Fri, 21 Feb 2020 13:10:35 +0100},
  biburl       = {https://dblp.org/rec/journals/ipm/MaGZ08.bib},
  bibsource    = {dblp computer science bibliography, https://dblp.org}
}

@article{ValdeolivasVTNPOLCRB19,
  author       = {Alberto Valdeolivas and
                  Laurent Tichit and
                  Claire Navarro and
                  Sophie Perrin and
                  Ga{\"{e}}lle Odelin and
                  Nicolas Levy and
                  Pierre Cau and
                  Elisabeth Remy and
                  Ana{\"{\i}}s Baudot},
  title        = {Random walk with restart on multiplex and heterogeneous biological
                  networks},
  journal      = {Bioinform.},
  volume       = {35},
  number       = {3},
  pages        = {497--505},
  year         = {2019},
  doi          = {10.1093/BIOINFORMATICS/BTY637},
  timestamp    = {Mon, 26 Oct 2020 08:30:07 +0100},
  biburl       = {https://dblp.org/rec/journals/bioinformatics/ValdeolivasTNPO19.bib},
  bibsource    = {dblp computer science bibliography, https://dblp.org}
}

@article{HeHGKW17,
  author       = {Xiangnan He and
                  Ming Gao and
                  Min{-}Yen Kan and
                  Dingxian Wang},
  title        = {BiRank: Towards Ranking on Bipartite Graphs},
  journal      = {{IEEE} Trans. Knowl. Data Eng.},
  volume       = {29},
  number       = {1},
  pages        = {57--71},
  year         = {2017},
  doi          = {10.1109/TKDE.2016.2611584},
  timestamp    = {Wed, 14 Nov 2018 10:17:28 +0100},
  biburl       = {https://dblp.org/rec/journals/tkde/HeGKW17.bib},
  bibsource    = {dblp computer science bibliography, https://dblp.org}
}


@inproceedings{ParkPJK17,
  author       = {Haekyu Park and
                  Jinhong Jung and
                  U Kang},
  title        = {A comparative study of matrix factorization and random walk with restart
                  in recommender systems},
  booktitle    = {2017 {IEEE} International Conference on Big Data {(IEEE} BigData 2017),
                  Boston, MA, USA, December 11-14, 2017},
  pages        = {756--765},
  publisher    = {{IEEE} Computer Society},
  year         = {2017},
  doi          = {10.1109/BIGDATA.2017.8257991},
  timestamp    = {Fri, 19 Nov 2021 16:08:20 +0100},
  biburl       = {https://dblp.org/rec/conf/bigdataconf/ParkJK17.bib},
  bibsource    = {dblp computer science bibliography, https://dblp.org}
}

@inproceedings{LiLCYLLD24,
  author       = {Haojie Li and
                  Zhiyong Cheng and
                  Xu Yu and
                  Jinhuan Liu and
                  Guanfeng Liu and
                  Junwei Du},
  title        = {Behavior Pattern Mining-based Multi-Behavior Recommendation},
  booktitle    = {Proceedings of the 47th International {ACM} {SIGIR} Conference on
                  Research and Development in Information Retrieval, {SIGIR} 2024, Washington
                  DC, USA, July 14-18, 2024},
  pages        = {2291--2295},
  publisher    = {{ACM}},
  year         = {2024},
  doi          = {10.1145/3626772.3657973},
  timestamp    = {Sun, 06 Oct 2024 21:14:16 +0200},
  biburl       = {https://dblp.org/rec/conf/sigir/Li0YLLD24.bib},
  bibsource    = {dblp computer science bibliography, https://dblp.org}
}

@inproceedings{GaoGHGCFLCJ19,
  author       = {Chen Gao and
                  Xiangnan He and
                  Dahua Gan and
                  Xiangning Chen and
                  Fuli Feng and
                  Yong Li and
                  Tat{-}Seng Chua and
                  Depeng Jin},
  title        = {Neural Multi-task Recommendation from Multi-behavior Data},
  booktitle    = {35th {IEEE} International Conference on Data Engineering, {ICDE} 2019,
                  Macao, China, April 8-11, 2019},
  pages        = {1554--1557},
  publisher    = {{IEEE}},
  year         = {2019},
  doi          = {10.1109/ICDE.2019.00140},
  timestamp    = {Sat, 03 Aug 2024 16:25:26 +0200},
  biburl       = {https://dblp.org/rec/conf/icde/Gao0GCFLCJ19.bib},
  bibsource    = {dblp computer science bibliography, https://dblp.org}
}

@inproceedings{ChengCHLZGP23fqvn,
  author       = {Zhiyong Cheng and
                  Sai Han and
                  Fan Liu and
                  Lei Zhu and
                  Zan Gao and
                  Yuxin Peng},
  title        = {Multi-Behavior Recommendation with Cascading Graph Convolution Networks},
  booktitle    = {Proceedings of the {ACM} Web Conference 2023, {WWW} 2023, Austin,
                  TX, USA, 30 April 2023 - 4 May 2023},
  pages        = {1181--1189},
  publisher    = {{ACM}},
  year         = {2023},
  doi          = {10.1145/3543507.3583439},
  timestamp    = {Mon, 28 Aug 2023 21:17:10 +0200},
  biburl       = {https://dblp.org/rec/conf/www/ChengHLZGP23.bib},
  bibsource    = {dblp computer science bibliography, https://dblp.org}
}

@inproceedings{MengMZYZL23,
  author       = {Chang Meng and
                  Chenhao Zhai and
                  Yu Yang and
                  Hengyu Zhang and
                  Xiu Li},
  title        = {Parallel Knowledge Enhancement based Framework for Multi-behavior
                  Recommendation},
  booktitle    = {Proceedings of the 32nd {ACM} International Conference on Information
                  and Knowledge Management, {CIKM} 2023, Birmingham, United Kingdom,
                  October 21-25, 2023},
  pages        = {1797--1806},
  publisher    = {{ACM}},
  year         = {2023},
  doi          = {10.1145/3583780.3615004},
  timestamp    = {Sun, 04 Aug 2024 20:51:03 +0200},
  biburl       = {https://dblp.org/rec/conf/cikm/MengZYZL23.bib},
  bibsource    = {dblp computer science bibliography, https://dblp.org}
}

@article{YanYCSSP23,
  author       = {Mingshi Yan and
                  Zhiyong Cheng and
                  Jing Sun and
                  Fuming Sun and
                  Yuxin Peng},
  title        = {{MB-HGCN:} {A} Hierarchical Graph Convolutional Network for Multi-behavior
                  Recommendation},
  journal      = {CoRR},
  volume       = {abs/2306.10679},
  year         = {2023},
  doi          = {10.48550/ARXIV.2306.10679},
  eprinttype    = {arXiv},
  eprint       = {2306.10679},
  timestamp    = {Fri, 28 Jul 2023 07:38:14 +0200},
  biburl       = {https://dblp.org/rec/journals/corr/abs-2306-10679.bib},
  bibsource    = {dblp computer science bibliography, https://dblp.org}
}

@inproceedings{ChenCZZMLM20,
  author       = {Chong Chen and
                  Min Zhang and
                  Yongfeng Zhang and
                  Weizhi Ma and
                  Yiqun Liu and
                  Shaoping Ma},
  title        = {Efficient Heterogeneous Collaborative Filtering without Negative Sampling
                  for Recommendation},
  booktitle    = {The Thirty-Fourth {AAAI} Conference on Artificial Intelligence, {AAAI}
                  2020, The Thirty-Second Innovative Applications of Artificial Intelligence
                  Conference, {IAAI} 2020, The Tenth {AAAI} Symposium on Educational
                  Advances in Artificial Intelligence, {EAAI} 2020, New York, NY, USA,
                  February 7-12, 2020},
  pages        = {19--26},
  publisher    = {{AAAI} Press},
  year         = {2020},
  doi          = {10.1609/AAAI.V34I01.5329},
  timestamp    = {Mon, 04 Sep 2023 16:50:23 +0200},
  biburl       = {https://dblp.org/rec/conf/aaai/ChenZZMLM20.bib},
  bibsource    = {dblp computer science bibliography, https://dblp.org}
}

@inproceedings{JinJGHJL20,
  author       = {Bowen Jin and
                  Chen Gao and
                  Xiangnan He and
                  Depeng Jin and
                  Yong Li},
  title        = {Multi-behavior Recommendation with Graph Convolutional Networks},
  booktitle    = {Proceedings of the 43rd International {ACM} {SIGIR} conference on
                  research and development in Information Retrieval, {SIGIR} 2020, Virtual
                  Event, China, July 25-30, 2020},
  pages        = {659--668},
  publisher    = {{ACM}},
  year         = {2020},
  doi          = {10.1145/3397271.3401072},
  timestamp    = {Sat, 03 Aug 2024 16:25:26 +0200},
  biburl       = {https://dblp.org/rec/conf/sigir/JinG0JL20.bib},
  bibsource    = {dblp computer science bibliography, https://dblp.org}
}

@inproceedings{JungJJSK16,
  author       = {Jinhong Jung and
                  Woojeong Jin and
                  Lee Sael and
                  U Kang},
  title        = {Personalized Ranking in Signed Networks Using Signed Random Walk with
                  Restart},
  booktitle    = {{IEEE} 16th International Conference on Data Mining, {ICDM} 2016,
                  December 12-15, 2016, Barcelona, Spain},
  pages        = {973--978},
  publisher    = {{IEEE} Computer Society},
  year         = {2016},
  doi          = {10.1109/ICDM.2016.0122},
  timestamp    = {Wed, 06 Nov 2024 15:46:12 +0100},
  biburl       = {https://dblp.org/rec/conf/icdm/JungJSK16.bib},
  bibsource    = {dblp computer science bibliography, https://dblp.org}
}

@inproceedings{HeHDWLZW20,
  author       = {Xiangnan He and
                  Kuan Deng and
                  Xiang Wang and
                  Yan Li and
                  Yong{-}Dong Zhang and
                  Meng Wang},
  title        = {LightGCN: Simplifying and Powering Graph Convolution Network for Recommendation},
  booktitle    = {Proceedings of the 43rd International {ACM} {SIGIR} conference on
                  research and development in Information Retrieval, {SIGIR} 2020, Virtual
                  Event, China, July 25-30, 2020},
  pages        = {639--648},
  publisher    = {{ACM}},
  year         = {2020},
  doi          = {10.1145/3397271.3401063},
  timestamp    = {Sun, 02 Oct 2022 16:15:14 +0200},
  biburl       = {https://dblp.org/rec/conf/sigir/0001DWLZ020.bib},
  bibsource    = {dblp computer science bibliography, https://dblp.org}
}


@inproceedings{LeeLJ22,
  author       = {Jong{-}whi Lee and
                  Jinhong Jung},
  title        = {Time-Aware Random Walk Diffusion to Improve Dynamic Graph Learning},
  booktitle    = {Thirty-Seventh {AAAI} Conference on Artificial Intelligence, {AAAI}
                  2023, Thirty-Fifth Conference on Innovative Applications of Artificial
                  Intelligence, {IAAI} 2023, Thirteenth Symposium on Educational Advances
                  in Artificial Intelligence, {EAAI} 2023, Washington, DC, USA, February
                  7-14, 2023},
  pages        = {8473--8481},
  publisher    = {{AAAI} Press},
  year         = {2023},
  doi          = {10.1609/AAAI.V37I7.26021},
  timestamp    = {Mon, 04 Sep 2023 16:50:25 +0200},
  biburl       = {https://dblp.org/rec/conf/aaai/LeeJ23.bib},
  bibsource    = {dblp computer science bibliography, https://dblp.org}
}

@inproceedings{KipfKW16,
  author       = {Thomas N. Kipf and
                  Max Welling},
  title        = {Semi-Supervised Classification with Graph Convolutional Networks},
  booktitle    = {5th International Conference on Learning Representations, {ICLR} 2017,
                  Toulon, France, April 24-26, 2017, Conference Track Proceedings},
  publisher    = {OpenReview.net},
  year         = {2017},
  timestamp    = {Thu, 25 Jul 2019 14:25:55 +0200},
  biburl       = {https://dblp.org/rec/conf/iclr/KipfW17.bib},
  bibsource    = {dblp computer science bibliography, https://dblp.org}
}


@inproceedings{RendleRFGS12,
  author       = {Steffen Rendle and
                  Christoph Freudenthaler and
                  Zeno Gantner and
                  Lars Schmidt{-}Thieme},
  title        = {{BPR:} Bayesian Personalized Ranking from Implicit Feedback},
  booktitle    = {{UAI} 2009, Proceedings of the Twenty-Fifth Conference on Uncertainty
                  in Artificial Intelligence, Montreal, QC, Canada, June 18-21, 2009},
  pages        = {452--461},
  publisher    = {{AUAI} Press},
  year         = {2009},
  timestamp    = {Tue, 25 Oct 2022 12:03:45 +0200},
  biburl       = {https://dblp.org/rec/conf/uai/RendleFGS09.bib},
  bibsource    = {dblp computer science bibliography, https://dblp.org}
}

@inproceedings{LoniPLH16,
  author       = {Babak Loni and
                  Roberto Pagano and
                  Martha A. Larson and
                  Alan Hanjalic},
  title        = {Bayesian Personalized Ranking with Multi-Channel User Feedback},
  booktitle    = {Proceedings of the 10th {ACM} Conference on Recommender Systems, Boston,
                  MA, USA, September 15-19, 2016},
  pages        = {361--364},
  publisher    = {{ACM}},
  year         = {2016},
  doi          = {10.1145/2959100.2959163},
  timestamp    = {Fri, 09 Apr 2021 18:54:45 +0200},
  biburl       = {https://dblp.org/rec/conf/recsys/LoniPLH16.bib},
  bibsource    = {dblp computer science bibliography, https://dblp.org}
}

@article{KorenBV09,
  author       = {Yehuda Koren and
                  Robert M. Bell and
                  Chris Volinsky},
  title        = {Matrix Factorization Techniques for Recommender Systems},
  journal      = {Computer},
  volume       = {42},
  number       = {8},
  pages        = {30--37},
  year         = {2009},
  doi          = {10.1109/MC.2009.263},
  timestamp    = {Wed, 12 Aug 2020 10:29:35 +0200},
  biburl       = {https://dblp.org/rec/journals/computer/KorenBV09.bib},
  bibsource    = {dblp computer science bibliography, https://dblp.org}
}

@inproceedings{SchaferFHS07,
  author       = {J. Ben Schafer and
                  Dan Frankowski and
                  Jonathan L. Herlocker and
                  Shilad Sen},
  title        = {Collaborative Filtering Recommender Systems},
  booktitle    = {The Adaptive Web, Methods and Strategies of Web Personalization},
  series       = {Lecture Notes in Computer Science},
  volume       = {4321},
  pages        = {291--324},
  publisher    = {Springer},
  year         = {2007},
  doi          = {10.1007/978-3-540-72079-9\_9},
  timestamp    = {Sat, 09 Apr 2022 12:47:56 +0200},
  biburl       = {https://dblp.org/rec/conf/adaptive/SchaferFHS07.bib},
  bibsource    = {dblp computer science bibliography, https://dblp.org}
}


@inproceedings{TianJ13,
  author       = {Geng Tian and
                  Liping Jing},
  title        = {Recommending scientific articles using bi-relational graph-based iterative
                  {RWR}},
  booktitle    = {Seventh {ACM} Conference on Recommender Systems, RecSys '13, Hong
                  Kong, China, October 12-16, 2013},
  pages        = {399--402},
  publisher    = {{ACM}},
  year         = {2013},
  doi          = {10.1145/2507157.2507212},
  timestamp    = {Tue, 06 Nov 2018 11:07:03 +0100},
  biburl       = {https://dblp.org/rec/conf/recsys/TianJ13.bib},
  bibsource    = {dblp computer science bibliography, https://dblp.org}
}

@inproceedings{MengZGGLZZTLZ23,
  author       = {Chang Meng and
                  Hengyu Zhang and
                  Wei Guo and
                  Huifeng Guo and
                  Haotian Liu and
                  Yingxue Zhang and
                  Hongkun Zheng and
                  Ruiming Tang and
                  Xiu Li and
                  Rui Zhang},
  title        = {Hierarchical Projection Enhanced Multi-behavior Recommendation},
  booktitle    = {Proceedings of the 29th {ACM} {SIGKDD} Conference on Knowledge Discovery
                  and Data Mining, {KDD} 2023, Long Beach, CA, USA, August 6-10, 2023},
  pages        = {4649--4660},
  publisher    = {{ACM}},
  year         = {2023},
  doi          = {10.1145/3580305.3599838},
  timestamp    = {Tue, 07 Nov 2023 15:17:56 +0100},
  biburl       = {https://dblp.org/rec/conf/kdd/MengZGGLZZTLZ23.bib},
  bibsource    = {dblp computer science bibliography, https://dblp.org}
}

@inproceedings{LiuGJ20,
  author       = {Meng Liu and
                  Hongyang Gao and
                  Shuiwang Ji},
  title        = {Towards Deeper Graph Neural Networks},
  booktitle    = {{KDD} '20: The 26th {ACM} {SIGKDD} Conference on Knowledge Discovery
                  and Data Mining, Virtual Event, CA, USA, August 23-27, 2020},
  pages        = {338--348},
  publisher    = {{ACM}},
  year         = {2020},
  doi          = {10.1145/3394486.3403076},
  timestamp    = {Thu, 08 Aug 2024 15:05:27 +0200},
  biburl       = {https://dblp.org/rec/conf/kdd/LiuGJ20.bib},
  bibsource    = {dblp computer science bibliography, https://dblp.org}
}

@inproceedings{XiaHSX23,
  author       = {Lianghao Xia and
                  Chao Huang and
                  Jiao Shi and
                  Yong Xu},
  title        = {Graph-less Collaborative Filtering},
  booktitle    = {Proceedings of the {ACM} Web Conference 2023, {WWW} 2023, Austin,
                  TX, USA, 30 April 2023 - 4 May 2023},
  pages        = {17--27},
  publisher    = {{ACM}},
  year         = {2023},
  doi          = {10.1145/3543507.3583196},
  timestamp    = {Mon, 28 Aug 2023 21:17:10 +0200},
  biburl       = {https://dblp.org/rec/conf/www/XiaHSX23.bib},
  bibsource    = {dblp computer science bibliography, https://dblp.org}
}


@article{abs-2410-04830,
  author       = {Juno Prent and
                  Masoud Mansoury},
  title        = {Correcting for Popularity Bias in Recommender Systems via Item Loss
                  Equalization},
  journal      = {CoRR},
  volume       = {abs/2410.04830},
  year         = {2024},
  doi          = {10.48550/ARXIV.2410.04830},
  eprinttype    = {arXiv},
  eprint       = {2410.04830},
  timestamp    = {Tue, 12 Nov 2024 18:39:25 +0100},
  biburl       = {https://dblp.org/rec/journals/corr/abs-2410-04830.bib},
  bibsource    = {dblp computer science bibliography, https://dblp.org}
}

@article{YinCLYC12,
  author       = {Hongzhi Yin and
                  Bin Cui and
                  Jing Li and
                  Junjie Yao and
                  Chen Chen},
  title        = {Challenging the Long Tail Recommendation},
  journal      = {Proc. {VLDB} Endow.},
  volume       = {5},
  number       = {9},
  pages        = {896--907},
  year         = {2012},
  doi          = {10.14778/2311906.2311916},
  timestamp    = {Sat, 27 Jul 2024 13:40:52 +0200},
  biburl       = {https://dblp.org/rec/journals/pvldb/YinCLYC12.bib},
  bibsource    = {dblp computer science bibliography, https://dblp.org}
}

@inproceedings{LiuXWY00024,
  author       = {Dugang Liu and
                  Shenxian Xian and
                  Yuhao Wu and
                  Chaohua Yang and
                  Xing Tang and
                  Xiuqiang He and
                  Zhong Ming},
  editor       = {Grace Hui Yang and
                  Hongning Wang and
                  Sam Han and
                  Claudia Hauff and
                  Guido Zuccon and
                  Yi Zhang},
  title        = {AutoDCS: Automated Decision Chain Selection in Deep Recommender Systems},
  booktitle    = {Proceedings of the 47th International {ACM} {SIGIR} Conference on
                  Research and Development in Information Retrieval, {SIGIR} 2024, Washington
                  DC, USA, July 14-18, 2024},
  pages        = {956--965},
  publisher    = {{ACM}},
  year         = {2024},
  url          = {https://doi.org/10.1145/3626772.3657818},
  doi          = {10.1145/3626772.3657818},
  timestamp    = {Sun, 06 Oct 2024 21:14:16 +0200},
  biburl       = {https://dblp.org/rec/conf/sigir/LiuXWY00024.bib},
  bibsource    = {dblp computer science bibliography, https://dblp.org}
}

@inproceedings{LeeSKLL11,
  author       = {Sangkeun Lee and
                  Sang{-}il Song and
                  Minsuk Kahng and
                  Dongjoo Lee and
                  Sang{-}goo Lee},
  editor       = {Bamshad Mobasher and
                  Robin D. Burke and
                  Dietmar Jannach and
                  Gediminas Adomavicius},
  title        = {Random walk based entity ranking on graph for multidimensional recommendation},
  booktitle    = {Proceedings of the 2011 {ACM} Conference on Recommender Systems, RecSys
                  2011, Chicago, IL, USA, October 23-27, 2011},
  pages        = {93--100},
  publisher    = {{ACM}},
  year         = {2011},
  url          = {https://doi.org/10.1145/2043932.2043952},
  doi          = {10.1145/2043932.2043952},
  timestamp    = {Wed, 08 Feb 2023 22:11:05 +0100},
  biburl       = {https://dblp.org/rec/conf/recsys/LeeSKLL11.bib},
  bibsource    = {dblp computer science bibliography, https://dblp.org}
}

@inproceedings{ZhangBCSYGWHH24,
  author       = {Yijie Zhang and
                  Yuanchen Bei and
                  Hao Chen and
                  Qijie Shen and
                  Zheng Yuan and
                  Huan Gong and
                  Senzhang Wang and
                  Feiran Huang and
                  Xiao Huang},
  editor       = {Ricardo Baeza{-}Yates and
                  Francesco Bonchi},
  title        = {Multi-Behavior Collaborative Filtering with Partial Order Graph Convolutional
                  Networks},
  booktitle    = {Proceedings of the 30th {ACM} {SIGKDD} Conference on Knowledge Discovery
                  and Data Mining, {KDD} 2024, Barcelona, Spain, August 25-29, 2024},
  pages        = {6257--6268},
  publisher    = {{ACM}},
  year         = {2024},
  url          = {https://doi.org/10.1145/3637528.3671569},
  doi          = {10.1145/3637528.3671569},
  timestamp    = {Sun, 08 Sep 2024 16:05:57 +0200},
  biburl       = {https://dblp.org/rec/conf/kdd/ZhangBCSYGWHH24.bib},
  bibsource    = {dblp computer science bibliography, https://dblp.org}
}

@inproceedings{XueDZHC17,
  author       = {Hong{-}Jian Xue and
                  Xinyu Dai and
                  Jianbing Zhang and
                  Shujian Huang and
                  Jiajun Chen},
  editor       = {Carles Sierra},
  title        = {Deep Matrix Factorization Models for Recommender Systems},
  booktitle    = {Proceedings of the Twenty-Sixth International Joint Conference on
                  Artificial Intelligence, {IJCAI} 2017, Melbourne, Australia, August
                  19-25, 2017},
  pages        = {3203--3209},
  publisher    = {ijcai.org},
  year         = {2017},
  url          = {https://doi.org/10.24963/ijcai.2017/447},
  doi          = {10.24963/IJCAI.2017/447},
  timestamp    = {Wed, 10 Apr 2024 21:01:58 +0200},
  biburl       = {https://dblp.org/rec/conf/ijcai/XueDZHC17.bib},
  bibsource    = {dblp computer science bibliography, https://dblp.org}
}

@article{abs-2210-10629,
  author       = {Guanghu Yuan and
                  Fajie Yuan and
                  Yudong Li and
                  Beibei Kong and
                  Shujie Li and
                  Lei Chen and
                  Min Yang and
                  Chenyun Yu and
                  Bo Hu and
                  Zang Li and
                  Yu Xu and
                  Xiaohu Qie},
  title        = {Tenrec: {A} Large-scale Multipurpose Benchmark Dataset for Recommender
                  Systems},
  journal      = {CoRR},
  volume       = {abs/2210.10629},
  year         = {2022},
  url          = {https://doi.org/10.48550/arXiv.2210.10629},
  doi          = {10.48550/ARXIV.2210.10629},
  eprinttype    = {arXiv},
  eprint       = {2210.10629},
  timestamp    = {Mon, 16 Jan 2023 16:44:36 +0100},
  biburl       = {https://dblp.org/rec/journals/corr/abs-2210-10629.bib},
  bibsource    = {dblp computer science bibliography, https://dblp.org}
}

@article{YanCGSLSL24,
  author       = {Mingshi Yan and
                  Zhiyong Cheng and
                  Chen Gao and
                  Jing Sun and
                  Fan Liu and
                  Fuming Sun and
                  Haojie Li},
  title        = {Cascading Residual Graph Convolutional Network for Multi-Behavior
                  Recommendation},
  journal      = {{ACM} Trans. Inf. Syst.},
  volume       = {42},
  number       = {1},
  pages        = {10:1--10:26},
  year         = {2024},
  url          = {https://doi.org/10.1145/3587693},
  doi          = {10.1145/3587693},
  timestamp    = {Sat, 03 Aug 2024 16:25:29 +0200},
  biburl       = {https://dblp.org/rec/journals/tois/YanCGSLSL24.bib},
  bibsource    = {dblp computer science bibliography, https://dblp.org}
}

@article{Kleinberg99,
  author       = {Jon M. Kleinberg},
  title        = {Hubs, authorities, and communities},
  journal      = {{ACM} Comput. Surv.},
  volume       = {31},
  number       = {4es},
  pages        = {5},
  year         = {1999},
  url          = {https://doi.org/10.1145/345966.345982},
  doi          = {10.1145/345966.345982},
  timestamp    = {Wed, 16 Mar 2022 23:52:46 +0100},
  biburl       = {https://dblp.org/rec/journals/csur/Kleinberg99.bib},
  bibsource    = {dblp computer science bibliography, https://dblp.org}
}

% HEC-GCN은 dblp 아직 안올라가 있어 arxiv에서 가져왔습니다
@misc{yin2024hecgcn,
      title={HEC-GCN: Hypergraph Enhanced Cascading Graph Convolution Network for Multi-Behavior Recommendation}, 
      author={Yabo Yin and Xiaofei Zhu and Wenshan Wang and Yihao Zhang and Pengfei Wang and Yixing Fan and Jiafeng Guo},
      year={2024},
      eprint={2412.14476},
      archivePrefix={arXiv},
      primaryClass={cs.IR},
      url={https://arxiv.org/abs/2412.14476}, 
}

@book{golub1996matrix,
  title={Matrix Computations},
  author={Golub, Gene H. and Van Loan, Charles F.},
  year={1996},
  edition={3rd},
  publisher={Johns Hopkins University Press}
}

@inproceedings{ValizadeganJZM09,
  author       = {Hamed Valizadegan and
                  Rong Jin and
                  Ruofei Zhang and
                  Jianchang Mao},
  title        = {Learning to Rank by Optimizing {NDCG} Measure},
  booktitle    = {Advances in Neural Information Processing Systems 22: 23rd Annual
                  Conference on Neural Information Processing Systems 2009. Proceedings
                  of a meeting held 7-10 December 2009, Vancouver, British Columbia,
                  Canada},
  pages        = {1883--1891},
  publisher    = {Curran Associates, Inc.},
  year         = {2009},
  timestamp    = {Mon, 16 May 2022 15:41:51 +0200},
  biburl       = {https://dblp.org/rec/conf/nips/ValizadeganJZM09.bib},
  bibsource    = {dblp computer science bibliography, https://dblp.org}
}

@book{daglib,
  author       = {Timothy A. Davis},
  title        = {Direct methods for sparse linear systems},
  series       = {Fundamentals of algorithms},
  volume       = {2},
  publisher    = {{SIAM}},
  year         = {2006},
  isbn         = {978-0-89871-613-9},
  timestamp    = {Fri, 12 Jul 2019 14:39:18 +0200},
  biburl       = {https://dblp.org/rec/books/daglib/0017362.bib},
  bibsource    = {dblp computer science bibliography, https://dblp.org}
}

@inproceedings{JungPSK17,
  author       = {Jinhong Jung and
                  Namyong Park and
                  Lee Sael and
                  U Kang},
  title        = {BePI: Fast and Memory-Efficient Method for Billion-Scale Random Walk
                  with Restart},
  booktitle    = {Proceedings of the 2017 {ACM} International Conference on Management
                  of Data, {SIGMOD} Conference 2017, Chicago, IL, USA, May 14-19, 2017},
  pages        = {789--804},
  publisher    = {{ACM}},
  year         = {2017},
  doi          = {10.1145/3035918.3035950},
  timestamp    = {Sun, 19 Jan 2025 13:27:19 +0100},
  biburl       = {https://dblp.org/rec/conf/sigmod/JungPSK17.bib},
  bibsource    = {dblp computer science bibliography, https://dblp.org}
}

@inproceedings{ShinJSK15,
  author       = {Kijung Shin and
                  Jinhong Jung and
                  Lee Sael and
                  U Kang},
  title        = {{BEAR:} Block Elimination Approach for Random Walk with Restart on
                  Large Graphs},
  booktitle    = {Proceedings of the 2015 {ACM} {SIGMOD} International Conference on
                  Management of Data, Melbourne, Victoria, Australia, May 31 - June
                  4, 2015},
  pages        = {1571--1585},
  publisher    = {{ACM}},
  year         = {2015},
  doi          = {10.1145/2723372.2723716},
  timestamp    = {Tue, 24 Sep 2019 16:17:25 +0200},
  biburl       = {https://dblp.org/rec/conf/sigmod/ShinJSK15.bib},
  bibsource    = {dblp computer science bibliography, https://dblp.org}
}

@article{JungJK20,
  author       = {Jinhong Jung and
                  Woojeong Jin and
                  U Kang},
  title        = {Random walk-based ranking in signed social networks: model and algorithms},
  journal      = {Knowl. Inf. Syst.},
  volume       = {62},
  number       = {2},
  pages        = {571--610},
  year         = {2020},
  doi          = {10.1007/S10115-019-01364-Z},
  timestamp    = {Sun, 19 Jan 2025 14:09:11 +0100},
  biburl       = {https://dblp.org/rec/journals/kais/JungJK20.bib},
  bibsource    = {dblp computer science bibliography, https://dblp.org}
}

@article{ChunLSJ24,
  author       = {Jaewan Chun and
                  Geon Lee and
                  Kijung Shin and
                  Jinhong Jung},
  title        = {Random walk with restart on hypergraphs: fast computation and an application
                  to anomaly detection},
  journal      = {Data Min. Knowl. Discov.},
  volume       = {38},
  number       = {3},
  pages        = {1222--1257},
  year         = {2024},
  doi          = {10.1007/S10618-023-00995-9},
  timestamp    = {Fri, 17 May 2024 21:41:08 +0200},
  biburl       = {https://dblp.org/rec/journals/datamine/ChunLSJ24.bib},
  bibsource    = {dblp computer science bibliography, https://dblp.org}
}

@article{JungJPK21,
  author       = {Jinhong Jung and
                  Woojeong Jin and
                  Ha{-}Myung Park and
                  U Kang},
  title        = {Accurate relational reasoning in edge-labeled graphs by multi-labeled
                  random walk with restart},
  journal      = {World Wide Web},
  volume       = {24},
  number       = {4},
  pages        = {1369--1393},
  year         = {2021},
  timestamp    = {Wed, 06 Nov 2024 15:46:13 +0100},
  biburl       = {https://dblp.org/rec/journals/www/JungJPK21.bib},
  bibsource    = {dblp computer science bibliography, https://dblp.org}
}

@article{JinJK19,
    doi = {10.1371/journal.pone.0213857},
    author = {Jin, Woojeong AND Jung, Jinhong AND Kang, U.},
    journal = {PLOS ONE},
    publisher = {Public Library of Science},
    title = {Supervised and extended restart in random walks for ranking and link prediction in networks},
    year = {2019},
    month = {03},
    volume = {14},
    pages = {1-23},
    number = {3}
}