@misc{deepseek2024r1,
      title={DeepSeek-R1: Incentivizing Reasoning Capability in LLMs via Reinforcement Learning}, 
      author={DeepSeek-AI and Daya Guo and Dejian Yang and Haowei Zhang and Junxiao Song and Ruoyu Zhang and Runxin Xu and Qihao Zhu and Shirong Ma and Peiyi Wang and Xiao Bi and Xiaokang Zhang and Xingkai Yu and Yu Wu and Z. F. Wu and Zhibin Gou and Zhihong Shao and Zhuoshu Li and Ziyi Gao and Aixin Liu and Bing Xue and Bingxuan Wang and Bochao Wu and Bei Feng and Chengda Lu and Chenggang Zhao and Chengqi Deng and Chenyu Zhang and Chong Ruan and Damai Dai and Deli Chen and Dongjie Ji and Erhang Li and Fangyun Lin and Fucong Dai and Fuli Luo and Guangbo Hao and Guanting Chen and Guowei Li and H. Zhang and Han Bao and Hanwei Xu and Haocheng Wang and Honghui Ding and Huajian Xin and Huazuo Gao and Hui Qu and Hui Li and Jianzhong Guo and Jiashi Li and Jiawei Wang and Jingchang Chen and Jingyang Yuan and Junjie Qiu and Junlong Li and J. L. Cai and Jiaqi Ni and Jian Liang and Jin Chen and Kai Dong and Kai Hu and Kaige Gao and Kang Guan and Kexin Huang and Kuai Yu and Lean Wang and Lecong Zhang and Liang Zhao and Litong Wang and Liyue Zhang and Lei Xu and Leyi Xia and Mingchuan Zhang and Minghua Zhang and Minghui Tang and Meng Li and Miaojun Wang and Mingming Li and Ning Tian and Panpan Huang and Peng Zhang and Qiancheng Wang and Qinyu Chen and Qiushi Du and Ruiqi Ge and Ruisong Zhang and Ruizhe Pan and Runji Wang and R. J. Chen and R. L. Jin and Ruyi Chen and Shanghao Lu and Shangyan Zhou and Shanhuang Chen and Shengfeng Ye and Shiyu Wang and Shuiping Yu and Shunfeng Zhou and Shuting Pan and S. S. Li and Shuang Zhou and Shaoqing Wu and Shengfeng Ye and Tao Yun and Tian Pei and Tianyu Sun and T. Wang and Wangding Zeng and Wanjia Zhao and Wen Liu and Wenfeng Liang and Wenjun Gao and Wenqin Yu and Wentao Zhang and W. L. Xiao and Wei An and Xiaodong Liu and Xiaohan Wang and Xiaokang Chen and Xiaotao Nie and Xin Cheng and Xin Liu and Xin Xie and Xingchao Liu and Xinyu Yang and Xinyuan Li and Xuecheng Su and Xuheng Lin and X. Q. Li and Xiangyue Jin and Xiaojin Shen and Xiaosha Chen and Xiaowen Sun and Xiaoxiang Wang and Xinnan Song and Xinyi Zhou and Xianzu Wang and Xinxia Shan and Y. K. Li and Y. Q. Wang and Y. X. Wei and Yang Zhang and Yanhong Xu and Yao Li and Yao Zhao and Yaofeng Sun and Yaohui Wang and Yi Yu and Yichao Zhang and Yifan Shi and Yiliang Xiong and Ying He and Yishi Piao and Yisong Wang and Yixuan Tan and Yiyang Ma and Yiyuan Liu and Yongqiang Guo and Yuan Ou and Yuduan Wang and Yue Gong and Yuheng Zou and Yujia He and Yunfan Xiong and Yuxiang Luo and Yuxiang You and Yuxuan Liu and Yuyang Zhou and Y. X. Zhu and Yanhong Xu and Yanping Huang and Yaohui Li and Yi Zheng and Yuchen Zhu and Yunxian Ma and Ying Tang and Yukun Zha and Yuting Yan and Z. Z. Ren and Zehui Ren and Zhangli Sha and Zhe Fu and Zhean Xu and Zhenda Xie and Zhengyan Zhang and Zhewen Hao and Zhicheng Ma and Zhigang Yan and Zhiyu Wu and Zihui Gu and Zijia Zhu and Zijun Liu and Zilin Li and Ziwei Xie and Ziyang Song and Zizheng Pan and Zhen Huang and Zhipeng Xu and Zhongyu Zhang and Zhen Zhang},
      year={2025},
      eprint={2501.12948},
      archivePrefix={arXiv},
      primaryClass={cs.CL},
      url={https://arxiv.org/abs/2501.12948}, 
}

@misc{guan2025rstarmathsmallllmsmaster,
      title={rStar-Math: Small LLMs Can Master Math Reasoning with Self-Evolved Deep Thinking}, 
      author={Xinyu Guan and Li Lyna Zhang and Yifei Liu and Ning Shang and Youran Sun and Yi Zhu and Fan Yang and Mao Yang},
      year={2025},
      eprint={2501.04519},
      archivePrefix={arXiv},
      primaryClass={cs.CL},
      url={https://arxiv.org/abs/2501.04519}, 
}

@misc{liu2024acemathadvancingfrontiermath,
      title={AceMath: Advancing Frontier Math Reasoning with Post-Training and Reward Modeling}, 
      author={Zihan Liu and Yang Chen and Mohammad Shoeybi and Bryan Catanzaro and Wei Ping},
      year={2024},
      eprint={2412.15084},
      archivePrefix={arXiv},
      primaryClass={cs.CL},
      url={https://arxiv.org/abs/2412.15084}, 
}

@misc{openai2024openaio1card,
      title={OpenAI o1 System Card}, 
      author={OpenAI and : and Aaron Jaech and Adam Kalai and Adam Lerer and Adam Richardson and Ahmed El-Kishky and Aiden Low and Alec Helyar and Aleksander Madry and Alex Beutel and Alex Carney and Alex Iftimie and Alex Karpenko and Alex Tachard Passos and Alexander Neitz and Alexander Prokofiev and Alexander Wei and Allison Tam and Ally Bennett and Ananya Kumar and Andre Saraiva and Andrea Vallone and Andrew Duberstein and Andrew Kondrich and Andrey Mishchenko and Andy Applebaum and Angela Jiang and Ashvin Nair and Barret Zoph and Behrooz Ghorbani and Ben Rossen and Benjamin Sokolowsky and Boaz Barak and Bob McGrew and Borys Minaiev and Botao Hao and Bowen Baker and Brandon Houghton and Brandon McKinzie and Brydon Eastman and Camillo Lugaresi and Cary Bassin and Cary Hudson and Chak Ming Li and Charles de Bourcy and Chelsea Voss and Chen Shen and Chong Zhang and Chris Koch and Chris Orsinger and Christopher Hesse and Claudia Fischer and Clive Chan and Dan Roberts and Daniel Kappler and Daniel Levy and Daniel Selsam and David Dohan and David Farhi and David Mely and David Robinson and Dimitris Tsipras and Doug Li and Dragos Oprica and Eben Freeman and Eddie Zhang and Edmund Wong and Elizabeth Proehl and Enoch Cheung and Eric Mitchell and Eric Wallace and Erik Ritter and Evan Mays and Fan Wang and Felipe Petroski Such and Filippo Raso and Florencia Leoni and Foivos Tsimpourlas and Francis Song and Fred von Lohmann and Freddie Sulit and Geoff Salmon and Giambattista Parascandolo and Gildas Chabot and Grace Zhao and Greg Brockman and Guillaume Leclerc and Hadi Salman and Haiming Bao and Hao Sheng and Hart Andrin and Hessam Bagherinezhad and Hongyu Ren and Hunter Lightman and Hyung Won Chung and Ian Kivlichan and Ian O'Connell and Ian Osband and Ignasi Clavera Gilaberte and Ilge Akkaya and Ilya Kostrikov and Ilya Sutskever and Irina Kofman and Jakub Pachocki and James Lennon and Jason Wei and Jean Harb and Jerry Twore and Jiacheng Feng and Jiahui Yu and Jiayi Weng and Jie Tang and Jieqi Yu and Joaquin Qui√±onero Candela and Joe Palermo and Joel Parish and Johannes Heidecke and John Hallman and John Rizzo and Jonathan Gordon and Jonathan Uesato and Jonathan Ward and Joost Huizinga and Julie Wang and Kai Chen and Kai Xiao and Karan Singhal and Karina Nguyen and Karl Cobbe and Katy Shi and Kayla Wood and Kendra Rimbach and Keren Gu-Lemberg and Kevin Liu and Kevin Lu and Kevin Stone and Kevin Yu and Lama Ahmad and Lauren Yang and Leo Liu and Leon Maksin and Leyton Ho and Liam Fedus and Lilian Weng and Linden Li and Lindsay McCallum and Lindsey Held and Lorenz Kuhn and Lukas Kondraciuk and Lukasz Kaiser and Luke Metz and Madelaine Boyd and Maja Trebacz and Manas Joglekar and Mark Chen and Marko Tintor and Mason Meyer and Matt Jones and Matt Kaufer and Max Schwarzer and Meghan Shah and Mehmet Yatbaz and Melody Y. Guan and Mengyuan Xu and Mengyuan Yan and Mia Glaese and Mianna Chen and Michael Lampe and Michael Malek and Michele Wang and Michelle Fradin and Mike McClay and Mikhail Pavlov and Miles Wang and Mingxuan Wang and Mira Murati and Mo Bavarian and Mostafa Rohaninejad and Nat McAleese and Neil Chowdhury and Neil Chowdhury and Nick Ryder and Nikolas Tezak and Noam Brown and Ofir Nachum and Oleg Boiko and Oleg Murk and Olivia Watkins and Patrick Chao and Paul Ashbourne and Pavel Izmailov and Peter Zhokhov and Rachel Dias and Rahul Arora and Randall Lin and Rapha Gontijo Lopes and Raz Gaon and Reah Miyara and Reimar Leike and Renny Hwang and Rhythm Garg and Robin Brown and Roshan James and Rui Shu and Ryan Cheu and Ryan Greene and Saachi Jain and Sam Altman and Sam Toizer and Sam Toyer and Samuel Miserendino and Sandhini Agarwal and Santiago Hernandez and Sasha Baker and Scott McKinney and Scottie Yan and Shengjia Zhao and Shengli Hu and Shibani Santurkar and Shraman Ray Chaudhuri and Shuyuan Zhang and Siyuan Fu and Spencer Papay and Steph Lin and Suchir Balaji and Suvansh Sanjeev and Szymon Sidor and Tal Broda and Aidan Clark and Tao Wang and Taylor Gordon and Ted Sanders and Tejal Patwardhan and Thibault Sottiaux and Thomas Degry and Thomas Dimson and Tianhao Zheng and Timur Garipov and Tom Stasi and Trapit Bansal and Trevor Creech and Troy Peterson and Tyna Eloundou and Valerie Qi and Vineet Kosaraju and Vinnie Monaco and Vitchyr Pong and Vlad Fomenko and Weiyi Zheng and Wenda Zhou and Wes McCabe and Wojciech Zaremba and Yann Dubois and Yinghai Lu and Yining Chen and Young Cha and Yu Bai and Yuchen He and Yuchen Zhang and Yunyun Wang and Zheng Shao and Zhuohan Li},
      year={2024},
      eprint={2412.16720},
      archivePrefix={arXiv},
      primaryClass={cs.AI},
      url={https://arxiv.org/abs/2412.16720}, 
}

