@misc{kimiteam2025kimik15scalingreinforcement,
      title={Kimi k1.5: Scaling Reinforcement Learning with LLMs}, 
      author={Kimi Team and Angang Du and Bofei Gao and Bowei Xing and Changjiu Jiang and Cheng Chen and Cheng Li and Chenjun Xiao and Chenzhuang Du and Chonghua Liao and Chuning Tang and Congcong Wang and Dehao Zhang and Enming Yuan and Enzhe Lu and Fengxiang Tang and Flood Sung and Guangda Wei and Guokun Lai and Haiqing Guo and Han Zhu and Hao Ding and Hao Hu and Hao Yang and Hao Zhang and Haotian Yao and Haotian Zhao and Haoyu Lu and Haoze Li and Haozhen Yu and Hongcheng Gao and Huabin Zheng and Huan Yuan and Jia Chen and Jianhang Guo and Jianlin Su and Jianzhou Wang and Jie Zhao and Jin Zhang and Jingyuan Liu and Junjie Yan and Junyan Wu and Lidong Shi and Ling Ye and Longhui Yu and Mengnan Dong and Neo Zhang and Ningchen Ma and Qiwei Pan and Qucheng Gong and Shaowei Liu and Shengling Ma and Shupeng Wei and Sihan Cao and Siying Huang and Tao Jiang and Weihao Gao and Weimin Xiong and Weiran He and Weixiao Huang and Wenhao Wu and Wenyang He and Xianghui Wei and Xianqing Jia and Xingzhe Wu and Xinran Xu and Xinxing Zu and Xinyu Zhou and Xuehai Pan and Y. Charles and Yang Li and Yangyang Hu and Yangyang Liu and Yanru Chen and Yejie Wang and Yibo Liu and Yidao Qin and Yifeng Liu and Ying Yang and Yiping Bao and Yulun Du and Yuxin Wu and Yuzhi Wang and Zaida Zhou and Zhaoji Wang and Zhaowei Li and Zhen Zhu and Zheng Zhang and Zhexu Wang and Zhilin Yang and Zhiqi Huang and Zihao Huang and Ziyao Xu and Zonghan Yang},
      year={2025},
      eprint={2501.12599},
      archivePrefix={arXiv},
      primaryClass={cs.AI},
      url={https://arxiv.org/abs/2501.12599}, 
}

@misc{numina_math_datasets,
  author = {Jia Li and Edward Beeching and Lewis Tunstall and Ben Lipkin and Roman Soletskyi and Shengyi Costa Huang and Kashif Rasul and Longhui Yu and Albert Jiang and Ziju Shen and Zihan Qin and Bin Dong and Li Zhou and Yann Fleureau and Guillaume Lample and Stanislas Polu},
  title = {NuminaMath},
  year = {2024},
  publisher = {Numina},
  journal = {Hugging Face repository},
  howpublished = {\url{[https://huggingface.co/AI-MO/NuminaMath-CoT](https://github.com/project-numina/aimo-progress-prize/blob/main/report/numina_dataset.pdf)}}
}

@misc{gao2024omnimathuniversalolympiadlevel,
      title={Omni-MATH: A Universal Olympiad Level Mathematic Benchmark For Large Language Models}, 
      author={Bofei Gao and Feifan Song and Zhe Yang and Zefan Cai and Yibo Miao and Qingxiu Dong and Lei Li and Chenghao Ma and Liang Chen and Runxin Xu and Zhengyang Tang and Benyou Wang and Daoguang Zan and Shanghaoran Quan and Ge Zhang and Lei Sha and Yichang Zhang and Xuancheng Ren and Tianyu Liu and Baobao Chang},
      year={2024},
      eprint={2410.07985},
      archivePrefix={arXiv},
      primaryClass={cs.CL},
      url={https://arxiv.org/abs/2410.07985}, 
}

@misc{yue2024harp,
    title={{HARP}: A challenging human-annotated math reasoning benchmark},
    author={Albert S. Yue and Lovish Madaan and Ted Moskovitz and DJ Strouse and Aaditya K. Singh},
    year={2024},
    url={https://github.com/aadityasingh/HARP}
}

@misc{hendrycks2021measuringmathematicalproblemsolving,
      title={Measuring Mathematical Problem Solving With the MATH Dataset}, 
      author={Dan Hendrycks and Collin Burns and Saurav Kadavath and Akul Arora and Steven Basart and Eric Tang and Dawn Song and Jacob Steinhardt},
      year={2021},
      eprint={2103.03874},
      archivePrefix={arXiv},
      primaryClass={cs.LG},
      url={https://arxiv.org/abs/2103.03874}, 
}

@article{toshniwal2024openmath2,
  title   = {OpenMathInstruct-2: Accelerating AI for Math with Massive Open-Source Instruction Data},
  author  = {Shubham Toshniwal and Wei Du and Ivan Moshkov and  Branislav Kisacanin and Alexan Ayrapetyan and Igor Gitman},
  year    = {2024},
  journal = {arXiv preprint arXiv:2410.01560}
}

@misc{cobbe2021trainingverifierssolvemath,
      title={Training Verifiers to Solve Math Word Problems}, 
      author={Karl Cobbe and Vineet Kosaraju and Mohammad Bavarian and Mark Chen and Heewoo Jun and Lukasz Kaiser and Matthias Plappert and Jerry Tworek and Jacob Hilton and Reiichiro Nakano and Christopher Hesse and John Schulman},
      year={2021},
      eprint={2110.14168},
      archivePrefix={arXiv},
      primaryClass={cs.LG},
      url={https://arxiv.org/abs/2110.14168}, 
}

@misc{mitra2024orcamathunlockingpotentialslms,
      title={Orca-Math: Unlocking the potential of SLMs in Grade School Math}, 
      author={Arindam Mitra and Hamed Khanpour and Corby Rosset and Ahmed Awadallah},
      year={2024},
      eprint={2402.14830},
      archivePrefix={arXiv},
      primaryClass={cs.CL},
      url={https://arxiv.org/abs/2402.14830}, 
}

@article{lightman2023let,
  title={Let's verify step by step},
  author={Lightman, Hunter and Kosaraju, Vineet and Burda, Yura and Edwards, Harri and Baker, Bowen and Lee, Teddy and Leike, Jan and Schulman, John and Sutskever, Ilya and Cobbe, Karl},
  journal={arXiv preprint arXiv:2305.20050},
  year={2023}
}

@misc{dubey2024llama3herdmodels,
      title={The Llama 3 Herd of Models}, 
      author={Abhimanyu Dubey and Abhinav Jauhri and Abhinav Pandey and Abhishek Kadian and Ahmad Al-Dahle and Aiesha Letman and Akhil Mathur and Alan Schelten and Amy Yang and Angela Fan and Anirudh Goyal and Anthony Hartshorn and Aobo Yang and Archi Mitra and Archie Sravankumar and Artem Korenev and Arthur Hinsvark and Arun Rao and Aston Zhang and Aurelien Rodriguez and Austen Gregerson and Ava Spataru and Baptiste Roziere and Bethany Biron and Binh Tang and Bobbie Chern and Charlotte Caucheteux and Chaya Nayak and Chloe Bi and Chris Marra and Chris McConnell and Christian Keller and Christophe Touret and Chunyang Wu and Corinne Wong and Cristian Canton Ferrer and Cyrus Nikolaidis and Damien Allonsius and Daniel Song and Danielle Pintz and Danny Livshits and David Esiobu and Dhruv Choudhary and Dhruv Mahajan and Diego Garcia-Olano and Diego Perino and Dieuwke Hupkes and Egor Lakomkin and Ehab AlBadawy and Elina Lobanova and Emily Dinan and Eric Michael Smith and Filip Radenovic and Frank Zhang and Gabriel Synnaeve and Gabrielle Lee and Georgia Lewis Anderson and Graeme Nail and Gregoire Mialon and Guan Pang and Guillem Cucurell and Hailey Nguyen and Hannah Korevaar and Hu Xu and Hugo Touvron and Iliyan Zarov and Imanol Arrieta Ibarra and Isabel Kloumann and Ishan Misra and Ivan Evtimov and Jade Copet and Jaewon Lee and Jan Geffert and Jana Vranes and Jason Park and Jay Mahadeokar and Jeet Shah and Jelmer van der Linde and Jennifer Billock and Jenny Hong and Jenya Lee and Jeremy Fu and Jianfeng Chi and Jianyu Huang and Jiawen Liu and Jie Wang and Jiecao Yu and Joanna Bitton and Joe Spisak and Jongsoo Park and Joseph Rocca and Joshua Johnstun and Joshua Saxe and Junteng Jia and Kalyan Vasuden Alwala and Kartikeya Upasani and Kate Plawiak and Ke Li and Kenneth Heafield and Kevin Stone and Khalid El-Arini and Krithika Iyer and Kshitiz Malik and Kuenley Chiu and Kunal Bhalla and Lauren Rantala-Yeary and Laurens van der Maaten and Lawrence Chen and Liang Tan and Liz Jenkins and Louis Martin and Lovish Madaan and Lubo Malo and Lukas Blecher and Lukas Landzaat and Luke de Oliveira and Madeline Muzzi and Mahesh Pasupuleti and Mannat Singh and Manohar Paluri and Marcin Kardas and Mathew Oldham and Mathieu Rita and Maya Pavlova and Melanie Kambadur and Mike Lewis and Min Si and Mitesh Kumar Singh and Mona Hassan and Naman Goyal and Narjes Torabi and Nikolay Bashlykov and Nikolay Bogoychev and Niladri Chatterji and Olivier Duchenne and Onur Ã‡elebi and Patrick Alrassy and Pengchuan Zhang and Pengwei Li and Petar Vasic and Peter Weng and Prajjwal Bhargava and Pratik Dubal and Praveen Krishnan and Punit Singh Koura and Puxin Xu and Qing He and Qingxiao Dong and Ragavan Srinivasan and Raj Ganapathy and Ramon Calderer and Ricardo Silveira Cabral and Robert Stojnic and Roberta Raileanu and Rohit Girdhar and Rohit Patel and Romain Sauvestre and Ronnie Polidoro and Roshan Sumbaly and Ross Taylor and Ruan Silva and Rui Hou and Rui Wang and Saghar Hosseini and Sahana Chennabasappa and Sanjay Singh and Sean Bell and Seohyun Sonia Kim and Sergey Edunov and Shaoliang Nie and Sharan Narang and Sharath Raparthy and Sheng Shen and Shengye Wan and Shruti Bhosale and Shun Zhang and Simon Vandenhende and Soumya Batra and Spencer Whitman and Sten Sootla and Stephane Collot and Suchin Gururangan and Sydney Borodinsky and Tamar Herman and Tara Fowler and Tarek Sheasha and Thomas Georgiou and Thomas Scialom and Tobias Speckbacher and Todor Mihaylov and Tong Xiao and Ujjwal Karn and Vedanuj Goswami and Vibhor Gupta and Vignesh Ramanathan and Viktor Kerkez and Vincent Gonguet and Virginie Do and Vish Vogeti and Vladan Petrovic and Weiwei Chu and Wenhan Xiong and Wenyin Fu and Whitney Meers and Xavier Martinet and Xiaodong Wang and Xiaoqing Ellen Tan and Xinfeng Xie and Xuchao Jia and Xuewei Wang and Yaelle Goldschlag and Yashesh Gaur and Yasmine Babaei and Yi Wen and Yiwen Song and Yuchen Zhang and Yue Li and Yuning Mao and Zacharie Delpierre Coudert and Zheng Yan and Zhengxing Chen and Zoe Papakipos and Aaditya Singh and Aaron Grattafiori and Abha Jain and Adam Kelsey and Adam Shajnfeld and Adithya Gangidi and Adolfo Victoria and Ahuva Goldstand and Ajay Menon and Ajay Sharma and Alex Boesenberg and Alex Vaughan and Alexei Baevski and Allie Feinstein and Amanda Kallet and Amit Sangani and Anam Yunus and Andrei Lupu and Andres Alvarado and Andrew Caples and Andrew Gu and Andrew Ho and Andrew Poulton and Andrew Ryan and Ankit Ramchandani and Annie Franco and Aparajita Saraf and Arkabandhu Chowdhury and Ashley Gabriel and Ashwin Bharambe and Assaf Eisenman and Azadeh Yazdan and Beau James and Ben Maurer and Benjamin Leonhardi and Bernie Huang and Beth Loyd and Beto De Paola and Bhargavi Paranjape and Bing Liu and Bo Wu and Boyu Ni and Braden Hancock and Bram Wasti and Brandon Spence and Brani Stojkovic and Brian Gamido and Britt Montalvo and Carl Parker and Carly Burton and Catalina Mejia and Changhan Wang and Changkyu Kim and Chao Zhou and Chester Hu and Ching-Hsiang Chu and Chris Cai and Chris Tindal and Christoph Feichtenhofer and Damon Civin and Dana Beaty and Daniel Kreymer and Daniel Li and Danny Wyatt and David Adkins and David Xu and Davide Testuggine and Delia David and Devi Parikh and Diana Liskovich and Didem Foss and Dingkang Wang and Duc Le and Dustin Holland and Edward Dowling and Eissa Jamil and Elaine Montgomery and Eleonora Presani and Emily Hahn and Emily Wood and Erik Brinkman and Esteban Arcaute and Evan Dunbar and Evan Smothers and Fei Sun and Felix Kreuk and Feng Tian and Firat Ozgenel and Francesco Caggioni and Francisco GuzmÃ¡n and Frank Kanayet and Frank Seide and Gabriela Medina Florez and Gabriella Schwarz and Gada Badeer and Georgia Swee and Gil Halpern and Govind Thattai and Grant Herman and Grigory Sizov and Guangyi and Zhang and Guna Lakshminarayanan and Hamid Shojanazeri and Han Zou and Hannah Wang and Hanwen Zha and Haroun Habeeb and Harrison Rudolph and Helen Suk and Henry Aspegren and Hunter Goldman and Ibrahim Damlaj and Igor Molybog and Igor Tufanov and Irina-Elena Veliche and Itai Gat and Jake Weissman and James Geboski and James Kohli and Japhet Asher and Jean-Baptiste Gaya and Jeff Marcus and Jeff Tang and Jennifer Chan and Jenny Zhen and Jeremy Reizenstein and Jeremy Teboul and Jessica Zhong and Jian Jin and Jingyi Yang and Joe Cummings and Jon Carvill and Jon Shepard and Jonathan McPhie and Jonathan Torres and Josh Ginsburg and Junjie Wang and Kai Wu and Kam Hou U and Karan Saxena and Karthik Prasad and Kartikay Khandelwal and Katayoun Zand and Kathy Matosich and Kaushik Veeraraghavan and Kelly Michelena and Keqian Li and Kun Huang and Kunal Chawla and Kushal Lakhotia and Kyle Huang and Lailin Chen and Lakshya Garg and Lavender A and Leandro Silva and Lee Bell and Lei Zhang and Liangpeng Guo and Licheng Yu and Liron Moshkovich and Luca Wehrstedt and Madian Khabsa and Manav Avalani and Manish Bhatt and Maria Tsimpoukelli and Martynas Mankus and Matan Hasson and Matthew Lennie and Matthias Reso and Maxim Groshev and Maxim Naumov and Maya Lathi and Meghan Keneally and Michael L. Seltzer and Michal Valko and Michelle Restrepo and Mihir Patel and Mik Vyatskov and Mikayel Samvelyan and Mike Clark and Mike Macey and Mike Wang and Miquel Jubert Hermoso and Mo Metanat and Mohammad Rastegari and Munish Bansal and Nandhini Santhanam and Natascha Parks and Natasha White and Navyata Bawa and Nayan Singhal and Nick Egebo and Nicolas Usunier and Nikolay Pavlovich Laptev and Ning Dong and Ning Zhang and Norman Cheng and Oleg Chernoguz and Olivia Hart and Omkar Salpekar and Ozlem Kalinli and Parkin Kent and Parth Parekh and Paul Saab and Pavan Balaji and Pedro Rittner and Philip Bontrager and Pierre Roux and Piotr Dollar and Polina Zvyagina and Prashant Ratanchandani and Pritish Yuvraj and Qian Liang and Rachad Alao and Rachel Rodriguez and Rafi Ayub and Raghotham Murthy and Raghu Nayani and Rahul Mitra and Raymond Li and Rebekkah Hogan and Robin Battey and Rocky Wang and Rohan Maheswari and Russ Howes and Ruty Rinott and Sai Jayesh Bondu and Samyak Datta and Sara Chugh and Sara Hunt and Sargun Dhillon and Sasha Sidorov and Satadru Pan and Saurabh Verma and Seiji Yamamoto and Sharadh Ramaswamy and Shaun Lindsay and Shaun Lindsay and Sheng Feng and Shenghao Lin and Shengxin Cindy Zha and Shiva Shankar and Shuqiang Zhang and Shuqiang Zhang and Sinong Wang and Sneha Agarwal and Soji Sajuyigbe and Soumith Chintala and Stephanie Max and Stephen Chen and Steve Kehoe and Steve Satterfield and Sudarshan Govindaprasad and Sumit Gupta and Sungmin Cho and Sunny Virk and Suraj Subramanian and Sy Choudhury and Sydney Goldman and Tal Remez and Tamar Glaser and Tamara Best and Thilo Kohler and Thomas Robinson and Tianhe Li and Tianjun Zhang and Tim Matthews and Timothy Chou and Tzook Shaked and Varun Vontimitta and Victoria Ajayi and Victoria Montanez and Vijai Mohan and Vinay Satish Kumar and Vishal Mangla and VÃ­tor Albiero and Vlad Ionescu and Vlad Poenaru and Vlad Tiberiu Mihailescu and Vladimir Ivanov and Wei Li and Wenchen Wang and Wenwen Jiang and Wes Bouaziz and Will Constable and Xiaocheng Tang and Xiaofang Wang and Xiaojian Wu and Xiaolan Wang and Xide Xia and Xilun Wu and Xinbo Gao and Yanjun Chen and Ye Hu and Ye Jia and Ye Qi and Yenda Li and Yilin Zhang and Ying Zhang and Yossi Adi and Youngjin Nam and Yu and Wang and Yuchen Hao and Yundi Qian and Yuzi He and Zach Rait and Zachary DeVito and Zef Rosnbrick and Zhaoduo Wen and Zhenyu Yang and Zhiwei Zhao},
      year={2024},
      eprint={2407.21783},
      archivePrefix={arXiv},
      primaryClass={cs.AI},
      url={https://arxiv.org/abs/2407.21783}, 
}

@misc{albalak2024surveydataselectionlanguage,
      title={A Survey on Data Selection for Language Models}, 
      author={Alon Albalak and Yanai Elazar and Sang Michael Xie and Shayne Longpre and Nathan Lambert and Xinyi Wang and Niklas Muennighoff and Bairu Hou and Liangming Pan and Haewon Jeong and Colin Raffel and Shiyu Chang and Tatsunori Hashimoto and William Yang Wang},
      year={2024},
      eprint={2402.16827},
      archivePrefix={arXiv},
      primaryClass={cs.CL},
      url={https://arxiv.org/abs/2402.16827}, 
}

@article{joulin2016bag,
  title={Bag of Tricks for Efficient Text Classification},
  author={Joulin, Armand and Grave, Edouard and Bojanowski, Piotr and Mikolov, Tomas},
  journal={arXiv preprint arXiv:1607.01759},
  year={2016}
}

@inproceedings{grave2018learning,
  title={Learning Word Vectors for 157 Languages},
  author={Grave, Edouard and Bojanowski, Piotr and Gupta, Prakhar and Joulin, Armand and Mikolov, Tomas},
  booktitle={Proceedings of the International Conference on Language Resources and Evaluation (LREC 2018)},
  year={2018}
}

@article{joulin2016fasttext,
  title={FastText.zip: Compressing text classification models},
  author={Joulin, Armand and Grave, Edouard and Bojanowski, Piotr and Douze, Matthijs and J{'e}gou, H{'e}rve and Mikolov, Tomas},
  journal={arXiv preprint arXiv:1612.03651},
  year={2016}
}

@misc{abbas2023semdedupdataefficientlearningwebscale,
      title={SemDeDup: Data-efficient learning at web-scale through semantic deduplication}, 
      author={Amro Abbas and Kushal Tirumala and DÃ¡niel Simig and Surya Ganguli and Ari S. Morcos},
      year={2023},
      eprint={2303.09540},
      archivePrefix={arXiv},
      primaryClass={cs.LG},
      url={https://arxiv.org/abs/2303.09540}, 
}

@misc{lambert2024tulu3pushingfrontiers,
      title={Tulu 3: Pushing Frontiers in Open Language Model Post-Training}, 
      author={Nathan Lambert and Jacob Morrison and Valentina Pyatkin and Shengyi Huang and Hamish Ivison and Faeze Brahman and Lester James V. Miranda and Alisa Liu and Nouha Dziri and Shane Lyu and Yuling Gu and Saumya Malik and Victoria Graf and Jena D. Hwang and Jiangjiang Yang and Ronan Le Bras and Oyvind Tafjord and Chris Wilhelm and Luca Soldaini and Noah A. Smith and Yizhong Wang and Pradeep Dasigi and Hannaneh Hajishirzi},
      year={2024},
      eprint={2411.15124},
      archivePrefix={arXiv},
      primaryClass={cs.CL},
      url={https://arxiv.org/abs/2411.15124}, 
}

@misc{havrilla2024surveyingeffectsqualitydiversity,
      title={Surveying the Effects of Quality, Diversity, and Complexity in Synthetic Data From Large Language Models}, 
      author={Alex Havrilla and Andrew Dai and Laura O'Mahony and Koen Oostermeijer and Vera Zisler and Alon Albalak and Fabrizio Milo and Sharath Chandra Raparthy and Kanishk Gandhi and Baber Abbasi and Duy Phung and Maia Iyer and Dakota Mahan and Chase Blagden and Srishti Gureja and Mohammed Hamdy and Wen-Ding Li and Giovanni Paolini and Pawan Sasanka Ammanamanchi and Elliot Meyerson},
      year={2024},
      eprint={2412.02980},
      archivePrefix={arXiv},
      primaryClass={cs.LG},
      url={https://arxiv.org/abs/2412.02980}, 
}

@misc{wang2024generalizationvsmemorizationtracing,
      title={Generalization v.s. Memorization: Tracing Language Models' Capabilities Back to Pretraining Data}, 
      author={Xinyi Wang and Antonis Antoniades and Yanai Elazar and Alfonso Amayuelas and Alon Albalak and Kexun Zhang and William Yang Wang},
      year={2024},
      eprint={2407.14985},
      archivePrefix={arXiv},
      primaryClass={cs.CL},
      url={https://arxiv.org/abs/2407.14985}, 
}

@misc{xiang20252reasoningllmslearning,
      title={Towards System 2 Reasoning in LLMs: Learning How to Think With Meta Chain-of-Thought}, 
      author={Violet Xiang and Charlie Snell and Kanishk Gandhi and Alon Albalak and Anikait Singh and Chase Blagden and Duy Phung and Rafael Rafailov and Nathan Lile and Dakota Mahan and Louis Castricato and Jan-Philipp Franken and Nick Haber and Chelsea Finn},
      year={2025},
      eprint={2501.04682},
      archivePrefix={arXiv},
      primaryClass={cs.AI},
      url={https://arxiv.org/abs/2501.04682}, 
}

@misc{deepseek2024r1,
      title={DeepSeek-R1: Incentivizing Reasoning Capability in LLMs via Reinforcement Learning}, 
      author={DeepSeek-AI and Daya Guo and Dejian Yang and Haowei Zhang and Junxiao Song and Ruoyu Zhang and Runxin Xu and Qihao Zhu and Shirong Ma and Peiyi Wang and Xiao Bi and Xiaokang Zhang and Xingkai Yu and Yu Wu and Z. F. Wu and Zhibin Gou and Zhihong Shao and Zhuoshu Li and Ziyi Gao and Aixin Liu and Bing Xue and Bingxuan Wang and Bochao Wu and Bei Feng and Chengda Lu and Chenggang Zhao and Chengqi Deng and Chenyu Zhang and Chong Ruan and Damai Dai and Deli Chen and Dongjie Ji and Erhang Li and Fangyun Lin and Fucong Dai and Fuli Luo and Guangbo Hao and Guanting Chen and Guowei Li and H. Zhang and Han Bao and Hanwei Xu and Haocheng Wang and Honghui Ding and Huajian Xin and Huazuo Gao and Hui Qu and Hui Li and Jianzhong Guo and Jiashi Li and Jiawei Wang and Jingchang Chen and Jingyang Yuan and Junjie Qiu and Junlong Li and J. L. Cai and Jiaqi Ni and Jian Liang and Jin Chen and Kai Dong and Kai Hu and Kaige Gao and Kang Guan and Kexin Huang and Kuai Yu and Lean Wang and Lecong Zhang and Liang Zhao and Litong Wang and Liyue Zhang and Lei Xu and Leyi Xia and Mingchuan Zhang and Minghua Zhang and Minghui Tang and Meng Li and Miaojun Wang and Mingming Li and Ning Tian and Panpan Huang and Peng Zhang and Qiancheng Wang and Qinyu Chen and Qiushi Du and Ruiqi Ge and Ruisong Zhang and Ruizhe Pan and Runji Wang and R. J. Chen and R. L. Jin and Ruyi Chen and Shanghao Lu and Shangyan Zhou and Shanhuang Chen and Shengfeng Ye and Shiyu Wang and Shuiping Yu and Shunfeng Zhou and Shuting Pan and S. S. Li and Shuang Zhou and Shaoqing Wu and Shengfeng Ye and Tao Yun and Tian Pei and Tianyu Sun and T. Wang and Wangding Zeng and Wanjia Zhao and Wen Liu and Wenfeng Liang and Wenjun Gao and Wenqin Yu and Wentao Zhang and W. L. Xiao and Wei An and Xiaodong Liu and Xiaohan Wang and Xiaokang Chen and Xiaotao Nie and Xin Cheng and Xin Liu and Xin Xie and Xingchao Liu and Xinyu Yang and Xinyuan Li and Xuecheng Su and Xuheng Lin and X. Q. Li and Xiangyue Jin and Xiaojin Shen and Xiaosha Chen and Xiaowen Sun and Xiaoxiang Wang and Xinnan Song and Xinyi Zhou and Xianzu Wang and Xinxia Shan and Y. K. Li and Y. Q. Wang and Y. X. Wei and Yang Zhang and Yanhong Xu and Yao Li and Yao Zhao and Yaofeng Sun and Yaohui Wang and Yi Yu and Yichao Zhang and Yifan Shi and Yiliang Xiong and Ying He and Yishi Piao and Yisong Wang and Yixuan Tan and Yiyang Ma and Yiyuan Liu and Yongqiang Guo and Yuan Ou and Yuduan Wang and Yue Gong and Yuheng Zou and Yujia He and Yunfan Xiong and Yuxiang Luo and Yuxiang You and Yuxuan Liu and Yuyang Zhou and Y. X. Zhu and Yanhong Xu and Yanping Huang and Yaohui Li and Yi Zheng and Yuchen Zhu and Yunxian Ma and Ying Tang and Yukun Zha and Yuting Yan and Z. Z. Ren and Zehui Ren and Zhangli Sha and Zhe Fu and Zhean Xu and Zhenda Xie and Zhengyan Zhang and Zhewen Hao and Zhicheng Ma and Zhigang Yan and Zhiyu Wu and Zihui Gu and Zijia Zhu and Zijun Liu and Zilin Li and Ziwei Xie and Ziyang Song and Zizheng Pan and Zhen Huang and Zhipeng Xu and Zhongyu Zhang and Zhen Zhang},
      year={2025},
      eprint={2501.12948},
      archivePrefix={arXiv},
      primaryClass={cs.CL},
      url={https://arxiv.org/abs/2501.12948}, 
}

@misc{openai2024openaio1card,
      title={OpenAI o1 System Card}, 
      author={OpenAI and : and Aaron Jaech and Adam Kalai and Adam Lerer and Adam Richardson and Ahmed El-Kishky and Aiden Low and Alec Helyar and Aleksander Madry and Alex Beutel and Alex Carney and Alex Iftimie and Alex Karpenko and Alex Tachard Passos and Alexander Neitz and Alexander Prokofiev and Alexander Wei and Allison Tam and Ally Bennett and Ananya Kumar and Andre Saraiva and Andrea Vallone and Andrew Duberstein and Andrew Kondrich and Andrey Mishchenko and Andy Applebaum and Angela Jiang and Ashvin Nair and Barret Zoph and Behrooz Ghorbani and Ben Rossen and Benjamin Sokolowsky and Boaz Barak and Bob McGrew and Borys Minaiev and Botao Hao and Bowen Baker and Brandon Houghton and Brandon McKinzie and Brydon Eastman and Camillo Lugaresi and Cary Bassin and Cary Hudson and Chak Ming Li and Charles de Bourcy and Chelsea Voss and Chen Shen and Chong Zhang and Chris Koch and Chris Orsinger and Christopher Hesse and Claudia Fischer and Clive Chan and Dan Roberts and Daniel Kappler and Daniel Levy and Daniel Selsam and David Dohan and David Farhi and David Mely and David Robinson and Dimitris Tsipras and Doug Li and Dragos Oprica and Eben Freeman and Eddie Zhang and Edmund Wong and Elizabeth Proehl and Enoch Cheung and Eric Mitchell and Eric Wallace and Erik Ritter and Evan Mays and Fan Wang and Felipe Petroski Such and Filippo Raso and Florencia Leoni and Foivos Tsimpourlas and Francis Song and Fred von Lohmann and Freddie Sulit and Geoff Salmon and Giambattista Parascandolo and Gildas Chabot and Grace Zhao and Greg Brockman and Guillaume Leclerc and Hadi Salman and Haiming Bao and Hao Sheng and Hart Andrin and Hessam Bagherinezhad and Hongyu Ren and Hunter Lightman and Hyung Won Chung and Ian Kivlichan and Ian O'Connell and Ian Osband and Ignasi Clavera Gilaberte and Ilge Akkaya and Ilya Kostrikov and Ilya Sutskever and Irina Kofman and Jakub Pachocki and James Lennon and Jason Wei and Jean Harb and Jerry Twore and Jiacheng Feng and Jiahui Yu and Jiayi Weng and Jie Tang and Jieqi Yu and Joaquin QuiÃ±onero Candela and Joe Palermo and Joel Parish and Johannes Heidecke and John Hallman and John Rizzo and Jonathan Gordon and Jonathan Uesato and Jonathan Ward and Joost Huizinga and Julie Wang and Kai Chen and Kai Xiao and Karan Singhal and Karina Nguyen and Karl Cobbe and Katy Shi and Kayla Wood and Kendra Rimbach and Keren Gu-Lemberg and Kevin Liu and Kevin Lu and Kevin Stone and Kevin Yu and Lama Ahmad and Lauren Yang and Leo Liu and Leon Maksin and Leyton Ho and Liam Fedus and Lilian Weng and Linden Li and Lindsay McCallum and Lindsey Held and Lorenz Kuhn and Lukas Kondraciuk and Lukasz Kaiser and Luke Metz and Madelaine Boyd and Maja Trebacz and Manas Joglekar and Mark Chen and Marko Tintor and Mason Meyer and Matt Jones and Matt Kaufer and Max Schwarzer and Meghan Shah and Mehmet Yatbaz and Melody Y. Guan and Mengyuan Xu and Mengyuan Yan and Mia Glaese and Mianna Chen and Michael Lampe and Michael Malek and Michele Wang and Michelle Fradin and Mike McClay and Mikhail Pavlov and Miles Wang and Mingxuan Wang and Mira Murati and Mo Bavarian and Mostafa Rohaninejad and Nat McAleese and Neil Chowdhury and Neil Chowdhury and Nick Ryder and Nikolas Tezak and Noam Brown and Ofir Nachum and Oleg Boiko and Oleg Murk and Olivia Watkins and Patrick Chao and Paul Ashbourne and Pavel Izmailov and Peter Zhokhov and Rachel Dias and Rahul Arora and Randall Lin and Rapha Gontijo Lopes and Raz Gaon and Reah Miyara and Reimar Leike and Renny Hwang and Rhythm Garg and Robin Brown and Roshan James and Rui Shu and Ryan Cheu and Ryan Greene and Saachi Jain and Sam Altman and Sam Toizer and Sam Toyer and Samuel Miserendino and Sandhini Agarwal and Santiago Hernandez and Sasha Baker and Scott McKinney and Scottie Yan and Shengjia Zhao and Shengli Hu and Shibani Santurkar and Shraman Ray Chaudhuri and Shuyuan Zhang and Siyuan Fu and Spencer Papay and Steph Lin and Suchir Balaji and Suvansh Sanjeev and Szymon Sidor and Tal Broda and Aidan Clark and Tao Wang and Taylor Gordon and Ted Sanders and Tejal Patwardhan and Thibault Sottiaux and Thomas Degry and Thomas Dimson and Tianhao Zheng and Timur Garipov and Tom Stasi and Trapit Bansal and Trevor Creech and Troy Peterson and Tyna Eloundou and Valerie Qi and Vineet Kosaraju and Vinnie Monaco and Vitchyr Pong and Vlad Fomenko and Weiyi Zheng and Wenda Zhou and Wes McCabe and Wojciech Zaremba and Yann Dubois and Yinghai Lu and Yining Chen and Young Cha and Yu Bai and Yuchen He and Yuchen Zhang and Yunyun Wang and Zheng Shao and Zhuohan Li},
      year={2024},
      eprint={2412.16720},
      archivePrefix={arXiv},
      primaryClass={cs.AI},
      url={https://arxiv.org/abs/2412.16720}, 
}

@inproceedings{anonymous2024aops,
    title={Ao{PS} Dataset: Leveraging Online Olympiad-Level Math Problems for {LLM}s Training and Contamination-Resistant Evaluation},
    author={Anonymous},
    booktitle={Submitted to The Thirteenth International Conference on Learning Representations},
    year={2024},
    url={https://openreview.net/forum?id=Bgz3okeZ7H},
    note={under review}
}

@misc{liu2024acemathadvancingfrontiermath,
      title={AceMath: Advancing Frontier Math Reasoning with Post-Training and Reward Modeling}, 
      author={Zihan Liu and Yang Chen and Mohammad Shoeybi and Bryan Catanzaro and Wei Ping},
      year={2024},
      eprint={2412.15084},
      archivePrefix={arXiv},
      primaryClass={cs.CL},
      url={https://arxiv.org/abs/2412.15084}, 
}

@misc{guan2025rstarmathsmallllmsmaster,
      title={rStar-Math: Small LLMs Can Master Math Reasoning with Self-Evolved Deep Thinking}, 
      author={Xinyu Guan and Li Lyna Zhang and Yifei Liu and Ning Shang and Youran Sun and Yi Zhu and Fan Yang and Mao Yang},
      year={2025},
      eprint={2501.04519},
      archivePrefix={arXiv},
      primaryClass={cs.CL},
      url={https://arxiv.org/abs/2501.04519}, 
}

@misc{yuan2024freeprocessrewardsprocess,
      title={Free Process Rewards without Process Labels}, 
      author={Lifan Yuan and Wendi Li and Huayu Chen and Ganqu Cui and Ning Ding and Kaiyan Zhang and Bowen Zhou and Zhiyuan Liu and Hao Peng},
      year={2024},
      eprint={2412.01981},
      archivePrefix={arXiv},
      primaryClass={cs.LG},
      url={https://arxiv.org/abs/2412.01981}, 
}

@misc{chu2025sftmemorizesrlgeneralizes,
      title={SFT Memorizes, RL Generalizes: A Comparative Study of Foundation Model Post-training}, 
      author={Tianzhe Chu and Yuexiang Zhai and Jihan Yang and Shengbang Tong and Saining Xie and Dale Schuurmans and Quoc V. Le and Sergey Levine and Yi Ma},
      year={2025},
      eprint={2501.17161},
      archivePrefix={arXiv},
      primaryClass={cs.AI},
      url={https://arxiv.org/abs/2501.17161}, 
}

@misc{muennighoff2025s1simpletesttimescaling,
      title={s1: Simple test-time scaling}, 
      author={Niklas Muennighoff and Zitong Yang and Weijia Shi and Xiang Lisa Li and Li Fei-Fei and Hannaneh Hajishirzi and Luke Zettlemoyer and Percy Liang and Emmanuel CandÃ¨s and Tatsunori Hashimoto},
      year={2025},
      eprint={2501.19393},
      archivePrefix={arXiv},
      primaryClass={cs.CL},
      url={https://arxiv.org/abs/2501.19393}, 
}

@article{JMLR:v9:vandermaaten08a,
  author  = {Laurens van der Maaten and Geoffrey Hinton},
  title   = {Visualizing Data using t-SNE},
  journal = {Journal of Machine Learning Research},
  year    = {2008},
  volume  = {9},
  number  = {86},
  pages   = {2579--2605},
  url     = {http://jmlr.org/papers/v9/vandermaaten08a.html}
}

%    url = {https://www.bespokelabs.ai/blog/bespoke-stratos-the-unreasonable-effectiveness-of-reasoning-distillation},  
@misc{bespoke_stratos,  
    author = {Bespoke Labs},  
    title = {Bespoke-Stratos: The unreasonable effectiveness of reasoning distillation},
    url = {https://hf.co/bespokelabs/Bespoke-Stratos-32B},
    note = {Accessed: 2025-01-22},  
    year = {2025}
}

@misc{li2025llmseasilylearnreason,
      title={LLMs Can Easily Learn to Reason from Demonstrations Structure, not content, is what matters!}, 
      author={Dacheng Li and Shiyi Cao and Tyler Griggs and Shu Liu and Xiangxi Mo and Shishir G. Patil and Matei Zaharia and Joseph E. Gonzalez and Ion Stoica},
      year={2025},
      eprint={2502.07374},
      archivePrefix={arXiv},
      primaryClass={cs.AI},
      url={https://arxiv.org/abs/2502.07374}, 
}

@misc{servicenow_r1distill,  
    author = {ServiceNow AI},  
    title = {SLAM lab - R1-Distill-SFT Dataset},
    url = {https://hf.co/ServiceNow-AI/R1-Distill-SFT},
    note = {Accessed: 2025-02-04},  
    year = {2025}
}

@misc{aime,
    title = {AIME},
    url = {https://artofproblemsolving.com/wiki/index.php/AIME_Problems_and_Solutions/},
    author = {Mathematical Association of America },
    month = {February},
    year = {2024}
}

@misc{hou2025advancinglanguagemodelreasoning,
      title={Advancing Language Model Reasoning through Reinforcement Learning and Inference Scaling}, 
      author={Zhenyu Hou and Xin Lv and Rui Lu and Jiajie Zhang and Yujiang Li and Zijun Yao and Juanzi Li and Jie Tang and Yuxiao Dong},
      year={2025},
      eprint={2501.11651},
      archivePrefix={arXiv},
      primaryClass={cs.LG},
      url={https://arxiv.org/abs/2501.11651}, 
}

@misc{yeo2025demystifyinglongchainofthoughtreasoning,
      title={Demystifying Long Chain-of-Thought Reasoning in LLMs}, 
      author={Edward Yeo and Yuxuan Tong and Morry Niu and Graham Neubig and Xiang Yue},
      year={2025},
      eprint={2502.03373},
      archivePrefix={arXiv},
      primaryClass={cs.CL},
      url={https://arxiv.org/abs/2502.03373}, 
}

@misc{lightman2023letsverifystepstep,
      title={Let's Verify Step by Step}, 
      author={Hunter Lightman and Vineet Kosaraju and Yura Burda and Harri Edwards and Bowen Baker and Teddy Lee and Jan Leike and John Schulman and Ilya Sutskever and Karl Cobbe},
      year={2023},
      eprint={2305.20050},
      archivePrefix={arXiv},
      primaryClass={cs.LG},
      url={https://arxiv.org/abs/2305.20050}, 
}

@misc{havrilla2024glorewhenwhereimprove,
      title={GLoRe: When, Where, and How to Improve LLM Reasoning via Global and Local Refinements}, 
      author={Alex Havrilla and Sharath Raparthy and Christoforus Nalmpantis and Jane Dwivedi-Yu and Maksym Zhuravinskyi and Eric Hambro and Roberta Raileanu},
      year={2024},
      eprint={2402.10963},
      archivePrefix={arXiv},
      primaryClass={cs.CL},
      url={https://arxiv.org/abs/2402.10963}, 
}

@misc{zhang2024generativeverifiersrewardmodeling,
      title={Generative Verifiers: Reward Modeling as Next-Token Prediction}, 
      author={Lunjun Zhang and Arian Hosseini and Hritik Bansal and Mehran Kazemi and Aviral Kumar and Rishabh Agarwal},
      year={2024},
      eprint={2408.15240},
      archivePrefix={arXiv},
      primaryClass={cs.LG},
      url={https://arxiv.org/abs/2408.15240}, 
}

@misc{mahan2024generativerewardmodels,
      title={Generative Reward Models}, 
      author={Dakota Mahan and Duy Van Phung and Rafael Rafailov and Chase Blagden and Nathan Lile and Louis Castricato and Jan-Philipp FrÃ¤nken and Chelsea Finn and Alon Albalak},
      year={2024},
      eprint={2410.12832},
      archivePrefix={arXiv},
      primaryClass={cs.LG},
      url={https://arxiv.org/abs/2410.12832}, 
}

@misc{kim2025metastabledynamicschainofthoughtreasoning,
      title={Metastable Dynamics of Chain-of-Thought Reasoning: Provable Benefits of Search, RL and Distillation}, 
      author={Juno Kim and Denny Wu and Jason Lee and Taiji Suzuki},
      year={2025},
      eprint={2502.01694},
      archivePrefix={arXiv},
      primaryClass={cs.AI},
      url={https://arxiv.org/abs/2502.01694}, 
}

@misc{openai2025competitiveprogramminglargereasoning,
      title={Competitive Programming with Large Reasoning Models}, 
      author={OpenAI and : and Ahmed El-Kishky and Alexander Wei and Andre Saraiva and Borys Minaev and Daniel Selsam and David Dohan and Francis Song and Hunter Lightman and Ignasi Clavera and Jakub Pachocki and Jerry Tworek and Lorenz Kuhn and Lukasz Kaiser and Mark Chen and Max Schwarzer and Mostafa Rohaninejad and Nat McAleese and o3 contributors and Oleg MÃ¼rk and Rhythm Garg and Rui Shu and Szymon Sidor and Vineet Kosaraju and Wenda Zhou},
      year={2025},
      eprint={2502.06807},
      archivePrefix={arXiv},
      primaryClass={cs.LG},
      url={https://arxiv.org/abs/2502.06807}, 
}

@misc{wang2025examiningfalsepositivesinference,
      title={Examining False Positives under Inference Scaling for Mathematical Reasoning}, 
      author={Yu Wang and Nan Yang and Liang Wang and Furu Wei},
      year={2025},
      eprint={2502.06217},
      archivePrefix={arXiv},
      primaryClass={cs.CL},
      url={https://arxiv.org/abs/2502.06217}, 
}

@misc{setlur2025scalingtesttimecomputeverification,
      title={Scaling Test-Time Compute Without Verification or RL is Suboptimal}, 
      author={Amrith Setlur and Nived Rajaraman and Sergey Levine and Aviral Kumar},
      year={2025},
      eprint={2502.12118},
      archivePrefix={arXiv},
      primaryClass={cs.LG},
      url={https://arxiv.org/abs/2502.12118}, 
}

@inproceedings{NEURIPS2023_4e3c5399,
 author = {Albalak, Alon and Raffel, Colin A and Wang, William Yang},
 booktitle = {Advances in Neural Information Processing Systems},
 editor = {A. Oh and T. Naumann and A. Globerson and K. Saenko and M. Hardt and S. Levine},
 pages = {24754--24780},
 publisher = {Curran Associates, Inc.},
 title = {Improving Few-Shot Generalization by Exploring and Exploiting Auxiliary Data},
 url = {https://proceedings.neurips.cc/paper_files/paper/2023/file/4e3c5399729e06d2f0c22d04416904ab-Paper-Conference.pdf},
 volume = {36},
 year = {2023}
}

@misc{dennis2021emergentcomplexityzeroshottransfer,
      title={Emergent Complexity and Zero-shot Transfer via Unsupervised Environment Design}, 
      author={Michael Dennis and Natasha Jaques and Eugene Vinitsky and Alexandre Bayen and Stuart Russell and Andrew Critch and Sergey Levine},
      year={2021},
      eprint={2012.02096},
      archivePrefix={arXiv},
      primaryClass={cs.LG},
      url={https://arxiv.org/abs/2012.02096}, 
}

@misc{jiang2021prioritizedlevelreplay,
      title={Prioritized Level Replay}, 
      author={Minqi Jiang and Edward Grefenstette and Tim RocktÃ¤schel},
      year={2021},
      eprint={2010.03934},
      archivePrefix={arXiv},
      primaryClass={cs.LG},
      url={https://arxiv.org/abs/2010.03934}, 
}

@misc{albalak2023efficientonlinedatamixing,
      title={Efficient Online Data Mixing For Language Model Pre-Training}, 
      author={Alon Albalak and Liangming Pan and Colin Raffel and William Yang Wang},
      year={2023},
      eprint={2312.02406},
      archivePrefix={arXiv},
      primaryClass={cs.CL},
      url={https://arxiv.org/abs/2312.02406}, 
}

@inproceedings{NEURIPS2024_ed165f2f,
 author = {Wang, Jiachen (Tianhao) and Wu, Tong and Song, Dawn and Mittal, Prateek and Jia, Ruoxi},
 booktitle = {Advances in Neural Information Processing Systems},
 editor = {A. Globerson and L. Mackey and D. Belgrave and A. Fan and U. Paquet and J. Tomczak and C. Zhang},
 pages = {131197--131223},
 publisher = {Curran Associates, Inc.},
 title = {GREATS: Online Selection of High-Quality Data for LLM Training in Every Iteration},
 url = {https://proceedings.neurips.cc/paper_files/paper/2024/file/ed165f2ff227cf36c7e3ef88957dadd9-Paper-Conference.pdf},
 volume = {37},
 year = {2024}
}

@misc{yuan2025naturalreasoningreasoningwild28m,
      title={NaturalReasoning: Reasoning in the Wild with 2.8M Challenging Questions}, 
      author={Weizhe Yuan and Jane Yu and Song Jiang and Karthik Padthe and Yang Li and Dong Wang and Ilia Kulikov and Kyunghyun Cho and Yuandong Tian and Jason E Weston and Xian Li},
      year={2025},
      eprint={2502.13124},
      archivePrefix={arXiv},
      primaryClass={cs.CL},
      url={https://arxiv.org/abs/2502.13124}, 
}

@misc{li2024datacomplmsearchgenerationtraining,
      title={DataComp-LM: In search of the next generation of training sets for language models}, 
      author={Jeffrey Li and Alex Fang and Georgios Smyrnis and Maor Ivgi and Matt Jordan and Samir Gadre and Hritik Bansal and Etash Guha and Sedrick Keh and Kushal Arora and Saurabh Garg and Rui Xin and Niklas Muennighoff and Reinhard Heckel and Jean Mercat and Mayee Chen and Suchin Gururangan and Mitchell Wortsman and Alon Albalak and Yonatan Bitton and Marianna Nezhurina and Amro Abbas and Cheng-Yu Hsieh and Dhruba Ghosh and Josh Gardner and Maciej Kilian and Hanlin Zhang and Rulin Shao and Sarah Pratt and Sunny Sanyal and Gabriel Ilharco and Giannis Daras and Kalyani Marathe and Aaron Gokaslan and Jieyu Zhang and Khyathi Chandu and Thao Nguyen and Igor Vasiljevic and Sham Kakade and Shuran Song and Sujay Sanghavi and Fartash Faghri and Sewoong Oh and Luke Zettlemoyer and Kyle Lo and Alaaeldin El-Nouby and Hadi Pouransari and Alexander Toshev and Stephanie Wang and Dirk Groeneveld and Luca Soldaini and Pang Wei Koh and Jenia Jitsev and Thomas Kollar and Alexandros G. Dimakis and Yair Carmon and Achal Dave and Ludwig Schmidt and Vaishaal Shankar},
      year={2024},
      eprint={2406.11794},
      archivePrefix={arXiv},
      primaryClass={cs.LG},
      url={https://arxiv.org/abs/2406.11794}, 
}

@misc{soldaini2024dolmaopencorpustrillion,
      title={Dolma: an Open Corpus of Three Trillion Tokens for Language Model Pretraining Research}, 
      author={Luca Soldaini and Rodney Kinney and Akshita Bhagia and Dustin Schwenk and David Atkinson and Russell Authur and Ben Bogin and Khyathi Chandu and Jennifer Dumas and Yanai Elazar and Valentin Hofmann and Ananya Harsh Jha and Sachin Kumar and Li Lucy and Xinxi Lyu and Nathan Lambert and Ian Magnusson and Jacob Morrison and Niklas Muennighoff and Aakanksha Naik and Crystal Nam and Matthew E. Peters and Abhilasha Ravichander and Kyle Richardson and Zejiang Shen and Emma Strubell and Nishant Subramani and Oyvind Tafjord and Pete Walsh and Luke Zettlemoyer and Noah A. Smith and Hannaneh Hajishirzi and Iz Beltagy and Dirk Groeneveld and Jesse Dodge and Kyle Lo},
      year={2024},
      eprint={2402.00159},
      archivePrefix={arXiv},
      primaryClass={cs.CL},
      url={https://arxiv.org/abs/2402.00159}, 
}

@misc{mirzadeh2024gsmsymbolicunderstandinglimitationsmathematical,
      title={GSM-Symbolic: Understanding the Limitations of Mathematical Reasoning in Large Language Models}, 
      author={Iman Mirzadeh and Keivan Alizadeh and Hooman Shahrokhi and Oncel Tuzel and Samy Bengio and Mehrdad Farajtabar},
      year={2024},
      eprint={2410.05229},
      archivePrefix={arXiv},
      primaryClass={cs.LG},
      url={https://arxiv.org/abs/2410.05229}, 
}

@misc{wei2023chainofthoughtpromptingelicitsreasoning,
      title={Chain-of-Thought Prompting Elicits Reasoning in Large Language Models}, 
      author={Jason Wei and Xuezhi Wang and Dale Schuurmans and Maarten Bosma and Brian Ichter and Fei Xia and Ed Chi and Quoc Le and Denny Zhou},
      year={2023},
      eprint={2201.11903},
      archivePrefix={arXiv},
      primaryClass={cs.CL},
      url={https://arxiv.org/abs/2201.11903}, 
}

@misc{schaeffer2023emergentabilitieslargelanguage,
      title={Are Emergent Abilities of Large Language Models a Mirage?}, 
      author={Rylan Schaeffer and Brando Miranda and Sanmi Koyejo},
      year={2023},
      eprint={2304.15004},
      archivePrefix={arXiv},
      primaryClass={cs.AI},
      url={https://arxiv.org/abs/2304.15004}, 
}