@article{4mamba,
  title={Timemachine: A time series is worth 4 mambas for long-term forecasting},
  author={Ahamed, Md Atik and Cheng, Qiang},
  journal={arXiv preprint arXiv:2403.09898},
  year={2024},
  url={https://arxiv.org/abs/2403.09898}
}

@article{Ng2022graphformer,
  title={Expressing Multivariate Time Series as Graphs with Time Series Attention Transformer},
  author={Ng, William T and Siu, K and Cheung, Albert C and Ng, Michael K},
  journal={arXiv preprint arXiv:2208.09300},
  year={2022},
  url={https://arxiv.org/abs/2208.09300}
}

@inproceedings{Wu2021autoformer,
 author = {Wu, Haixu and Xu, Jiehui and Wang, Jianmin and Long, Mingsheng},
 booktitle = {Advances in Neural Information Processing Systems},
 editor = {M. Ranzato and A. Beygelzimer and Y. Dauphin and P.S. Liang and J. Wortman Vaughan},
 pages = {22419--22430},
 publisher = {Curran Associates, Inc.},
 title = {Autoformer: Decomposition Transformers with Auto-Correlation for Long-Term Series Forecasting},
 url = {https://proceedings.neurips.cc/paper_files/paper/2021/file/bcc0d400288793e8bdcd7c19a8ac0c2b-Paper.pdf},
 volume = {34},
 year = {2021}
}

@article{Zhang2022lightts,
  title={Less is more: Fast multivariate time series forecasting with light sampling-oriented MLP structures},
  author={Zhang, Tianping and Zhang, Yizhuo and Cao, Wei and Bian, Jiang and Yi, Xiaohan and Zheng, Shun and Li, Jian},
  journal={arXiv preprint arXiv:2207.01186},
  year={2022},
  url={https://arxiv.org/abs/2207.01186}
}

@inproceedings{Zhou2022film,
 author = {Zhou, Tian and MA, Ziqing and wang, xue and Wen, Qingsong and Sun, Liang and Yao, Tao and Yin, Wotao and Jin, Rong},
 booktitle = {Advances in Neural Information Processing Systems},
 editor = {S. Koyejo and S. Mohamed and A. Agarwal and D. Belgrave and K. Cho and A. Oh},
 pages = {12677--12690},
 publisher = {Curran Associates, Inc.},
 title = {FiLM: Frequency improved Legendre Memory Model for Long-term Time Series Forecasting},
 volume = {35},
 year = {2022}
}

@article{chen2024similarity,
  title={From similarity to superiority: Channel clustering for time series forecasting},
  author={Chen, Jialin and Lenssen, Jan Eric and Feng, Aosong and Hu, Weihua and Fey, Matthias and Tassiulas, Leandros and Leskovec, Jure and Ying, Rex},
  journal={arXiv preprint arXiv:2404.01340},
  year={2024},
  url={https://arxiv.org/abs/2404.01340}
}

@inproceedings{du2022preformer,
  title={Preformer: Predictive Transformer with Multi-Scale Segment-wise Correlations for Long-Term Time Series Forecasting},
  author={Du, Dazhao and Su, Bing and Wei, Zhewei},
  booktitle={ICASSP 2023-2023 IEEE International Conference on Acoustics, Speech and Signal Processing (ICASSP)},
  year={2023},
  organization={IEEE}
}

@article{lin2023segrnn,
  title={Segrnn: Segment recurrent neural network for long-term time series forecasting},
  author={Lin, Shengsheng and Lin, Weiwei and Wu, Wentai and Zhao, Feiyu and Mo, Ruichao and Zhang, Haotong},
  journal={arXiv preprint arXiv:2308.11200},
  year={2023},
  url={https://arxiv.org/abs/2308.11200}
}

@article{liu2024autotimes,
  title={AutoTimes: Autoregressive Time Series Forecasters via Large Language Models},
  author={Liu, Yong and Qin, Guo and Huang, Xiangdong and Wang, Jianmin and Long, Mingsheng},
  journal={arXiv preprint arXiv:2402.02370},
  year={2024}
}

@article{liu2024timellm,
  title={Autotimes: Autoregressive time series forecasters via large language models},
  author={Liu, Yong and Qin, Guo and Huang, Xiangdong and Wang, Jianmin and Long, Mingsheng},
  journal={arXiv preprint arXiv:2402.02370},
  year={2024}
}

@article{liu2024unitst,
  title={UniTST: Effectively modeling inter-series and intra-series dependencies for multivariate time series forecasting},
  author={Liu, Juncheng and Liu, Chenghao and Woo, Gerald and Wang, Yiwei and Hooi, Bryan and Xiong, Caiming and Sahoo, Doyen},
  journal={arXiv preprint arXiv:2406.04975},
  year={2024},
  url={https://arxiv.org/abs/2406.04975}
}

@inproceedings{shangada2024tsfgnn,
  title={Ada-MSHyper: Adaptive Multi-Scale Hypergraph Transformer for Time Series Forecasting},
  author={Shang, Zongjiang and Chen, Ling and Wu, Binqing and Cui, Dongliang},
  booktitle={The Thirty-eighth Annual Conference on Neural Information Processing Systems},
  year={2024}
}

@inproceedings{wang2023timemixer,
  title={TimeMixer: Decomposable Multiscale Mixing for Time Series Forecasting},
  author={Wang, Shiyu and Wu, Haixu and Shi, Xiaoming and Hu, Tengge and Luo, Huakun and Ma, Lintao and Zhang, James Y and ZHOU, JUN},
  booktitle={International Conference on Learning Representations (ICLR)},
  year={2024}
}

@article{wang2024mamba,
  title={Is Mamba Effective for Time Series Forecasting?},
  author={Wang, Zihan and Kong, Fanheng and Feng, Shi and Wang, Ming and Zhao, Han and Wang, Daling and Zhang, Yifei},
  journal={arXiv preprint arXiv:2403.11144},
  year={2024}
}

@article{yi2023freqsurvey,
  title={A survey on deep learning based time series analysis with frequency transformation},
  author={Yi, Kun and Zhang, Qi and Cao, Longbing and Wang, Shoujin and Long, Guodong and Hu, Liang and He, Hui and Niu, Zhendong and Fan, Wei and Xiong, Hui},
  journal={arXiv preprint arXiv:2302.02173},
  year={2023}
}

@article{yi2024filternet,
  title={FilterNet: Harnessing Frequency Filters for Time Series Forecasting},
  author={Yi, Kun and Fei, Jingru and Zhang, Qi and He, Hui and Hao, Shufeng and Lian, Defu and Fan, Wei},
  journal={arXiv preprint arXiv:2411.01623},
  year={2024}
}

@article{yu2024lino,
  title={LiNo: Advancing Recursive Residual Decomposition of Linear and Nonlinear Patterns for Robust Time Series Forecasting},
  author={Yu, Guoqi and Li, Yaoming and Guo, Xiaoyu and Wang, Dayu and Liu, Zirui and Wang, Shujun and Yang, Tong},
  journal={arXiv preprint arXiv:2410.17159},
  year={2024}
}

