@book{brockwell1991high,
  title={Time series: Theory and methods},
  author={Brockwell, Peter J},
  year={1991},
  publisher={Springer-Verlag}
}
@article{zhou1996high,
  title={High-frequency data and volatility in foreign-exchange rates},
  author={Zhou, Bin},
  journal={Journal of Business \& Economic Statistics},
  volume={14},
  number={1},
  pages={45--52},
  year={1996},
  publisher={Taylor \& Francis}
}
@article{yu2024lino,
  title={LiNo: Advancing Recursive Residual Decomposition of Linear and Nonlinear Patterns for Robust Time Series Forecasting},
  author={Yu, Guoqi and Li, Yaoming and Guo, Xiaoyu and Wang, Dayu and Liu, Zirui and Wang, Shujun and Yang, Tong},
  journal={arXiv preprint arXiv:2410.17159},
  year={2024}
}
@book{box2015high,
  title={Time series analysis: forecasting and control},
  author={Box, George EP and Jenkins, Gwilym M and Reinsel, Gregory C and Ljung, Greta M},
  year={2015},
  publisher={John Wiley \& Sons}
}
@article{stock2002low,
  title={Forecasting using principal components from a large number of predictors},
  author={Stock, James H and Watson, Mark W},
  journal={Journal of the American statistical association},
  volume={97},
  number={460},
  pages={1167--1179},
  year={2002},
  publisher={Taylor \& Francis}
}
@article{dinpashoh2014low,
  title={Effect of short-term and long-term persistence on identification of temporal trends},
  author={Dinpashoh, Yagob and Mirabbasi, Rasoul and Jhajharia, Deepak and Abianeh, Hamid Zare and Mostafaeipour, Ali},
  journal={Journal of Hydrologic Engineering},
  volume={19},
  number={3},
  pages={617--625},
  year={2014},
  publisher={American Society of Civil Engineers}
}
@article{hammond1996low,
  title={The analysis of non-stationary signals using time-frequency methods},
  author={Hammond, Joe K and White, Paul R},
  journal={Journal of Sound and vibration},
  volume={190},
  number={3},
  pages={419--447},
  year={1996},
  publisher={Elsevier}
}
@book{chatfield2019low,
  title={The analysis of time series: an introduction with R},
  author={Chatfield, Chris and Xing, Haipeng},
  year={2019},
  publisher={Chapman and hall/CRC}
}
@article{granger1974low,
  title={Spurious regressions in econometrics},
  author={Granger, Clive WJ and Newbold, Paul},
  journal={Journal of econometrics},
  volume={2},
  number={2},
  pages={111--120},
  year={1974},
  publisher={Citeseer}
}
@article{cheng2015nonstationarity,
  title={Time series forecasting for nonlinear and non-stationary processes: a review and comparative study},
  author={Cheng, Changqing and Sa-Ngasoongsong, Akkarapol and Beyca, Omer and Le, Trung and Yang, Hui and Kong, Zhenyu and Bukkapatnam, Satish TS},
  journal={Iie Transactions},
  volume={47},
  number={10},
  pages={1053--1071},
  year={2015},
  publisher={Taylor \& Francis}
}
@misc{priestley1981freq,
  title={Spectral Analysis and Time Series},
  author={Priestley, MB},
  year={1981},
  publisher={Academic Press}
}
@inproceedings{tslanet,
  title     = {TSLANet: Rethinking Transformers for Time Series Representation Learning},
  author    = {Eldele, Emadeldeen and Ragab, Mohamed and Chen, Zhenghua and Wu, Min and Li, Xiaoli},
  booktitle = {International Conference on Machine Learning},
  year      = {2024}
}
 @article{Wu2024nature,  
 title={Interpretable weather forecasting for worldwide stations with a unified deep model}, 
 author={Wu, Haixu and Zhou, Hang and Long, Mingsheng and Wang, Jianmin}, 
 language={en-US} 
 }
@article{cirstea2022triformer,
  title={Triformer: Triangular, Variable-Specific Attentions for Long Sequence Multivariate Time Series Forecasting--Full Version},
  author={Cirstea, Razvan-Gabriel and Guo, Chenjuan and Yang, Bin and Kieu, Tung and Dong, Xuanyi and Pan, Shirui},
  journal={arXiv preprint arXiv:2204.13767},
  year={2022}
}
@inproceedings{shao2022spatial,
  title={Spatial-temporal identity: A simple yet effective baseline for multivariate time series forecasting},
  author={Shao, Zezhi and Zhang, Zhao and Wang, Fei and Wei, Wei and Xu, Yongjun},
  booktitle={Proceedings of the 31st ACM International Conference on Information \& Knowledge Management},
  pages={4454--4458},
  year={2022}
}
@article{yi2024filternet,
  title={FilterNet: Harnessing Frequency Filters for Time Series Forecasting},
  author={Yi, Kun and Fei, Jingru and Zhang, Qi and He, Hui and Hao, Shufeng and Lian, Defu and Fan, Wei},
  journal={arXiv preprint arXiv:2411.01623},
  year={2024}
}
@inproceedings{rahaman2019full,
  title={On the spectral bias of neural networks},
  author={Rahaman, Nasim and Baratin, Aristide and Arpit, Devansh and Draxler, Felix and Lin, Min and Hamprecht, Fred and Bengio, Yoshua and Courville, Aaron},
  booktitle={International conference on machine learning},
  pages={5301--5310},
  year={2019},
  organization={PMLR}
}
@article{bai2018mid,
  title={An empirical evaluation of generic convolutional and recurrent networks for sequence modeling},
  author={Bai, Shaojie and Kolter, J Zico and Koltun, Vladlen},
  journal={arXiv preprint arXiv:1803.01271},
  year={2018}
}
@inproceedings{dai2024pdf,
  title={Periodicity decoupling framework for long-term series forecasting},
  author={Dai, Tao and Wu, Beiliang and Liu, Peiyuan and Li, Naiqi and Bao, Jigang and Jiang, Yong and Xia, Shu-Tao},
  booktitle={The Twelfth International Conference on Learning Representations},
  year={2024}
}
@inproceedings{
jia2024rnn,
title={PGN: The RNN's New Successor is Effective for Long-Range Time Series Forecasting},
author={Yuxin Jia and Youfang Lin and Jing Yu and Shuo Wang and Tianhao Liu and Huaiyu Wan},
booktitle={The Thirty-eighth Annual Conference on Neural Information Processing Systems},
year={2024}
}
@article{liu2024autotimes,
  title={AutoTimes: Autoregressive Time Series Forecasters via Large Language Models},
  author={Liu, Yong and Qin, Guo and Huang, Xiangdong and Wang, Jianmin and Long, Mingsheng},
  journal={arXiv preprint arXiv:2402.02370},
  year={2024}
}
@inproceedings{shangada2024tsfgnn,
  title={Ada-MSHyper: Adaptive Multi-Scale Hypergraph Transformer for Time Series Forecasting},
  author={Shang, Zongjiang and Chen, Ling and Wu, Binqing and Cui, Dongliang},
  booktitle={The Thirty-eighth Annual Conference on Neural Information Processing Systems},
  year={2024}
}
@article{ansari2024mixup,
  title={Chronos: Learning the language of time series},
  author={Ansari, Abdul Fatir and Stella, Lorenzo and Turkmen, Caner and Zhang, Xiyuan and Mercado, Pedro and Shen, Huibin and Shchur, Oleksandr and Rangapuram, Syama Sundar and Arango, Sebastian Pineda and Kapoor, Shubham and others},
  journal={arXiv preprint arXiv:2403.07815},
  year={2024}
}
@inproceedings{ryu2024tf,
  title={SimPSI: A Simple Strategy to Preserve Spectral Information in Time Series Data Augmentation},
  author={Ryu, Hyun and Yoon, Sunjae and Yoon, Hee Suk and Yoon, Eunseop and Yoo, Chang D},
  booktitle={Proceedings of the AAAI Conference on Artificial Intelligence},
  volume={38},
  number={13},
  pages={14857--14865},
  year={2024}
}
@article{sundararajan2023ekpb,
  title={Frequency Band Analysis of Nonstationary Multivariate Time Series},
  author={Sundararajan, Raanju R and Bruce, Scott A},
  journal={arXiv preprint arXiv:2301.03664},
  year={2023}
}
@article{chekroun2017ekpb,
  title={Data-adaptive harmonic spectra and multilayer Stuart-Landau models},
  author={Chekroun, Micka{\"e}l D and Kondrashov, Dmitri},
  journal={Chaos: An Interdisciplinary Journal of Nonlinear Science},
  volume={27},
  number={9},
  year={2017},
  publisher={AIP Publishing}
}
@article{bogalo2024ekpb,
  title={Understanding fluctuations through multivariate circulant singular spectrum analysis},
  author={B{\'o}galo, Juan and Poncela, Pilar and Senra, Eva},
  journal={Expert Systems with Applications},
  volume={251},
  pages={123827},
  year={2024},
  publisher={Elsevier}
}
@article{can2018conv,
  title={An efficient CNN for spectral reconstruction from RGB images},
  author={Can, Yigit Baran and Timofte, Radu},
  journal={arXiv preprint arXiv:1804.04647},
  year={2018}
}
@article{chakraborty2021conv,
  title={Spectralnet: Exploring spatial-spectral waveletcnn for hyperspectral image classification},
  author={Chakraborty, Tanmay and Trehan, Utkarsh},
  journal={arXiv preprint arXiv:2104.00341},
  year={2021}
}
@article{asselin1972frequencyfilter,
  title={Frequency filter for time integrations},
  author={Asselin, Richard},
  journal={Monthly Weather Review},
  volume={100},
  number={6},
  pages={487--490},
  year={1972}
}
@article{alkhalifah2022tf,
  title={MLReal: Bridging the gap between training on synthetic data and real data applications in machine learning},
  author={Alkhalifah, Tariq and Wang, Hui and Ovcharenko, Oleg},
  journal={Artificial Intelligence in Geosciences},
  volume={3},
  pages={101--114},
  year={2022},
  publisher={Elsevier}
}
@article{zhou2023mixup,
  title={Improving time series forecasting with mixup data augmentation},
  author={Zhou, Yun and You, Liwen and Zhu, Wenzhen and Xu, Panpan},
  year={2023}
}
@inproceedings{
Zhao2024freqchannel,
title={Rethinking Channel Dependence for Multivariate Time Series Forecasting: Learning from Leading Indicators},
author={Lifan Zhao and Yanyan Shen},
booktitle={The Twelfth International Conference on Learning Representations},
year={2024},
url={https://openreview.net/forum?id=JiTVtCUOpS}
}
@article{geweke1984freqchannel,
  title={Measures of conditional linear dependence and feedback between time series},
  author={Geweke, John F},
  journal={Journal of the American Statistical Association},
  volume={79},
  number={388},
  pages={907--915},
  year={1984},
  publisher={Taylor \& Francis}
}
@inproceedings{yu2023dsformer,
  title={Dsformer: A double sampling transformer for multivariate time series long-term prediction},
  author={Yu, Chengqing and Wang, Fei and Shao, Zezhi and Sun, Tao and Wu, Lin and Xu, Yongjun},
  booktitle={Proceedings of the 32nd ACM international conference on information and knowledge management},
  pages={3062--3072},
  year={2023}
}
@inproceedings{guo2019mid,
  title={Mixup as locally linear out-of-manifold regularization},
  author={Guo, Hongyu and Mao, Yongyi and Zhang, Richong},
  booktitle={Proceedings of the AAAI conference on artificial intelligence},
  volume={33},
  number={01},
  pages={3714--3722},
  year={2019}
}
@article{park2019mid,
  title={Specaugment: A simple data augmentation method for automatic speech recognition},
  author={Park, Daniel S and Chan, William and Zhang, Yu and Chiu, Chung-Cheng and Zoph, Barret and Cubuk, Ekin D and Le, Quoc V},
  journal={arXiv preprint arXiv:1904.08779},
  year={2019}
}
@article{xu2024full,
  title={Overview frequency principle/spectral bias in deep learning},
  author={Xu, Zhi-Qin John and Zhang, Yaoyu and Luo, Tao},
  journal={Communications on Applied Mathematics and Computation},
  pages={1--38},
  year={2024},
  publisher={Springer}
}
 @inproceedings{Tishby2015full,  
 title={Deep Learning and the Information Bottleneck Principle}, 
 url={http://dx.doi.org/10.1109/itw.2015.7133169}, 
 DOI={10.1109/itw.2015.7133169}, 
 booktitle={2015 IEEE Information Theory Workshop (ITW)}, 
 author={Tishby, Naftali and Zaslavsky, Noga}, 
 year={2015}, 
 month={Apr}, 
 language={en-US} 
 }
@article{fan2022depts,
  title={DEPTS: Deep expansion learning for periodic time series forecasting},
  author={Fan, Wei and Zheng, Shun and Yi, Xiaohan and Cao, Wei and Fu, Yanjie and Bian, Jiang and Liu, Tie-Yan},
  journal={arXiv preprint arXiv:2203.07681},
  year={2022}
}
@article{jiang2023fecam,
  title={FECAM: Frequency enhanced channel attention mechanism for time series forecasting},
  author={Jiang, Maowei and Zeng, Pengyu and Wang, Kai and Liu, Huan and Chen, Wenbo and Liu, Haoran},
  journal={Advanced Engineering Informatics},
  volume={58},
  pages={102158},
  year={2023},
  publisher={Elsevier}
}
@article{fan2024efficiency,
  title={Deep frequency derivative learning for non-stationary time series forecasting},
  author={Fan, Wei and Yi, Kun and Ye, Hangting and Ning, Zhiyuan and Zhang, Qi and An, Ning},
  journal={arXiv preprint arXiv:2407.00502},
  year={2024}
}
@article{yi2023freqsurvey,
  title={A survey on deep learning based time series analysis with frequency transformation},
  author={Yi, Kun and Zhang, Qi and Cao, Longbing and Wang, Shoujin and Long, Guodong and Hu, Liang and He, Hui and Niu, Zhendong and Fan, Wei and Xiong, Hui},
  journal={arXiv preprint arXiv:2302.02173},
  year={2023}
}
@article{wen2022transformersurvey,
  title={Transformers in time series: A survey},
  author={Wen, Qingsong and Zhou, Tian and Zhang, Chaoli and Chen, Weiqi and Ma, Ziqing and Yan, Junchi and Sun, Liang},
  journal={arXiv preprint arXiv:2202.07125},
  year={2022}
}
@article{torres2021tsfsurvey,
  title={Deep learning for time series forecasting: a survey},
  author={Torres, Jos{\'e} F and Hadjout, Dalil and Sebaa, Abderrazak and Mart{\'\i}nez-{\'A}lvarez, Francisco and Troncoso, Alicia},
  journal={Big Data},
  volume={9},
  number={1},
  pages={3--21},
  year={2021},
  publisher={Mary Ann Liebert, Inc., publishers 140 Huguenot Street, 3rd Floor New~…}
}
@inproceedings{
ilbert2024samformer,
title={{SAM}former: Unlocking the Potential of Transformers in Time Series Forecasting with Sharpness-Aware Minimization and Channel-Wise Attention},
author={Romain Ilbert and Ambroise Odonnat and Vasilii Feofanov and Aladin Virmaux and Giuseppe Paolo and Themis Palpanas and Ievgen Redko},
booktitle={Forty-first International Conference on Machine Learning},
year={2024},
url={https://openreview.net/forum?id=8kLzL5QBh2}
}
@article{Wangtslb2024,   
title={Deep time series models: A comprehensive survey and benchmark},  
author={Wang, Yuxuan and Wu, Haixu and Dong, Jiaxiang and Liu, Yong and Long, Mingsheng and Wang, Jianmin},  
journal={arXiv preprint arXiv:2407.13278},
url={https://arxiv.org/abs/2407.13278},
year={2024}}
@inproceedings{Piao2024fredformer,
  title={Fredformer: Frequency Debiased Transformer for Time Series Forecasting},
  author={Xihao Piao and Zheng Chen and Taichi Murayama and Yasuko Matsubara and Yasushi Sakurai},
  booktitle={Proceedings of the 30th ACM SIGKDD Conference on Knowledge Discovery and Data Mining},
  series = {KDD '24},
  year={2024}
}
@misc{stock1998lino,
  title={A comparison of linear and nonlinear univariate models for forecasting macroeconomic time series},
  author={Stock, James H and Watson, Mark W},
  year={1998},
  publisher={National Bureau of Economic Research Cambridge, Mass., USA}
}
@article{zhang2003lino1,
  title={Time series forecasting using a hybrid ARIMA and neural network model},
  author={Zhang, G Peter},
  journal={Neurocomputing},
  volume={50},
  pages={159--175},
  year={2003},
  publisher={Elsevier}
}
@article{de2011decom3,
  title={Forecasting time series with complex seasonal patterns using exponential smoothing},
  author={De Livera, Alysha M and Hyndman, Rob J and Snyder, Ralph D},
  journal={Journal of the American statistical association},
  volume={106},
  number={496},
  pages={1513--1527},
  year={2011},
  publisher={Taylor \& Francis}
}

@inproceedings{
jin2023timellm,
title={Time-{LLM}: Time series forecasting by reprogramming large language models},
author={Ming Jin and Shiyu Wang and Lintao Ma and Zhixuan Chu and James Y. Zhang and Xiaoming Shi and Pin-Yu Chen and Yuxuan Liang and Yuan-Fang Li and Shirui Pan and Qingsong Wen},
booktitle={Proceedings of the Twelfth International Conference on Learning Representations (ICLR)},
year={2024},
url={https://openreview.net/forum?id=Unb5CVPtae}
}

@article{liu2024timellm,
  title={Autotimes: Autoregressive time series forecasters via large language models},
  author={Liu, Yong and Qin, Guo and Huang, Xiangdong and Wang, Jianmin and Long, Mingsheng},
  journal={arXiv preprint arXiv:2402.02370},
  year={2024}
}
@article{gruver2024timellm,
  title={Large language models are zero-shot time series forecasters},
  author={Gruver, Nate and Finzi, Marc and Qiu, Shikai and Wilson, Andrew G},
  journal={Advances in Neural Information Processing Systems},
  volume={36},
  year={2024}
}
@inproceedings{pan2024timellm,
  title={$S^2$ IP-LLM: Semantic Space Informed Prompt Learning with LLM for Time Series Forecasting},
  author={Pan, Zijie and Jiang, Yushan and Garg, Sahil and Schneider, Anderson and Nevmyvaka, Yuriy and Song, Dongjin},
  booktitle={Forty-first International Conference on Machine Learning},
  year={2024}
}

@inproceedings{bian2024timellm,
  author={Yuxuan Bian and Xuan Ju and Jiangtong Li and Zhijian Xu and Dawei Cheng and Qiang Xu},
  title={Multi-patch prediction: Adapting LLMs for time series representation learning},
  booktitle={Proceedings of the Forty-first International Conference on Machine Learning (ICML)},
  year={2024},
  url={https://arxiv.org/abs/2402.04852v2}
}


@article{taylor2018decom2,
  title={Forecasting at scale},
  author={Taylor, Sean J and Letham, Benjamin},
  journal={The American Statistician},
  volume={72},
  number={1},
  pages={37--45},
  year={2018},
  publisher={Taylor \& Francis}
}
@inproceedings{
yu2024leddam,
  title={Revitalizing multivariate time series forecasting: Learnable decomposition with inter-series dependencies and intra-series variations modeling},
  author={Guoqi Yu and Jing Zou and Xiaowei Hu and Angelica I Aviles-Rivero and Jing Qin and Shujun Wang},
  booktitle={Proceedings of the Forty-first International Conference on Machine Learning (ICML)},
  year={2024},
  url={https://openreview.net/forum?id=87CYNyCGOo}
}

@article{Adhikari2013lino3,
  title={An introductory study on time series modeling and forecasting},
  author={Agrawal, RK and Adhikari, Ratnadip},
  journal={arXiv preprint arXiv:1302.6613},
  year={2013},
  url={https://arxiv.org/abs/1302.6613}
}

@article{dama2021analysis,
  title={Analysis and modeling to forecast in time series: A systematic review},
  author={Dama, Fatoumata and Sinoquet, Christine},
  journal={arXiv preprint arXiv:2104.00164},
  year={2021},
  url={https://arxiv.org/abs/2104.00164}
}
@book{bloomfield2004decomlino,
  title={Fourier analysis of time series: an introduction},
  author={Bloomfield, Peter},
  year={2004},
  publisher={John Wiley \& Sons}
}
@book{tsay2018nonlinear,
  title={Nonlinear time series analysis},
  author={Tsay, Ruey S and Chen, Rong},
  year={2018},
  publisher={John Wiley \& Sons}
}
@article{hyndman2011multilevel,
  title={Optimal combination forecasts for hierarchical time series},
  author={Hyndman, Rob J and Ahmed, Roman A and Athanasopoulos, George and Shang, Han Lin},
  journal={Computational Statistics \& Data Analysis},
  volume={55},
  number={9},
  pages={2579--2589},
  year={2011},
  publisher={Elsevier},
  doi={10.1016/j.csda.2011.02.009}
}
@book{shumway2000std,
  title={Time series analysis and its applications},
  author={Shumway, Robert H and Stoffer, David S and Stoffer, David S},
  volume={3},
  year={2000},
  publisher={Springer}
}
@article{huang1998decomlino,
  title={The empirical mode decomposition and the Hilbert spectrum for nonlinear and non-stationary time series analysis},
  author={Huang, Norden E and Shen, Zheng and Long, Steven R and Wu, Manli C and Shih, Hsing H and Zheng, Quanan and Yen, Nai-Chyuan and Tung, Chi Chao and Liu, Henry H},
  journal={Proceedings of the Royal Society of London. Series A: Mathematical, Physical and Engineering Sciences},
  volume={454},
  number={1971},
  pages={903--995},
  year={1998},
  publisher={The Royal Society},
  doi={10.1098/rspa.1998.0193}
}
@inproceedings{
toner2024alinear,
  title={An analysis of linear time series forecasting models},
  author={William Toner and Luke Nicholas Darlow},
  booktitle={Proceedings of the Forty-first International Conference on Machine Learning (ICML)},
  year={2024},
  url={https://openreview.net/forum?id=xl82CcbYaT}
}

@inproceedings{
wang2024card,
title={{CARD}: Channel Aligned Robust Blend Transformer for Time Series Forecasting},
author={Xue Wang and Tian Zhou and Qingsong Wen and Jinyang Gao and Bolin Ding and Rong Jin},
booktitle={The Twelfth International Conference on Learning Representations},
year={2024},
url={https://openreview.net/forum?id=MJksrOhurE}
}

@inproceedings{lin2024sparsetsf,
  title={Sparsetsf: Modeling long-term time series forecasting with 1k parameters},
  author={Lin, Shengsheng and Lin, Weiwei and Wu, Wentai and Chen, Haojun and Yang, Junjie},
  booktitle={Proceedings of the Forty-first International Conference on Machine Learning (ICML)},
  year={2024}
}

@inproceedings{du2022preformer,
  title={Preformer: Predictive Transformer with Multi-Scale Segment-wise Correlations for Long-Term Time Series Forecasting},
  author={Du, Dazhao and Su, Bing and Wei, Zhewei},
  booktitle={ICASSP 2023-2023 IEEE International Conference on Acoustics, Speech and Signal Processing (ICASSP)},
  year={2023},
  organization={IEEE}
}

@article{chen2024similarity,
  title={From similarity to superiority: Channel clustering for time series forecasting},
  author={Chen, Jialin and Lenssen, Jan Eric and Feng, Aosong and Hu, Weihua and Fey, Matthias and Tassiulas, Leandros and Leskovec, Jure and Ying, Rex},
  journal={arXiv preprint arXiv:2404.01340},
  year={2024},
  url={https://arxiv.org/abs/2404.01340}
}

@inproceedings{
shabani2023scaleformer,
title={Scaleformer: Iterative Multi-scale Refining Transformers for Time Series Forecasting},
author={Mohammad Amin Shabani and Amir H. Abdi and Lili Meng and Tristan Sylvain},
booktitle={The Eleventh International Conference on Learning Representations },
year={2023},
url={https://openreview.net/forum?id=sCrnllCtjoE}
}
@article{lin2023segrnn,
  title={Segrnn: Segment recurrent neural network for long-term time series forecasting},
  author={Lin, Shengsheng and Lin, Weiwei and Wu, Wentai and Zhao, Feiyu and Mo, Ruichao and Zhang, Haotong},
  journal={arXiv preprint arXiv:2308.11200},
  year={2023},
  url={https://arxiv.org/abs/2308.11200}
}
@article{4mamba,
  title={Timemachine: A time series is worth 4 mambas for long-term forecasting},
  author={Ahamed, Md Atik and Cheng, Qiang},
  journal={arXiv preprint arXiv:2403.09898},
  year={2024},
  url={https://arxiv.org/abs/2403.09898}
}
@article{wang2024mamba,
  title={Is Mamba Effective for Time Series Forecasting?},
  author={Wang, Zihan and Kong, Fanheng and Feng, Shi and Wang, Ming and Zhao, Han and Wang, Daling and Zhang, Yifei},
  journal={arXiv preprint arXiv:2403.11144},
  year={2024}
}

@article{Zhang2022tdformer,
  title={First de-trend then attend: Rethinking attention for time-series forecasting},
  author={Zhang, Xiyuan and Xiaoyong, Jin and Gopalswamy, Karthick and Gupta, Gaurav and Park, Youngsuk and Shi, Xingjian and Wang, Hao and Maddix, Danielle C and Wang, Yuyang and Diego, UcSan and Labs, AwsAi and Aws, Aws},
  journal={arXiv preprint arXiv:2212.08151},
  year={2022},
  url={https://arxiv.org/abs/2212.08151}
}

@article{woo2022etsformer,
    title={ETSformer: Exponential Smoothing Transformers for Time-series Forecasting},
    author={Gerald Woo and Chenghao Liu and Doyen Sahoo and Akshat Kumar and Steven C. H. Hoi},
    journal={arXiv preprint arXiv:2202.01381},
    year={2022},
    url={https://arxiv.org/abs/2202.01381},
}
@article{chen2023tsmixer,
  title={TSMixer: An all-MLP architecture for time series forecasting},
  author={Si-An Chen and Chun-Liang Li and Sercan O Arik and Nathanael Christian Yoder and Tomas Pfister},
  journal={Transactions on Machine Learning Research},
  issn={2835-8856},
  year={2023},
  url={https://openreview.net/forum?id=wbpxTuXgm0}
}
@inproceedings{
Oreshkin2020nbeats,
title={N-BEATS: Neural basis expansion analysis for interpretable time series forecasting},
author={Boris N. Oreshkin and Dmitri Carpov and Nicolas Chapados and Yoshua Bengio},
booktitle={International Conference on Learning Representations},
year={2020},
url={https://openreview.net/forum?id=r1ecqn4YwB}
}
@inproceedings{challu2023nhits,
  title={Nhits: Neural hierarchical interpolation for time series forecasting},
  author={Challu, Cristian and Olivares, Kin G and Oreshkin, Boris N and Ramirez, Federico Garza and Canseco, Max Mergenthaler and Dubrawski, Artur},
  booktitle={Proceedings of the AAAI conference on artificial intelligence},
  volume={37},
  pages={6989--6997},
  year={2023}
}
@article{han2024softs,
  title={SOFTS: Efficient multivariate time series forecasting with series-core fusion},
  author={Han, Lu and Chen, Xu-Yang and Ye, Han-Jia and Zhan, De-Chuan},
  journal={arXiv preprint arXiv:2404.14197},
  year={2024},
  url={https://arxiv.org/abs/2404.14197}
}

@article{liu2024unitst,
  title={UniTST: Effectively modeling inter-series and intra-series dependencies for multivariate time series forecasting},
  author={Liu, Juncheng and Liu, Chenghao and Woo, Gerald and Wang, Yiwei and Hooi, Bryan and Xiong, Caiming and Sahoo, Doyen},
  journal={arXiv preprint arXiv:2406.04975},
  year={2024},
  url={https://arxiv.org/abs/2406.04975}
}
@article{huang1998emd,
  title={The empirical mode decomposition and the Hilbert spectrum for nonlinear and non-stationary time series analysis},
  author={Huang, Norden E and Shen, Zheng and Long, Steven R and Wu, Manli C and Shih, Hsing H and Zheng, Quanan and Yen, Nai-Chyuan and Tung, Chi Chao and Liu, Henry H},
  journal={Proceedings of the Royal Society of London. Series A: mathematical, physical and engineering sciences},
  volume={454},
  number={1971},
  pages={903--995},
  year={1998},
  publisher={The Royal Society}
}
@article{bengio2013representation,
  title={Representation learning: A review and new perspectives},
  author={Bengio, Yoshua and Courville, Aaron and Vincent, Pascal},
  journal={IEEE Transactions on Pattern Analysis and Machine Intelligence},
  volume={35},
  number={8},
  pages={1798--1828},
  year={2013}
}
@article{ulyanov2016instance,
  title={Instance normalization: The missing ingredient for fast stylization},
  author={Ulyanov, D},
  journal={arXiv preprint arXiv:1607.08022},
  year={2016},
  url={https://arxiv.org/abs/1607.08022}
}
@inproceedings{tishby2015deep,
  title={Deep learning and the information bottleneck principle},
  author={Tishby, Naftali and Zaslavsky, Noga},
  booktitle={2015 ieee information theory workshop (itw)},
  pages={1--5},
  year={2015},
  organization={IEEE}
}
@book{chatfield2019linearanalysis,
  title={The analysis of time series: an introduction with R},
  author={Chatfield, Chris and Xing, Haipeng},
  year={2019},
  publisher={Chapman and hall/CRC}
}
@inproceedings{rilling2003emd,
  title={On empirical mode decomposition and its algorithms},
  author={Rilling, Gabriel and Flandrin, Patrick and Goncalves, Paulo},
  booktitle={IEEE-EURASIP Workshop on Nonlinear Signal and Image Processing},
  volume={3},
  pages={8--11},
  year={2003},
  organization={IEEE}
}
@inbook{Müller2007dtw,
  title={Dynamic time warping},
  bookTitle={Information retrieval for music and motion},
  year={2007},
  publisher={Springer Berlin Heidelberg},
  address={Berlin, Heidelberg},
  pages={69--84},
  isbn={978-3-540-74048-3},
  doi={10.1007/978-3-540-74048-3_4},
  url={https://doi.org/10.1007/978-3-540-74048-3_4}
}

@inproceedings{liu2022non,
  title={Non-stationary transformers: Exploring the stationarity in time series forecasting},
  author={Liu, Yong and Wu, Haixu and Wang, Jianmin and Long, Mingsheng},
  booktitle={Advances in Neural Information Processing Systems},
  year={2022},
  url={https://openreview.net/forum?id=ucNDIDRNjjv}
}

@book{box1994arma,
  author={George E. P. Box and Gwilym M. Jenkins},
  title={Time series analysis: Forecasting and control},
  publisher={Wiley},
  year={1994},
  edition={3rd}
}

@book{breiman1986cart,
  author    = {Leo Breiman and Jerome Friedman and Richard Olshen and Charles Stone},
  title     = {Classification and Regression Trees},
  publisher = {Wiley},
  year      = {1986},
  isbn      = {9780412048418},
}
@inproceedings{chen2016xgboost,
  author    = {Tianqi Chen and Carlos Guestrin},
  title     = {XGBoost: A Scalable Tree Boosting System},
  booktitle = {Proceedings of the 22nd ACM SIGKDD International Conference on Knowledge Discovery and Data Mining},
  year      = {2016},
  pages     = {785--794},
  doi       = {10.1145/2939672.2939785},
}



@inproceedings{
Kitaev2020reformer,
title={Reformer: The Efficient Transformer},
author={Nikita Kitaev and Lukasz Kaiser and Anselm Levskaya},
booktitle={International Conference on Learning Representations},
year={2020},
url={https://openreview.net/forum?id=rkgNKkHtvB}
}
@inproceedings{Rangapuram2018dpstate,
  author={Rangapuram, Syama Sundar and Seeger, Matthias W and Gasthaus, Jan and Stella, Lorenzo and Wang, Yuyang and Januschowski, Tim},
  title={Deep state space models for time series forecasting},
  booktitle={Advances in Neural Information Processing Systems},
  volume={31},
  pages={7785--7794},
  year={2018},
  url={https://proceedings.neurips.cc/paper_files/paper/2018/file/5cf68969fb67aa6082363a6d4e6468e2-Paper.pdf}
}
@article{Zhao2017traflstm,
  title={LSTM network: A deep learning approach for short-term traffic forecast},
  journal={IET Intelligent Transport Systems},
  author={Zhao, Zheng and Chen, Weihai and Wu, Xingming and Chen, Peter C. Y. and Liu, Jingmeng},
  year={2017},
  pages={68--75},
  doi={10.1049/iet-its.2016.0208},
  url={http://dx.doi.org/10.1049/iet-its.2016.0208}
}

@inproceedings{Shao2022trafgnn,
	title={Spatial-temporal identity: A simple yet effective baseline for multivariate time series forecasting},
	author={Shao, Zezhi and Zhang, Zhao and Wang, Fei and Wei, Wei and Xu, Yongjun},
	booktitle={Proceedings of the 31st ACM International Conference on Information \& Knowledge Management},
	pages={4454--4458},
	year={2022}
}
@inproceedings{Ni2023basiformer,
  title={BasisFormer: Attention-based time series forecasting with learnable and interpretable basis},
  author={Zelin Ni and Hang Yu and Shizhan Liu and Jianguo Li and Weiyao Lin},
  booktitle={Proceedings of the Thirty-seventh Conference on Neural Information Processing Systems},
  year={2023},
  url={https://openreview.net/forum?id=xx3qRKvG0T}
}

@inproceedings{Zhou2022film,
 author = {Zhou, Tian and MA, Ziqing and wang, xue and Wen, Qingsong and Sun, Liang and Yao, Tao and Yin, Wotao and Jin, Rong},
 booktitle = {Advances in Neural Information Processing Systems},
 editor = {S. Koyejo and S. Mohamed and A. Agarwal and D. Belgrave and K. Cho and A. Oh},
 pages = {12677--12690},
 publisher = {Curran Associates, Inc.},
 title = {FiLM: Frequency improved Legendre Memory Model for Long-term Time Series Forecasting},
 volume = {35},
 year = {2022}
}

@article{hinton2006fast,
  title={A fast learning algorithm for deep belief nets},
  author={Hinton, Geoffrey E and Osindero, Simon and Teh, Yee Whye},
  journal={Neural Computation},
  volume={18},
  number={7},
  pages={1527--1554},
  year={2006},
  doi={10.1162/neco.2006.18.7.1527}
}

@book{goodfellow2016deep,
  title={Deep learning},
  author={Goodfellow, Ian and Bengio, Yoshua and Courville, Aaron},
  year={2016},
  publisher={MIT Press}
}
@article{han2023ci1,
  title={The capacity and robustness trade-off: Revisiting the channel independent strategy for multivariate time series forecasting},
  author={Han, Lu and Ye, Han-Jia and Zhan, De-Chuan},
  journal={arXiv preprint arXiv:2304.12345},
  year={2023},
  url={https://arxiv.org/abs/2304.12345}
}

@inproceedings{
yi2023fremlp,
title={Frequency-domain {MLP}s are More Effective Learners in Time Series Forecasting},
author={Kun Yi and Qi Zhang and Wei Fan and Shoujin Wang and Pengyang Wang and Hui He and Ning An and Defu Lian and Longbing Cao and Zhendong Niu},
booktitle={Thirty-seventh Conference on Neural Information Processing Systems},
year={2023},
url={https://openreview.net/forum?id=iif9mGCTfy}
}
@article{dixon2022lino,
  title={Industrial forecasting with exponentially smoothed recurrent neural networks},
  author={Dixon, Matthew},
  journal={Technometrics},
  volume={64},
  number={1},
  pages={114--124},
  year={2022}
}
@inproceedings{
yi2023fouriergnn,
title={Fourier{GNN}: Rethinking Multivariate Time Series Forecasting from a Pure Graph Perspective},
author={Kun Yi and Qi Zhang and Wei Fan and Hui He and Liang Hu and Pengyang Wang and Ning An and Longbing Cao and Zhendong Niu},
booktitle={Thirty-seventh Conference on Neural Information Processing Systems},
year={2023},
url={https://openreview.net/forum?id=bGs1qWQ1Fx}
}
@inproceedings{
liu2023adaptive,
title={Adaptive Normalization for Non-stationary Time Series Forecasting: A Temporal Slice Perspective},
author={Zhiding Liu and Mingyue Cheng and Zhi Li and Zhenya Huang and Qi Liu and Yanhu Xie and Enhong Chen},
booktitle={Thirty-seventh Conference on Neural Information Processing Systems},
year={2023},
url={https://openreview.net/forum?id=5BqDSw8r5j}
}
@inproceedings{dong2023simmtm,
  title={SimMTM: A simple pre-training framework for masked time-series modeling},
  author={Jiaxiang Dong and Haixu Wu and Haoran Zhang and Li Zhang and Jianmin Wang and Mingsheng Long},
  booktitle={Proceedings of the Thirty-seventh Conference on Neural Information Processing Systems},
  year={2023},
  url={https://openreview.net/forum?id=ginTcBUnL8}
}
@inproceedings{
donghao2024moderntcn,
  title={ModernTCN: A modern pure convolution structure for general time series analysis},
  author={Luo Donghao and Wang Xue},
  booktitle={Proceedings of the Twelfth International Conference on Learning Representations},
  year={2024},
  url={https://openreview.net/forum?id=vpJMJerXHU}
}
@inproceedings{
xu2024fits,
  title={FITS: Modeling time series with 10k parameters},
  author={Zhijian Xu and Ailing Zeng and Qiang Xu},
  booktitle={Proceedings of the Twelfth International Conference on Learning Representations},
  year={2024},
  url={https://openreview.net/forum?id=bWcnvZ3qMb}
}
@inproceedings{wang2023timemixer,
  title={TimeMixer: Decomposable Multiscale Mixing for Time Series Forecasting},
  author={Wang, Shiyu and Wu, Haixu and Shi, Xiaoming and Hu, Tengge and Luo, Huakun and Ma, Lintao and Zhang, James Y and ZHOU, JUN},
  booktitle={International Conference on Learning Representations (ICLR)},
  year={2024}
}

@inproceedings{
Liu2023koopa,
title={Koopa: Learning Non-stationary Time Series Dynamics with Koopman Predictors},
author={Yong Liu and Chenyu Li and Jianmin Wang and Mingsheng Long},
booktitle={Thirty-seventh Conference on Neural Information Processing Systems},
year={2023},
url={https://openreview.net/forum?id=A4zzxu82a7}
}

@article{Li2023rlinear,
  title={Revisiting long-term time series forecasting: An investigation on linear mapping},
  author={Li, Zhe and Qi, Shiyi and Li, Yiduo and Xu, Zenglin},
  journal={arXiv preprint arXiv:2305.10721},
  year={2023}
}

@inproceedings{
Nie2022patchtst,
  title={A time series is worth 64 words: Long-term forecasting with transformers},
  author={Yuqi Nie and Nam H Nguyen and Phanwadee Sinthong and Jayant Kalagnanam},
  booktitle={Proceedings of the Eleventh International Conference on Learning Representations},
  year={2023},
  url={https://openreview.net/forum?id=Jbdc0vTOcol}
}

@inproceedings{
Lai2018lstnet,
  title={Modeling long-and short-term temporal patterns with deep neural networks},
  author={Lai, Guokun and Chang, Wei-Cheng and Yang, Yiming and Liu, Hanxiao},
  booktitle={Proceedings of the 41st International ACM SIGIR Conference on Research \& Development in Information Retrieval},
  pages={95--104},
  year={2018}
}

@inproceedings{
LiuiTransformer,
  title={iTransformer: Inverted transformers are effective for time series forecasting},
  author={Liu, Yong and Hu, Tengge and Zhang, Haoran and Wu, Haixu and Wang, Shiyu and Long, Mingsheng},  
  booktitle={Proceedings of the Twelfth International Conference on Learning Representations},
  year={2024},
  url={https://openreview.net/forum?id=JePfAI8fah}
}

@article{
Das2023TiDE,
  title={Long-term forecasting with TiDE: Time-series dense encoder},
  author={Abhimanyu Das and Weihao Kong and Andrew Leach and Shaan K Mathur and Rajat Sen and Rose Yu},
  journal={Transactions on Machine Learning Research},
  issn={2835-8856},
  year={2023},
  url={https://openreview.net/forum?id=pCbC3aQB5W}
}

@inproceedings{Wu2021autoformer,
 author = {Wu, Haixu and Xu, Jiehui and Wang, Jianmin and Long, Mingsheng},
 booktitle = {Advances in Neural Information Processing Systems},
 editor = {M. Ranzato and A. Beygelzimer and Y. Dauphin and P.S. Liang and J. Wortman Vaughan},
 pages = {22419--22430},
 publisher = {Curran Associates, Inc.},
 title = {Autoformer: Decomposition Transformers with Auto-Correlation for Long-Term Series Forecasting},
 url = {https://proceedings.neurips.cc/paper_files/paper/2021/file/bcc0d400288793e8bdcd7c19a8ac0c2b-Paper.pdf},
 volume = {34},
 year = {2021}
}

@article{Zhang2022lightts,
  title={Less is more: Fast multivariate time series forecasting with light sampling-oriented MLP structures},
  author={Zhang, Tianping and Zhang, Yizhuo and Cao, Wei and Bian, Jiang and Yi, Xiaohan and Zheng, Shun and Li, Jian},
  journal={arXiv preprint arXiv:2207.01186},
  year={2022},
  url={https://arxiv.org/abs/2207.01186}
}

@inproceedings{Bengio2014gru,
  title={Learning phrase representations using RNN encoder--decoder for statistical machine translation},
  url={http://dx.doi.org/10.3115/v1/d14-1179},
  doi={10.3115/v1/d14-1179},
  booktitle={Proceedings of the 2014 Conference on Empirical Methods in Natural Language Processing (EMNLP)},
  author={Cho, Kyunghyun and van Merrienboer, Bart and Gulcehre, Caglar and Bahdanau, Dzmitry and Bougares, Fethi and Schwenk, Holger and Bengio, Yoshua},
  year={2014}
}

@article{Zhou2020informer,
  title={Informer: Beyond efficient transformer for long sequence time-series forecasting},
  url={http://dx.doi.org/10.1609/aaai.v35i12.17325},
  doi={10.1609/aaai.v35i12.17325},
  journal={Proceedings of the AAAI Conference on Artificial Intelligence},
  author={Zhou, Haoyi and Zhang, Shanghang and Peng, Jieqi and Zhang, Shuai and Li, Jianxin and Xiong, Hui and Zhang, Wancai},
  volume={35},
  pages={11106--11115},
  year={2022}
}


@inproceedings{
Liu2021pyraformer,
title={Pyraformer: Low-Complexity Pyramidal Attention for Long-Range Time Series Modeling and Forecasting},
author={Shizhan Liu and Hang Yu and Cong Liao and Jianguo Li and Weiyao Lin and Alex X. Liu and Schahram Dustdar},
booktitle={International Conference on Learning Representations},
year={2022},
url={https://openreview.net/forum?id=0EXmFzUn5I}
}
@inproceedings{
zhou2022fedformer,
  title={FEDformer: Frequency enhanced decomposed transformer for long-term series forecasting},
  author={Zhou, Tian and Ma, Ziqing and Wen, Qingsong and Wang, Xue and Sun, Liang and Jin, Rong},
  booktitle={Proceedings of the 39th International Conference on Machine Learning (ICML 2022)},
  location={Baltimore, Maryland},
  year={2022}
}

@inproceedings{
Liu2021scinet,
  title={SCINet: Time series modeling and forecasting with sample convolution and interaction},
  author={Minhao Liu and Ailing Zeng and Muxi Chen and Zhijian Xu and Qiuxia Lai and Lingna Ma and Qiang Xu},
  booktitle={Advances in Neural Information Processing Systems},
  editor={Alice H. Oh and Alekh Agarwal and Danielle Belgrave and Kyunghyun Cho},
  year={2022},
  url={https://openreview.net/forum?id=AyajSjTAzmg}
}

@inproceedings{
wu2022timesnet,
title={{TimesNet}: Temporal 2D-Variation Modeling for General Time Series Analysis},
author={Haixu Wu and Tengge Hu and Yong Liu and Hang Zhou and Jianmin Wang and Mingsheng Long},
booktitle={The Eleventh International Conference on Learning Representations },
year={2023},
url={https://openreview.net/forum?id=ju_Uqw384Oq}
}

@inproceedings{zeng2023dlinear,
  title={Are transformers effective for time series forecasting?},
  author={Zeng, Ailing and Chen, Muxi and Zhang, Lei and Xu, Qiang},
  booktitle={Proceedings of the AAAI Conference on Artificial Intelligence},
  volume={37},
  pages={11121--11128},
  year={2023},
  url={https://ojs.aaai.org/index.php/AAAI/article/view/26317/26089}
}


@inproceedings{Li2019logtrans,
  title={Enhancing the locality and breaking the memory bottleneck of transformer on time series forecasting},
  author={Li, Shiyang and Jin, Xiaoyong and Xuan, Yao and Zhou, Xiyou and Chen, Wenhu and Wang, Yu-Xiang and Yan, Xifeng},
  booktitle={Advances in Neural Information Processing Systems},
  editor={H. Wallach and H. Larochelle and A. Beygelzimer and F. d'Alché-Buc and E. Fox and R. Garnett},
  pages={n/a},
  publisher={Curran Associates, Inc.},
  volume={32},
  year={2019},
  url={https://proceedings.neurips.cc/paper_files/paper/2019/file/6775a0635c302542da2c32aa19d86be0-Paper.pdf}
}


@article{Hochreiter1997lstm,
  title={Long short-term memory},
  url={http://dx.doi.org/10.1162/neco.1997.9.8.1735},
  doi={10.1162/neco.1997.9.8.1735},
  journal={Neural Computation},
  author={Hochreiter, Sepp and Schmidhuber, Jürgen},
  year={1997},
  pages={1735--1780}
}

@article{Geurts1977arima,
  title={Time series analysis: Forecasting and control},
  url={http://dx.doi.org/10.2307/3150485},
  doi={10.2307/3150485},
  journal={Journal of Marketing Research},
  author={Geurts, Michael and Box, George E. P. and Jenkins, Gwilym M.},
  year={1977},
  pages={269}
}

@article{Bollerslev1986garch,
  title={Generalized autoregressive conditional heteroskedasticity},
  url={http://dx.doi.org/10.1016/0304-4076(86)90063-1},
  doi={10.1016/0304-4076(86)90063-1},
  journal={Journal of Econometrics},
  author={Bollerslev, Tim},
  year={1986},
  pages={307--327}
}


@inproceedings{
Dosovitskiy2020vit,
title={An Image is Worth 16x16 Words: Transformers for Image Recognition at Scale},
author={Alexey Dosovitskiy and Lucas Beyer and Alexander Kolesnikov and Dirk Weissenborn and Xiaohua Zhai and Thomas Unterthiner and Mostafa Dehghani and Matthias Minderer and Georg Heigold and Sylvain Gelly and Jakob Uszkoreit and Neil Houlsby},
booktitle={International Conference on Learning Representations},
year={2021},
url={https://openreview.net/forum?id=YicbFdNTTy}
}

@inproceedings{Vaswani2017transformer,
  title={Attention is all you need},
  author={Vaswani, Ashish and Shazeer, Noam and Parmar, Niki and Uszkoreit, Jakob and Jones, Llion and Gomez, Aidan N and Kaiser, Łukasz and Polosukhin, Illia},
  booktitle={Advances in Neural Information Processing Systems},
  editor={I. Guyon and U. Von Luxburg and S. Bengio and H. Wallach and R. Fergus and S. Vishwanathan and R. Garnett},
  pages={n/a}, 
  publisher={Curran Associates, Inc.},
  volume={30},
  year={2017},
  url={https://proceedings.neurips.cc/paper_files/paper/2017/file/3f5ee243547dee91fbd053c1c4a845aa-Paper.pdf}
}


@article{Elman_1990rnn,
  title={Finding structure in time},
  url={http://dx.doi.org/10.1207/s15516709cog1402_1},
  doi={10.1207/s15516709cog1402_1},
  journal={Cognitive Science},
  author={Elman, Jeffrey L.},
  year={1990},
  pages={179--211}
}
@article{Lecun1998cnn,
  title={Gradient-based learning applied to document recognition},
  url={http://dx.doi.org/10.1109/5.726791},
  doi={10.1109/5.726791},
  journal={Proceedings of the IEEE},
  author={Lecun, Y. and Bottou, L. and Bengio, Y. and Haffner, P.},
  year={1998},
  pages={2278--2324}
}
@article{Rumelhart1986mlp,
  title={Learning representations by back-propagating errors},
  url={http://dx.doi.org/10.1038/323533a0},
  doi={10.1038/323533a0},
  journal={Nature},
  author={Rumelhart, David E. and Hinton, Geoffrey E. and Williams, Ronald J.},
  year={1986},
  pages={533--536}
}
@inproceedings{Lai2018exchangerate,
  title={Modeling Long- and Short-Term Temporal Patterns with Deep Neural Networks},
  booktitle={The 41st International ACM SIGIR Conference on Research \& Development in Information Retrieval},
  author={Lai, Guokun and Chang, Wei-Cheng and Yang, Yiming and Liu, Hanxiao},
  year={2018},
  pages={95--104}
}

@inproceedings{
Kim_revin,
title={Reversible Instance Normalization for Accurate Time-Series Forecasting against Distribution Shift},
author={Taesung Kim and Jinhee Kim and Yunwon Tae and Cheonbok Park and Jang-Ho Choi and Jaegul Choo},
booktitle={International Conference on Learning Representations},
year={2022},
url={https://openreview.net/forum?id=cGDAkQo1C0p}
}

@incollection{Kreindler2006sample,
  title={The effects of the irregular sample and missing data in time series analysis},
  author={Kreindler, David M and Lumsden, Charles J},
  booktitle={Nonlinear Dynamical Systems Analysis for the Behavioral Sciences Using Real Data},
  pages={149--172},
  year={2016},
  publisher={CRC Press}
}

@article{Lv_2014trafficflow,
  title={Traffic flow prediction with big data: A deep learning approach},
  url={http://dx.doi.org/10.1109/tits.2014.2345663},
  doi={10.1109/tits.2014.2345663},
  journal={IEEE Transactions on Intelligent Transportation Systems},
  author={Lv, Yisheng and Duan, Yanjie and Kang, Wenwen and Li, Zhengxi and Wang, Fei-Yue},
  year={2014},
  pages={1--9}
}


@article{Li2023mtsmixer,
  title={MTS-Mixers: Multivariate time series forecasting via factorized temporal and channel mixing},
  author={Zhe Li and Zhongwen Rao and Lujia Pan and Zenglin Xu},
  journal={arXiv preprint arXiv:2302.04501},
  year={2023},
  url={https://arxiv.org/abs/2302.04501}
}

@article{Ng2022graphformer,
  title={Expressing Multivariate Time Series as Graphs with Time Series Attention Transformer},
  author={Ng, William T and Siu, K and Cheung, Albert C and Ng, Michael K},
  journal={arXiv preprint arXiv:2208.09300},
  year={2022},
  url={https://arxiv.org/abs/2208.09300}
}
@article{Torres2021survey,
  title={Deep learning for time series forecasting: A survey},
  url={http://dx.doi.org/10.1089/big.2020.0159},
  doi={10.1089/big.2020.0159},
  journal={Big Data},
  author={Torres, José F. and Hadjout, Dalil and Sebaa, Abderrazak and Martínez-Álvarez, Francisco and Troncoso, Alicia},
  year={2021},
  pages={3--21}
}
@article{Lim2021tsfsurvey,
  title={Time series forecasting with deep learning: A survey},
  url={http://dx.doi.org/10.1098/rsta.2020.0209},
  doi={10.1098/rsta.2020.0209},
  journal={Philosophical Transactions of the Royal Society A: Mathematical, Physical and Engineering Sciences},
  author={Lim, Bryan and Zohren, Stefan},
  year={2021},
  pages={20200209}
}

@inproceedings{Wen_tsftransformer,
  title={Transformers in time series: A survey},
  author={Wen, Qingsong and Zhou, Tian and Zhang, Chaoli and Chen, Weiqi and Ma, Ziqing and Yan, Junchi and Sun, Liang},
  booktitle={International Joint Conference on Artificial Intelligence(IJCAI)},
  year={2023},
  url={https://www.ijcai.org/proceedings/2023/0759.pdf}

}

@misc{yformer,
  title={Yformer: U-Net inspired transformer architecture for far horizon time series forecasting},
  author={Kiran Madhusudhanan and Johannes Burchert and Nghia Duong-Trung and Stefan Born and Lars Schmidt-Thieme},
  year={2022},
  url={https://openreview.net/forum?id=dYUdt59fJ0e}
}
@inproceedings{
wang2023micn,
title={{MICN}: Multi-scale Local and Global Context Modeling for Long-term Series Forecasting},
author={Huiqiang Wang and Jian Peng and Feihu Huang and Jince Wang and Junhui Chen and Yifei Xiao},
booktitle={The Eleventh International Conference on Learning Representations },
year={2023},
url={https://openreview.net/forum?id=zt53IDUR1U}
}

@inproceedings{
zhang2023crossformer,
title={Crossformer: Transformer Utilizing Cross-Dimension Dependency for Multivariate Time Series Forecasting},
author={Yunhao Zhang and Junchi Yan},
booktitle={The Eleventh International Conference on Learning Representations },
year={2023},
url={https://openreview.net/forum?id=vSVLM2j9eie}
}
