% Use this file for citations not found in the ACL Anthology (contained in "anthology.bib").

@inproceedings{gpt3,
 author = {Brown, Tom and Mann, Benjamin and Ryder, Nick and Subbiah, Melanie and Kaplan, Jared D and Dhariwal, Prafulla and Neelakantan, Arvind and Shyam, Pranav and Sastry, Girish and Askell, Amanda and Agarwal, Sandhini and Herbert-Voss, Ariel and Krueger, Gretchen and Henighan, Tom and Child, Rewon and Ramesh, Aditya and Ziegler, Daniel and Wu, Jeffrey and Winter, Clemens and Hesse, Chris and Chen, Mark and Sigler, Eric and Litwin, Mateusz and Gray, Scott and Chess, Benjamin and Clark, Jack and Berner, Christopher and McCandlish, Sam and Radford, Alec and Sutskever, Ilya and Amodei, Dario},
 booktitle = {Advances in Neural Information Processing Systems},
 pages = {1877--1901},
 title = {Language Models are Few-Shot Learners},
 url = {https://proceedings.neurips.cc/paper_files/paper/2020/file/1457c0d6bfcb4967418bfb8ac142f64a-Paper.pdf},
 year = {2020}
}


@inproceedings{bert,
    title = "{BERT}: Pre-training of Deep Bidirectional Transformers for Language Understanding",
    author = "Devlin, Jacob  and
      Chang, Ming-Wei  and
      Lee, Kenton  and
      Toutanova, Kristina",
    booktitle = "Proceedings of the Conference of the North {A}merican Chapter of the Association for Computational Linguistics: Human Language Technologies",
    year = "2019",
    url = "https://aclanthology.org/N19-1423",
    pages = "4171--4186",
}

@article{hintonkd,
      title={Distilling the Knowledge in a Neural Network}, 
      author={Geoffrey Hinton and Oriol Vinyals and Jeff Dean},
      year={2015},
      url={https://arxiv.org/abs/1503.02531}, 
      journal={arXiv preprint arXiv:1503.02531}
}

@inproceedings{patientkd,
    title = "Patient Knowledge Distillation for {BERT} Model Compression",
    author = "Sun, Siqi  and
      Cheng, Yu  and
      Gan, Zhe  and
      Liu, Jingjing",
    booktitle = "Proceedings of the Conference on Empirical Methods in Natural Language Processing and the International Joint Conference on Natural Language Processing",
    year = "2019",
    doi = "10.18653/v1/D19-1441",
    pages = "4323--4332",
}



@inproceedings{tinybert,
  title = {{{TinyBERT}}: {{Distilling BERT}} for {{natural language understanding}}},
  booktitle = {Findings of the {{Association}} for {{Computational Linguistics}}: {{EMNLP}}},
  author = {Jiao, Xiaoqi and Yin, Yichun and Shang, Lifeng and Jiang, Xin and Chen, Xiao and Li, Linlin and Wang, Fang and Liu, Qun},
  year = {2020},
  pages = {4163--4174},
  doi = {10.18653/v1/2020.findings-emnlp.372},
}

@inproceedings{mobilebert,
  title = {{{MobileBERT}}: A {{compact task-agnostic BERT}} for {{resource-limited devices}}},
  booktitle = {Proceedings of the {{Annual Meeting}} of the {{Association}} for {{Computational Linguistics}}},
  author = {Sun, Zhiqing and Yu, Hongkun and Song, Xiaodan and Liu, Renjie and Yang, Yiming and Zhou, Denny},
  year = {2020},
  pages = {2158--2170},
  doi = {10.18653/v1/2020.acl-main.195},
}



@article{distilBERT,
  title={{DistilBERT}, a distilled version of {BERT}: smaller, faster, cheaper and lighter},
  author={Sanh, V},
  journal={arXiv preprint arXiv:1910.01108},
  year={2019},
  url={https://arxiv.org/abs/1910.01108},
}

@inproceedings{llmr,
  title = {{{LLMR}}: {{Knowledge distillation}} with a {{large language model-induced reward}}},
  shorttitle = {{{LLMR}}},
  booktitle = {Proceedings of the {{Joint International Conference}} on {{Computational Linguistics}}, {{Language Resources}} and {{Evaluation}}},
  author = {Li, Dongheng and Hao, Yongchang and Mou, Lili},
  year = {2024},
  pages = {10657--10664},
  url={url = "https://aclanthology.org/2024.lrec-main.932",}
}

@inproceedings{fdistill,
  title = {$f$-{{divergence minimization}} for {{sequence-level knowledge distillation}}},
  booktitle = {Proceedings of the {{Annual Meeting}} of the {{Association}} for {{Computational Linguistics}}},
  author = {Wen, Yuqiao and Li, Zichao and Du, Wenyu and Mou, Lili},
  year = {2023},
  pages = {10817--10834},
  doi = {10.18653/v1/2023.acl-long.605},
}

@inproceedings{minilmv2,
  title = {{MiniLMv2}: {M}ulti-Head Self-Attention Relation Distillation for Compressing Pretrained Transformers},
  booktitle = {Findings of the {{Association}} for {{Computational Linguistics}}: {{ACL-IJCNLP}}},
  author = {Wang, Wenhui and Bao, Hangbo and Huang, Shaohan and Dong, Li and Wei, Furu},
  year = {2021},
  pages = {2140--2151},
  doi = {10.18653/v1/2021.findings-acl.188},
}

@inproceedings{alpkd,
    title={{ALP-KD}: Attention-Based Layer Projection for Knowledge Distillation},
    url={https://ojs.aaai.org/index.php/AAAI/article/view/17610},
    booktitle={Proceedings of the AAAI Conference on Artificial Intelligence},
    author={Passban, Peyman and Wu, Yimeng and Rezagholizadeh, Mehdi and Liu, Qun},
    year={2021}, 
    pages={13657-13665}
}


@inproceedings{railkd,
  title = {{{RAIL-KD}}: {{Random intermediate layer mapping}} for {{knowledge distillation}}},
  booktitle = {Findings of the {{Association}} for {{Computational Linguistics}}: {{NAACL}}},
  author = {Haidar, Md Akmal and Anchuri, Nithin and Rezagholizadeh, Mehdi and Ghaddar, Abbas and Langlais, Philippe and Poupart, Pascal},
  year = {2022},
  pages = {1389--1400},
  doi = {10.18653/v1/2022.findings-naacl.103},
}

@inproceedings{rkd,
    title = {Relational Knowledge Distillation},
    author = {Park, Wonpyo and Kim, Dongju and Lu, Yan and Cho, Minsu},
    booktitle = {Proceedings of the IEEE/CVF Conference on Computer Vision and Pattern Recognition},
    year = {2019},
    URL = {https://openaccess.thecvf.com/content_CVPR_2019/html/Park_Relational_Knowledge_Distillation_CVPR_2019_paper.html},
    pages={3967-3976}
} 
}
@inproceedings{engine,
    title = "{ENGINE}: Energy-Based Inference Networks for Non-Autoregressive Machine Translation",
    author = "Tu, Lifu  and
      Pang, Richard Yuanzhe  and
      Wiseman, Sam  and
      Gimpel, Kevin",
    editor = "Jurafsky, Dan  and
      Chai, Joyce  and
      Schluter, Natalie  and
      Tetreault, Joel",
    booktitle = "Proceedings of the Annual Meeting of the Association for Computational Linguistics",
    year = "2020",
    url = "https://aclanthology.org/2020.acl-main.251",
    pages = "2819--2826",
}


@inproceedings{minillm,
    title={Mini{LLM}: Knowledge Distillation of Large Language Models},
    author={Yuxian Gu and Li Dong and Furu Wei and Minlie Huang},
    booktitle={International Conference on Learning Representations},
    url={https://openreview.net/forum?id=5h0qf7IBZZ},
    year={2024},
}

@inproceedings{fcd,
  title={Towards Efficient Pre-Trained Language Model via Feature Correlation Distillation},
  author={Kun Huang and Xin Guo and Meng Wang},
  booktitle={Advances in Neural Information Processing Systems},
  year={2023},
  url={https://api.semanticscholar.org/CorpusID:268030766}
}

@inproceedings{hao2022teacher,
    author = {Hao, Yongchang and Liu, Yuxin and Mou, Lili},
     booktitle = {Advances in Neural Information Processing Systems},
     pages = {12594--12607},
     title = {Teacher Forcing Recovers Reward Functions for Text Generation},
     url = {https://proceedings.neurips.cc/paper_files/paper/2022/file/51ae7d9db3423ae96cd6afeb01529819-Paper-Conference.pdf},
     volume = {35},
     year = {2022}
}

@inproceedings{exp-bias, 
    author = {Bengio, Samy and Vinyals, Oriol and Jaitly, Navdeep and Shazeer, Noam}, 
    title = {Scheduled sampling for sequence prediction with recurrent Neural networks}, 
    year = {2015}, 
    booktitle = {Advances in Neural Information Processing Systems}, 
    pages = {1171â€“1179},
    url="https://proceedings.neurips.cc/paper/2015/hash/e995f98d56967d946471af29d7bf99f1-Abstract.html"
}

@inproceedings{mnli,
    title = "A Broad-Coverage Challenge Corpus for Sentence Understanding through Inference",
    author = "Williams, Adina  and
      Nangia, Nikita  and
      Bowman, Samuel",
    booktitle = "Proceedings of the Conference of the North {A}merican Chapter of the Association for Computational Linguistics: Human Language Technologies",
    year = "2018",
    doi = "10.18653/v1/N18-1101",
    pages = "1112--1122",
}

@inproceedings{qqp,
  title={Quora Question Pairs},
  author={Zihang Chen and Hongbo Zhang and Xiaoji Zhang and Leqi Zhao},
  year={2017},
  url={https://api.semanticscholar.org/CorpusID:233225749}
}

@inproceedings{squad,
    title = "{SQ}u{AD}: 100,000+ Questions for Machine Comprehension of Text",
    author = "Rajpurkar, Pranav  and
      Zhang, Jian  and
      Lopyrev, Konstantin  and
      Liang, Percy",
    booktitle = "Proceedings of the Conference on Empirical Methods in Natural Language Processing",
    year = "2016",
    doi = "10.18653/v1/D16-1264",
    pages = "2383--2392",
}

@inproceedings{sst2,
    title = "Recursive Deep Models for Semantic Compositionality Over a Sentiment Treebank",
    author = "Socher, Richard  and
      Perelygin, Alex  and
      Wu, Jean  and
      Chuang, Jason  and
      Manning, Christopher D.  and
      Ng, Andrew  and
      Potts, Christopher",
    booktitle = "Proceedings of the Conference on Empirical Methods in Natural Language Processing",
    year = "2013",
    url = "https://aclanthology.org/D13-1170",
    pages = "1631--1642",
}



@inproceedings{wmt16,
    title = "Findings of the 2016 Conference on Machine Translation",
    author = "Bojar, Ond{\v{r}}ej  and
      Chatterjee, Rajen  and
      Federmann, Christian  and
      Graham, Yvette  and
      Haddow, Barry  and
      Huck, Matthias  and
      Jimeno Yepes, Antonio  and
      Koehn, Philipp  and
      Logacheva, Varvara  and
      Monz, Christof  and
      Negri, Matteo  and
      N{\'e}v{\'e}ol, Aur{\'e}lie  and
      Neves, Mariana  and
      Popel, Martin  and
      Post, Matt  and
      Rubino, Raphael  and
      Scarton, Carolina  and
      Specia, Lucia  and
      Turchi, Marco  and
      Verspoor, Karin  and
      Zampieri, Marcos",
    booktitle = "Proceedings of the Conference on Machine Translation: Shared Task Papers", 
    Volume = 2,     
    year = "2016",
    doi = "10.18653/v1/W16-2301",
    pages = "131--198",
}

@inproceedings{bleu,
    title = "{BLEU}: A Method for Automatic Evaluation of Machine Translation",
    author = "Papineni, Kishore  and
      Roukos, Salim  and
      Ward, Todd  and
      Zhu, Wei-Jing",
    booktitle = "Proceedings of the Annual Meeting of the Association for Computational Linguistics",
    year = "2002",
    url = "https://aclanthology.org/P02-1040",
    doi = "10.3115/1073083.1073135",
    pages = "311--318",
}

@inproceedings{dart,
    title = "{DART}: Open-Domain Structured Data Record to Text Generation",
    author = "Nan, Linyong  and
      Radev, Dragomir  and
      Zhang, Rui  and
      Rau, Amrit  and
      Sivaprasad, Abhinand  and
      Hsieh, Chiachun  and
      Tang, Xiangru  and
      Vyas, Aadit  and
      Verma, Neha  and
      Krishna, Pranav  and
      Liu, Yangxiaokang  and
      Irwanto, Nadia  and
      Pan, Jessica  and
      Rahman, Faiaz  and
      Zaidi, Ahmad  and
      Mutuma, Mutethia  and
      Tarabar, Yasin  and
      Gupta, Ankit  and
      Yu, Tao  and
      Tan, Yi Chern  and
      Lin, Xi Victoria  and
      Xiong, Caiming  and
      Socher, Richard  and
      Rajani, Nazneen Fatema",
    booktitle = "Proceedings of the Conference of the North American Chapter of the Association for Computational Linguistics: Human Language Technologies",
    year = "2021",
    url = "https://aclanthology.org/2021.naacl-main.37",
    doi = "10.18653/v1/2021.naacl-main.37",
    pages = "432--447",
}

@inproceedings{bart,
    title = "{BART}: Denoising Sequence-to-Sequence Pre-training for Natural Language Generation, Translation, and Comprehension",
    author = "Lewis, Mike  and
      Liu, Yinhan  and
      Goyal, Naman  and
      Ghazvininejad, Marjan  and
      Mohamed, Abdelrahman  and
      Levy, Omer  and
      Stoyanov, Veselin  and
      Zettlemoyer, Luke",
    booktitle = "Proceedings of the Annual Meeting of the Association for Computational Linguistics",
    year = "2020",
    url = "https://aclanthology.org/2020.acl-main.703",
    doi = "10.18653/v1/2020.acl-main.703",
    pages = "7871--7880",
}

@article{t5,
  author  = {Colin Raffel and Noam Shazeer and Adam Roberts and Katherine Lee and Sharan Narang and Michael Matena and Yanqi Zhou and Wei Li and Peter J. Liu},
  title   = {Exploring the Limits of Transfer Learning with a Unified Text-to-Text Transformer},
  journal = {Journal of Machine Learning Research},
  year    = {2020},
  volume  = {21},
  number  = {140},
  pages   = {1--67},
  url     = {http://jmlr.org/papers/v21/20-074.html}
}

@article{predistill,
  title={Pre-trained Summarization Distillation},
  author={Sam Shleifer and Alexander M. Rush},
  journal={arXiv preprint arXiv:2010.13002},
  year={2020},
  url={https://arxiv.org/abs/2010.13002}
}


@inproceedings{universal,
    title = "Universal-{KD}: Attention-based Output-Grounded Intermediate Layer Knowledge Distillation",
    author = "Wu, Yimeng  and
      Rezagholizadeh, Mehdi  and
      Ghaddar, Abbas  and
      Haidar, Md Akmal  and
      Ghodsi, Ali",
    booktitle = "Proceedings of the Conference on Empirical Methods in Natural Language Processing",
    year = "2021",
    url = "https://aclanthology.org/2021.emnlp-main.603",
    pages = "7649--7661",
}

@inproceedings{minilm,
 author = {Wang, Wenhui and Wei, Furu and Dong, Li and Bao, Hangbo and Yang, Nan and Zhou, Ming},
 booktitle = {Advances in Neural Information Processing Systems},
 pages = {5776--5788},
 title = {{MiniLM}: Deep Self-Attention Distillation for Task-Agnostic Compression of Pre-Trained Transformers},
 url = {https://proceedings.neurips.cc/paper_files/paper/2020/file/3f5ee243547dee91fbd053c1c4a845aa-Paper.pdf},
 year = {2020}
}

@book{mode-seeking, 
    author = {Bishop, Christopher M.}, 
    title = {Pattern recognition and machine learning (information science and statistics)}, 
    year = {2006}, 
    isbn = {0387310738}, 
    publisher = {Springer-Verlag}, 
    url = {https://link.springer.com/book/9780387310732}
}

























