@inproceedings{Alhoshan2018,
   author = {W Alhoshan and L Zhao and R Batista-Navarro},
   doi = {10.1145/3239235.3267441},
   booktitle = {International Symposium on Empirical Software Engineering and Measurement},
   title = {Using semantic frames to identify related textual requirements: An initial validation},
   M = {https://www.scopus.com/inward/record.uri?eid=2-s2.0-85061505387&doi=10.11452f3239235.3267441&partnerID=40&md5=1157adfc4a1b597909e735f287e04f22},
   year = {2018},
}

@inproceedings{Alhoshan2019,
   author = {W Alhoshan and R Batista-Navarro and L Zhao},
   booktitle = {CEUR Workshop Proceedings},
   title = {Using frame embeddings to identify semantically related software requirements},
   volume = {2376},
   M = {https://www.scopus.com/inward/record.uri?eid=2-s2.0-85068085263&partnerID=40&md5=f69694214eacec0d57a8097e862dfe5f},
   year = {2019},
}

@inproceedings{Bella2018,
   author = {E E Bella and M.-P. Gervais and R Bendraou and L Wouters and A Koudri},
   doi = {10.1109/ICECCS2018.2018.00030},
   booktitle = {IEEE International Conference on Engineering of Complex Computer Systems},
   pages = {193-196},
   title = {Semi-supervised approach for recovering traceability links in complex systems},
   volume = {2018-December},
   M = {https://www.scopus.com/inward/record.uri?eid=2-s2.0-85061398356&doi=10.11092fICECCS2018.2018.00030&partnerID=40&md5=c65e8211294df51fbec6deb71b6461ed},
   year = {2018},
}

@inproceedings{Bella2019,
   author = {E E Bella and S Creff and M.-P. Gervais and R Bendraou},
   doi = {10.1109/EDOC.2019.00028},
   booktitle = {23rd International Enterprise Distributed Object Computing Conference},
   pages = {161-170},
   title = {ATLaS: A framework for traceability links recovery combining information retrieval and semi-supervised techniques},
   M = {https://www.scopus.com/inward/record.uri?eid=2-s2.0-85078257165&doi=10.11092fEDOC.2019.00028&partnerID=40&md5=ace30c221d7e841cdf9466c151f72d03},
   year = {2019},
}

@inproceedings{Chen2019,
   author = {L Chen and D Wang and J Wang and Q Wang},
   doi = {10.1109/APSEC48747.2019.00013},
   booktitle = {Proceedings - Asia-Pacific Software Engineering Conference, APSEC},
   pages = {23-30},
   title = {Enhancing Unsupervised Requirements Traceability with Sequential Semantics},
   volume = {2019-December},
   M = {https://www.scopus.com/inward/record.uri?eid=2-s2.0-85078219403&doi=10.11092fAPSEC48747.2019.00013&partnerID=40&md5=d5540227fe908470c31b993f3dff4795},
   year = {2019},
}

@article{Falessi2017,
   author = {Davide Falessi and Massimiliano Di Penta and Gerardo Canfora and Giovanni Cantone},
   doi = {10.1007/s10664-016-9460-6},
   issn = {15737616},
   issue = {3},
   journal = {Empirical Software Engineering},
   keywords = {Information retrieval,Metrics and measurement,Traceability link recovery},
   month = {6},
   pages = {996-1027},
   publisher = {Springer New York LLC},
   title = {Estimating the number of remaining links in traceability recovery},
   volume = {22},
   year = {2017},
}

@inproceedings{Gibiec:2010,
  title={Towards mining replacement queries for hard-to-retrieve traces},
  author={Gibiec, Marek and Czauderna, Adam and Cleland-Huang, Jane},
  booktitle={Proceedings of the 25th IEEE/ACM International Conference on Automated Software Engineering},
  pages={245--254},
  year={2010}
}

@article{Guo:17,
  title={Tackling the term-mismatch problem in automated trace retrieval},
  author={Guo, Jin and Gibiec, Marek and Cleland-Huang, Jane},
  journal={Empirical Software Engineering},
  volume={22},
  pages={1103--1142},
  year={2017},
  publisher={Springer}
}

@inproceedings{Hayes2015,
   author = {J H Hayes and G Antoniol and B Adams and Y.-G. Guehénéuc},
   doi = {10.1109/RE.2015.7320422},
   booktitle = {23rd IEEE International Requirements Engineering Conference, RE 2015 - Proceedings},
   pages = {196-201},
   title = {Inherent characteristics of traceability artifacts: Less is more},
   M = {https://www.scopus.com/inward/record.uri?eid=2-s2.0-84962362089&doi=10.11092fRE.2015.7320422&partnerID=40&md5=a2c8ac3006fc9ddde408d100162b97dc},
   year = {2015},
}

@inproceedings{Li2018,
   author = {Y Li and S Schulze and G Saake},
   doi = {10.1109/SANER.2018.8330243},
   booktitle = {25th IEEE International Conference on Software Analysis, Evolution and Reengineering, SANER 2018 - Proceedings},
   pages = {477-481},
   title = {Extracting features from requirements: Achieving accuracy and automation with neural networks},
   volume = {2018-March},
   M = {https://www.scopus.com/inward/record.uri?eid=2-s2.0-85050960039&doi=10.11092fSANER.2018.8330243&partnerID=40&md5=d68384739d44ff932daa9a50bddc4813},
   year = {2018},
}

@article{Li2020,
   author = {T Li and S Wang and D Lillis and Z Yang},
   doi = {10.3390/app10207253},
   issue = {20},
   journal = {Applied Sciences (Switzerland)},
   pages = {1-23},
   title = {Combining machine learning and logical reasoning to improve requirements traceability recovery},
   volume = {10},
   M = {https://www.scopus.com/inward/record.uri?eid=2-s2.0-85092781473&doi=10.33902fapp10207253&partnerID=40&md5=16537cdf5042de10fc3df6e71c6c9615},
   year = {2020},
}

@inproceedings{Mahmoud2013,
   author = {A Mahmoud and N Niu},
   doi = {10.1109/RE.2013.6636703},
   booktitle = {21st IEEE International Requirements Engineering Conference},
   pages = {32-41},
   title = {Supporting requirements traceability through refactoring},
   M = {https://www.scopus.com/inward/record.uri?eid=2-s2.0-84891065181&doi=10.11092fRE.2013.6636703&partnerID=40&md5=fea8672a89970ff0767f2519feea6a3e},
   year = {2013},
}

@inproceedings{Mills2017,
   author = {C Mills},
   doi = {10.1109/ASE.2017.8115723},
   booktitle = {IEEE/ACM International Conference on Automated Software Engineering},
   pages = {1018-1021},
   title = {Towards the automatic classification of traceability links},
   M = {https://www.scopus.com/inward/record.uri?eid=2-s2.0-85041444564&doi=10.11092fASE.2017.8115723&partnerID=40&md5=3e3e4ecdc58549b9c987f5126002ef6e},
   year = {2017},
}

@inproceedings{Mills20172,
   author = {C Mills and S Haiduc},
   doi = {10.1109/ICSE-C.2017.86},
   booktitle = {IEEE/ACM International Conference on Software Engineering Companion, ICSE-C 2017},
   pages = {121-123},
   title = {A machine learning approach for determining the validity of traceability links},
   M = {https://www.scopus.com/inward/record.uri?eid=2-s2.0-85026759833&doi=10.11092fICSE-C.2017.86&partnerID=40&md5=ea83362c1d0423daa96ff2c7791bcd74},
   year = {2017},
}

@inproceedings{Mills2018,
   author = {Chris Mills and Javier Escobar-Avila and Sonia Haiduc},
   doi = {10.1109/ICSME.2018.00045},
   isbn = {9781538678701},
   booktitle = {IEEE International Conference on Software Maintenance and Evolution, ICSME 2018},
   keywords = {Classification,Information retrieval,Machine learning,Query quality,Traceability link recovery,Traceability maintenance},
   month = {11},
   pages = {369-380},
   publisher = {Institute of Electrical and Electronics Engineers Inc.},
   title = {Automatic traceability maintenance via machine learning classification},
   year = {2018},
}

@inproceedings{Rasiman2022,
   author = {R Rasiman and F Dalpiaz and S Espana},
   doi = {10.1007/978-3-030-98464-9_4},
   booktitle = {Requirements Engineering: Foundation for Software Quality, REFSQ 2022},
   pages = {35-51},
   title = {How Effective Is Automated Trace Link Recovery in Model-Driven Development?},
   volume = {13216},
   year = {2022},
}

@inproceedings{Rath2018,
   author = {Michael Rath and Jacob Rendall and Jin L.C. Guo and Jane Cleland-Huang and Patrick Mäder},
   doi = {10.1145/3180155.3180207},
   isbn = {9781450356381},
   issn = {02705257},
   booktitle = {International Conference on Software Engineering},
   keywords = {Link recovery,Machine learning,Open source,Traceability},
   month = {5},
   pages = {834-845},
   publisher = {IEEE Computer Society},
   title = {Traceability in the wild: Automatically augmenting incomplete trace links},
   year = {2018},
}

@inproceedings{Sultanov2013,
   author = {H Sultanov and J H Hayes},
   doi = {10.1109/RE.2013.6636705},
   booktitle = {21st IEEE International Requirements Engineering Conference},
   pages = {52-61},
   title = {Application of reinforcement learning to requirements engineering: Requirements tracing},
   M = {https://www.scopus.com/inward/record.uri?eid=2-s2.0-84891083117&doi=10.11092fRE.2013.6636705&partnerID=40&md5=989011fd5f7b961f9747610e8765190b},
   year = {2013},
}

@inproceedings{Wang20191,
   author = {S Wang and T Li and Z Yang},
   doi = {10.1109/APSEC48747.2019.00015},
   booktitle = {Asia-Pacific Software Engineering Conference},
   pages = {39-46},
   title = {Exploring Semantics of Software Artifacts to Improve Requirements Traceability Recovery: A Hybrid Approach},
   volume = {2019-December},
   M = {https://www.scopus.com/inward/record.uri?eid=2-s2.0-85078184282&doi=10.11092fAPSEC48747.2019.00015&partnerID=40&md5=e8c47bde0b893e57afb706a4718f15f3},
   year = {2019},
}

@inproceedings{Wang20192,
  title={Using graph embedding to improve requirements traceability recovery},
  author={Wang, Shiheng and Li, Tong and Yang, Zhen},
  booktitle={Applied Informatics: Second International Conference, ICAI 2019, Madrid, Spain, November 7--9, 2019, Proceedings 2},
  pages={533--545},
  year={2019},
  organization={Springer}
}

@inproceedings{Wang20193,
   author = {B Wang and R Peng and Z Wang and Y Zhao},
   doi = {10.18293/SEKE2019-108},
   booktitle = {Proceedings of the International Conference on Software Engineering and Knowledge Engineering},
   pages = {567-572},
   title = {Combining VSM and BTM to improve requirements trace links generation},
   volume = {2019-July},
   M = {https://www.scopus.com/inward/record.uri?eid=2-s2.0-85071375596&doi=10.182932fSEKE2019-108&partnerID=40&md5=1b8df1395d58c92e0b0ac5d9ee7535fa},
   year = {2019},
}

@inproceedings{Zhang2021,
   author = {M Zhang and C Tao and H Guo and Z Huang},
   doi = {10.1109/QRS54544.2021.00096},
   booktitle = {IEEE International Conference on Software Quality, Reliability and Security, QRS},
   pages = {873-882},
   title = {Recovering Semantic Traceability between Requirements and Source Code Using Feature Representation Techniques},
   volume = {2021-December},
   M = {https://www.scopus.com/inward/record.uri?eid=2-s2.0-85146201608&doi=10.11092fQRS54544.2021.00096&partnerID=40&md5=8613ac5ee275abdc8c4f83f230a94b2c},
   year = {2021},
}

@inproceedings{Zhao2018,
   author = {T Zhao and Q Cao and Q Sun},
   doi = {10.1109/APSEC.2017.14},
   booktitle = {Proceedings - Asia-Pacific Software Engineering Conference, APSEC},
   pages = {81-89},
   title = {An Improved Approach to Traceability Recovery Based on Word Embeddings},
   volume = {2017-December},
   M = {https://www.scopus.com/inward/record.uri?eid=2-s2.0-85045937064&doi=10.11092fAPSEC.2017.14&partnerID=40&md5=ddca72c08460593c2020a637d848b230},
   year = {2018},
}

@article{bavota2014enhancing,
  title={Enhancing software artefact traceability recovery processes with link count information},
  author={Bavota, Gabriele and De Lucia, Andrea and Oliveto, Rocco and Tortora, Genoveffa},
  journal={Information and Software Technology},
  volume={56},
  number={2},
  pages={163--182},
  year={2014},
  publisher={Elsevier}
}

@article{capobianco2013improving,
  title={Improving IR-based traceability recovery via noun-based indexing of software artifacts},
  author={Capobianco, Giovanni and Lucia, Andrea De and Oliveto, Rocco and Panichella, Annibale and Panichella, Sebastiano},
  journal={Journal of Software: Evolution and Process},
  volume={25},
  number={7},
  pages={743--762},
  year={2013},
  publisher={Wiley Online Library}
}

@inproceedings{chhabra2017filtering,
   author = {Jyoti and J K Chhabra},
   doi = {10.1109/I2CT.2017.8226300},
   booktitle = {2nd International Conference for Convergence in Technology},
   pages = {1111-1115},
   title = {Filtering of false positives from IR-based traceability links among software artifacts},
   volume = {2017-January},
   M = {https://www.scopus.com/inward/record.uri?eid=2-s2.0-85046532742&doi=10.11092fI2CT.2017.8226300&partnerID=40&md5=470a1400aabe77b3f3fd694d2f516f93},
   year = {2017},
}

@inproceedings{cleland:2010,
  title={A machine learning approach for tracing regulatory codes to product specific requirements},
  author={Cleland-Huang, Jane and Czauderna, Adam and Gibiec, Marek and Emenecker, John},
  booktitle={Proceedings of the 32nd ACM/IEEE International Conference on Software Engineering-Volume 1},
  pages={155--164},
  year={2010}
}

@inproceedings{devlin-etal-2019-bert,
    title = "{BERT}: Pre-training of Deep Bidirectional Transformers for Language Understanding",
    author = "Devlin, Jacob  and
      Chang, Ming-Wei  and
      Lee, Kenton  and
      Toutanova, Kristina",
    editor = "Burstein, Jill  and
      Doran, Christy  and
      Solorio, Thamar",
    booktitle = "Proceedings of the 2019 Conference of the North {A}merican Chapter of the Association for Computational Linguistics: Human Language Technologies, Volume 1 (Long and Short Papers)",
    month = jun,
    year = "2019",
    address = "Minneapolis, Minnesota",
    publisher = "Association for Computational Linguistics",
    pages = "4171--4186",
}

@inproceedings{gao2022using,
  title={Using Consensual Biterms from Text Structures of Requirements and Code to Improve IR-Based Traceability Recovery},
  author={Gao, Hui and Kuang, Hongyu and Sun, Kexin and Ma, Xiaoxing and Egyed, Alexander and M{\"a}der, Patrick and Rong, Guoping and Shao, Dong and Zhang, He},
  booktitle={37th IEEE/ACM International Conference on Automated Software Engineering},
  pages={1--1},
  year={2022}
}

@article{guo2017tackling,
  title={Tackling the term-mismatch problem in automated trace retrieval},
  author={Guo, Jin and Gibiec, Marek and Cleland-Huang, Jane},
  journal={Empirical Software Engineering},
  volume={22},
  pages={1103--1142},
  year={2017},
  publisher={Springer}
}

@inproceedings{hassine2024llm,
  title={An llm-based approach to recover traceability links between security requirements and goal models},
  author={Hassine, Jameleddine},
  booktitle={Proceedings of the 28th International Conference on Evaluation and Assessment in Software Engineering},
  pages={643--651},
  year={2024}
}

@inproceedings{kenton2019bert,
  title={BERT: Pre-training of Deep Bidirectional Transformers for Language Understanding},
  author={Kenton, Jacob Devlin Ming-Wei Chang and Toutanova, Lee Kristina},
  booktitle={Proceedings of NAACL-HLT},
  pages={4171--4186},
  year={2019}
}

@inproceedings{kuang2017analyzing,
  title={Analyzing closeness of code dependencies for improving IR-based Traceability Recovery},
  author={Kuang, Hongyu and Nie, Jia and Hu, Hao and Rempel, Patrick and L{\"u}, Jian and Egyed, Alexander and M{\"a}der, Patrick},
  booktitle={2017 IEEE 24th International Conference on Software Analysis, Evolution and Reengineering (SANER)},
  pages={68--78},
  year={2017},
  organization={IEEE}
}

@inproceedings{le2015rclinker,
  title={Rclinker: Automated linking of issue reports and commits leveraging rich contextual information},
  author={Le, Tien-Duy B and Linares-V{\'a}squez, Mario and Lo, David and Poshyvanyk, Denys},
  booktitle={2015 IEEE 23rd international conference on program comprehension},
  pages={36--47},
  year={2015},
  organization={IEEE}
}

@inproceedings{li2015recovering,
  title={Recovering traceability links in requirements documents},
  author={Li, Zeheng and Chen, Mingrui and Huang, LiGuo and Ng, Vincent},
  booktitle={Proceedings of the Nineteenth Conference on Computational Natural Language Learning},
  pages={237--246},
  year={2015}
}

@inproceedings{li2023applications,
  title={Applications of Machine Learning in Requirements Traceability: A Systematic Mapping Study (S).},
  author={Li, Xingfu and Wang, Bangchao and Wan, Hongyan and Deng, Yang and Wang, Zihan},
  booktitle={SEKE},
  pages={566--571},
  year={2023}
}

@inproceedings{mills2019tracing,
  title={Tracing with less data: active learning for classification-based traceability link recovery},
  author={Mills, Chris and Escobar-Avila, Javier and Bhattacharya, Aditya and Kondyukov, Grigoriy and Chakraborty, Shayok and Haiduc, Sonia},
  booktitle={2019 IEEE International Conference on Software Maintenance and Evolution (ICSME)},
  pages={103--113},
  year={2019},
  organization={IEEE}
}

@inproceedings{moran2020improving,
  title={Improving the effectiveness of traceability link recovery using hierarchical bayesian networks},
  author={Moran, Kevin and Palacio, David N and Bernal-C{\'a}rdenas, Carlos and McCrystal, Daniel and Poshyvanyk, Denys and Shenefiel, Chris and Johnson, Jeff},
  booktitle={Proceedings of the ACM/IEEE 42nd International Conference on Software Engineering},
  pages={873--885},
  year={2020}
}

@article{mucha2024systematic,
  title={A systematic literature review of pre-requirements specification traceability},
  author={Mucha, Julia and Kaufmann, Andreas and Riehle, Dirk},
  journal={Requirements Engineering},
  pages={1--23},
  year={2024},
  publisher={Springer}
}

@inproceedings{nishikawa2015recovering,
  title={Recovering transitive traceability links among software artifacts},
  author={Nishikawa, Kazuki and Washizaki, Hironori and Fukazawa, Yoshiaki and Oshima, Keishi and Mibe, Ryota},
  booktitle={2015 IEEE International Conference on Software Maintenance and Evolution (ICSME)},
  pages={576--580},
  year={2015},
  organization={IEEE}
}

@inproceedings{north2024code,
  title={Code Gradients: Towards Automated Traceability of LLM-Generated Code},
  author={North, Marc and Atapour-Abarghouei, Amir and Bencomo, Nelly},
  booktitle={2024 IEEE 32nd International Requirements Engineering Conference (RE)},
  pages={321--329},
  year={2024},
  organization={IEEE}
}

@inproceedings{panichella2013and,
  title={When and how using structural information to improve ir-based traceability recovery},
  author={Panichella, Annibale and McMillan, Collin and Moritz, Evan and Palmieri, Davide and Oliveto, Rocco and Poshyvanyk, Denys and De Lucia, Andrea},
  booktitle={2013 17th European Conference on Software Maintenance and Reengineering},
  pages={199--208},
  year={2013},
  organization={IEEE}
}

@article{peng2023enhancing,
  title={Enhancing Traceability Link Recovery with Fine-Grained Query Expansion Analysis},
  author={Peng, Tao and She, Kun and Shen, Yimin and Xu, Xiangliang and Yu, Yue},
  journal={Information},
  volume={14},
  number={5},
  pages={270},
  year={2023},
  publisher={MDPI}
}

@article{ramesh1998factors,
  title={Factors influencing requirements traceability practice},
  author={Ramesh, Balasubramaniam},
  journal={Communications of the ACM},
  volume={41},
  number={12},
  pages={37--44},
  year={1998},
  publisher={ACM New York, NY, USA}
}

@inproceedings{rodriguez2023prompts,
  title={Prompts matter: Insights and strategies for prompt engineering in automated software traceability},
  author={Rodriguez, Alberto D and Dearstyne, Katherine R and Cleland-Huang, Jane},
  booktitle={2023 IEEE 31st International Requirements Engineering Conference Workshops (REW)},
  pages={455--464},
  year={2023},
  organization={IEEE}
}

@inproceedings{shao2013improved,
  title={An improved approach to the recovery of traceability links between requirement documents and source codes based on latent semantic indexing},
  author={Shao, Jianwei and Wu, Wei and Geng, Peng},
  booktitle={Computational Science and Its Applications--ICCSA 2013: 13th International Conference, Ho Chi Minh City, Vietnam, June 24-27, 2013, Proceedings, Part V 13},
  pages={547--557},
  year={2013},
  organization={Springer}
}

@article{sun2017frlink,
  title={Frlink: Improving the recovery of missing issue-commit links by revisiting file relevance},
  author={Sun, Yan and Wang, Qing and Yang, Ye},
  journal={Information and Software Technology},
  volume={84},
  pages={33--47},
  year={2017},
  publisher={Elsevier}
}

@inproceedings{tufail2017systematic,
  title={A systematic review of requirement traceability techniques and tools},
  author={Tufail, Hanny and Masood, Muhammad Faisal and Zeb, Babar and Azam, Farooque and Anwar, Muhammad Waseem},
  booktitle={2017 2nd international conference on system reliability and safety (ICSRS)},
  pages={450--454},
  year={2017},
  organization={IEEE}
}

@inproceedings{vogelsang2025impact,
    author={Vogelsang, Andreas and Korn, Alexander and Broccia, Giovanna and Ferrari, Alessio and Fischbach, Jannik and Arora, Chetan},
    title={On the Impact of Requirements Smells in Prompts: The Case of Automated Traceability},
    booktitle = {IEEE/ACM 50th international conference on software engineering: new ideas and emerging results (ICSE-NIER)},
    year = 2025
}

@article{wang2018requirements,
  title={Requirements traceability technologies and technology transfer decision support: A systematic review},
  author={Wang, Bangchao and Peng, Rong and Li, Yuanbang and Lai, Han and Wang, Zhuo},
  journal={Journal of Systems and Software},
  volume={146},
  pages={59--79},
  year={2018},
  publisher={Elsevier}
}

@inproceedings{zhao2020extended,
  title={An extended knowledge representation learning approach for context-based traceability link recovery},
  author={Zhao, Guoshuai and Li, Tong and Yang, Zhen},
  booktitle={2020 IEEE Seventh International Workshop on Artificial Intelligence for Requirements Engineering (AIRE)},
  pages={22--22},
  year={2020},
  organization={IEEE}
}

