@article{xu2024dpo,
  title={Is dpo superior to ppo for llm alignment? a comprehensive study},
  author={Xu, Shusheng and Fu, Wei and Gao, Jiaxuan and Ye, Wenjie and Liu, Weilin and Mei, Zhiyu and Wang, Guangju and Yu, Chao and Wu, Yi},
  journal={arXiv preprint arXiv:2404.10719},
  year={2024}
}

@article{peiris2023production,
  title={Production scheduling in modular construction: Metaheuristics and future directions},
  author={Peiris, Achini and Hui, Felix Kin Peng and Duffield, Colin and Ngo, Tuan},
  journal={Automation in Construction},
  volume={150},
  pages={104851},
  year={2023},
  publisher={Elsevier}
}

@article{yang2024multi,
  title={A Multi-Policy Deep Reinforcement Learning Approach for Multi-Objective Joint Routing and Scheduling in Deterministic Networks},
  author={Yang, Sijin and Zhuang, Lei and Zhang, Jianhui and Lan, Julong and Li, Bingkui},
  journal={IEEE Internet of Things Journal},
  year={2024},
  publisher={IEEE}
}

@article{khodabakhshian2023deterministic,
  title={Deterministic and probabilistic risk management approaches in construction projects: A systematic literature review and comparative analysis},
  author={Khodabakhshian, Ania and Puolitaival, Taija and Kestle, Linda},
  journal={Buildings},
  volume={13},
  number={5},
  pages={1312},
  year={2023},
  publisher={MDPI}
}

@article{yang2024reuse,
  title={Reuse-based online joint routing and scheduling optimization mechanism in deterministic networks},
  author={Yang, Sijin and Zhuang, Lei and Lan, Julong and Zhang, Jianhui and Li, Bingkui},
  journal={Computer Networks},
  volume={238},
  pages={110117},
  year={2024},
  publisher={Elsevier}
}


@article{zhang2023rule,
  title={Rule capture of automated compliance checking of building requirements: a review},
  author={Zhang, Zijing and Ma, Ling and Broyd, Tim},
  journal={Proceedings of the Institution of Civil Engineers-Smart Infrastructure and Construction},
  volume={176},
  number={4},
  pages={224--238},
  year={2023},
  publisher={Emerald Publishing Limited}
}

@article{amer2023construction,
  title={Construction schedule augmentation with implicit dependency constraints and automated generation of lookahead plan revisions},
  author={Amer, Fouad and Jung, Yoonhwa and Golparvar-Fard, Mani},
  journal={Automation in Construction},
  volume={152},
  pages={104896},
  year={2023},
  publisher={Elsevier}
}

@article{augar2024rule,
  title={A Rule Based Expert System for Delay Analysis in Construction Projects},
  author={A{\u{g}}ar, Mehmet},
  year={2024},
  publisher={Middle East Technical University}
}

@article{xie2023case,
  title={A case-based reasoning approach for solving schedule delay problems in prefabricated construction projects},
  author={Xie, Linlin and Wu, Sisi and Chen, Yajiao and Chang, Ruidong and Chen, Xiaoyan},
  journal={Automation in Construction},
  volume={154},
  pages={105028},
  year={2023},
  publisher={Elsevier}
}

@article{al2024generation,
  title={Generation of Construction Scheduling through Machine Learning and BIM: A Blueprint},
  author={Al-Sinan, Mazen A and Bubshait, Abdulaziz A and Aljaroudi, Zainab},
  journal={Buildings},
  volume={14},
  number={4},
  pages={934},
  year={2024},
  publisher={MDPI}
}

@article{parekh2024automating,
  title={Automating the design process for smart building technologies},
  author={Parekh, Ruchit},
  journal={World Journal of Advanced Research and Reviews},
  volume={23},
  number={2},
  year={2024}
}

@article{gao2023retrieval,
  title={Retrieval-augmented generation for large language models: A survey},
  author={Gao, Yunfan and Xiong, Yun and Gao, Xinyu and Jia, Kangxiang and Pan, Jinliu and Bi, Yuxi and Dai, Yi and Sun, Jiawei and Wang, Haofen},
  journal={arXiv preprint arXiv:2312.10997},
  year={2023}
}

@inproceedings{chen2024benchmarking,
  title={Benchmarking large language models in retrieval-augmented generation},
  author={Chen, Jiawei and Lin, Hongyu and Han, Xianpei and Sun, Le},
  booktitle={Proceedings of the AAAI Conference on Artificial Intelligence},
  volume={38},
  number={16},
  pages={17754--17762},
  year={2024}
}

@article{jiang2024longrag,
  title={Longrag: Enhancing retrieval-augmented generation with long-context llms},
  author={Jiang, Ziyan and Ma, Xueguang and Chen, Wenhu},
  journal={arXiv preprint arXiv:2406.15319},
  year={2024}
}

@article{zhao2024retrieval,
  title={Retrieval-augmented generation for ai-generated content: A survey},
  author={Zhao, Penghao and Zhang, Hailin and Yu, Qinhan and Wang, Zhengren and Geng, Yunteng and Fu, Fangcheng and Yang, Ling and Zhang, Wentao and Cui, Bin},
  journal={arXiv preprint arXiv:2402.19473},
  year={2024}
}

@inproceedings{fan2024survey,
  title={A survey on rag meeting llms: Towards retrieval-augmented large language models},
  author={Fan, Wenqi and Ding, Yujuan and Ning, Liangbo and Wang, Shijie and Li, Hengyun and Yin, Dawei and Chua, Tat-Seng and Li, Qing},
  booktitle={Proceedings of the 30th ACM SIGKDD Conference on Knowledge Discovery and Data Mining},
  pages={6491--6501},
  year={2024}
}

@inproceedings{barnett2024seven,
  title={Seven failure points when engineering a retrieval augmented generation system},
  author={Barnett, Scott and Kurniawan, Stefanus and Thudumu, Srikanth and Brannelly, Zach and Abdelrazek, Mohamed},
  booktitle={Proceedings of the IEEE/ACM 3rd International Conference on AI Engineering-Software Engineering for AI},
  pages={194--199},
  year={2024}
}

@article{wang2023rlhf,
  title={Is rlhf more difficult than standard rl? a theoretical perspective},
  author={Wang, Yuanhao and Liu, Qinghua and Jin, Chi},
  journal={Advances in Neural Information Processing Systems},
  volume={36},
  pages={76006--76032},
  year={2023}
}

@article{dong2024rlhf,
  title={Rlhf workflow: From reward modeling to online rlhf},
  author={Dong, Hanze and Xiong, Wei and Pang, Bo and Wang, Haoxiang and Zhao, Han and Zhou, Yingbo and Jiang, Nan and Sahoo, Doyen and Xiong, Caiming and Zhang, Tong},
  journal={arXiv preprint arXiv:2405.07863},
  year={2024}
}

@article{saeidi2024insights,
  title={Insights into Alignment: Evaluating DPO and its Variants Across Multiple Tasks},
  author={Saeidi, Amir and Verma, Shivanshu and Baral, Chitta},
  journal={arXiv preprint arXiv:2404.14723},
  year={2024}
}

@article{chen2024scheduling,
  title={Scheduling optimization of electric ready mixed concrete vehicles using an improved model-based reinforcement learning},
  author={Chen, Zhengyi and Wang, Hao and Wang, Boyu and Yang, Liu and Song, Changhao and Zhang, Xiao and Lin, Fangzhou and Cheng, Jack CP},
  journal={Automation in Construction},
  volume={160},
  pages={105308},
  year={2024},
  publisher={Elsevier}
}

@article{wang2024comprehensive,
  title={A comprehensive survey of llm alignment techniques: Rlhf, rlaif, ppo, dpo and more},
  author={Wang, Zhichao and Bi, Bin and Pentyala, Shiva Kumar and Ramnath, Kiran and Chaudhuri, Sougata and Mehrotra, Shubham and Mao, Xiang-Bo and Asur, Sitaram and others},
  journal={arXiv preprint arXiv:2407.16216},
  year={2024}
}

@article{xiao2024comprehensive,
  title={A Comprehensive Survey of Datasets, Theories, Variants, and Applications in Direct Preference Optimization},
  author={Xiao, Wenyi and Wang, Zechuan and Gan, Leilei and Zhao, Shuai and He, Wanggui and Tuan, Luu Anh and Chen, Long and Jiang, Hao and Zhao, Zhou and Wu, Fei},
  journal={arXiv preprint arXiv:2410.15595},
  year={2024}
}

@article{feng2024towards,
  title={Towards analyzing and understanding the limitations of dpo: A theoretical perspective},
  author={Feng, Duanyu and Qin, Bowen and Huang, Chen and Zhang, Zheng and Lei, Wenqiang},
  journal={arXiv preprint arXiv:2404.04626},
  year={2024}
}

@article{srivastava2022imperative,
  title={Imperative role of technology intervention and implementation for automation in the construction industry},
  author={Srivastava, Amit and Jawaid, Sajjaf and Singh, Rajesh and Gehlot, Anita and Akram, Shaik Vaseem and Priyadarshi, Neeraj and Khan, Baseem},
  journal={Advances in Civil Engineering},
  volume={2022},
  number={1},
  pages={6716987},
  year={2022},
  publisher={Wiley Online Library}
}

@article{dashti2021integrated,
  title={Integrated BIM-based simulation for automated time-space conflict management in construction projects},
  author={Dashti, Mohammad Saleh and RezaZadeh, Mohammad and Khanzadi, Mostafa and Taghaddos, Hosein},
  journal={Automation in Construction},
  volume={132},
  pages={103957},
  year={2021},
  publisher={Elsevier}
}

@article{bademosi2021factors,
  title={Factors influencing adoption and integration of construction robotics and automation technology in the US},
  author={Bademosi, Fopefoluwa and Issa, Raja RA},
  journal={Journal of Construction Engineering and Management},
  volume={147},
  number={8},
  pages={04021075},
  year={2021},
  publisher={American Society of Civil Engineers}
}

@article{pan2021automated,
  title={Automated process discovery from event logs in BIM construction projects},
  author={Pan, Yue and Zhang, Limao},
  journal={Automation in Construction},
  volume={127},
  pages={103713},
  year={2021},
  publisher={Elsevier}
}

@article{li2021optimal,
  title={Optimal scheduling of isolated microgrids using automated reinforcement learning-based multi-period forecasting},
  author={Li, Yang and Wang, Ruinong and Yang, Zhen},
  journal={IEEE Transactions on Sustainable Energy},
  volume={13},
  number={1},
  pages={159--169},
  year={2021},
  publisher={IEEE}
}

@inproceedings{neelamkavil2009automation,
  title={Automation in the prefab and modular construction industry},
  author={Neelamkavil, Joseph},
  booktitle={26th symposium on construction robotics ISARC},
  year={2009}
}

@article{azimi2011framework,
  title={A framework for an automated and integrated project monitoring and control system for steel fabrication projects},
  author={Azimi, Reza and Lee, SangHyun and AbouRizk, Simaan M and Alvanchi, Amin},
  journal={Automation in Construction},
  volume={20},
  number={1},
  pages={88--97},
  year={2011},
  publisher={Elsevier}
}

@article{zavadskas2004multicriteria,
  title={Multicriteria valuation of commercial construction projects for investment purposes},
  author={Zavadskas, Edmundas Kazimieras and Ustinovichius, Leonas and Stasiulionis, Andrius},
  journal={Journal of civil engineering and management},
  volume={10},
  number={2},
  pages={151--166},
  year={2004},
  publisher={Taylor \& Francis}
}

@article{alegre2016engineering,
  title={Engineering context-aware systems and applications: A survey},
  author={Alegre, Unai and Augusto, Juan Carlos and Clark, Tony},
  journal={Journal of Systems and Software},
  volume={117},
  pages={55--83},
  year={2016},
  publisher={Elsevier}
}

@article{al2020uncertainty,
  title={Uncertainty-Aware Self-Adaptive Cyber-Physical Systems},
  author={Al Ali, Rima},
  year={2020},
  publisher={Univerzita Karlova, Matematicko-fyzik{\'a}ln{\'\i} fakulta}
}

@inproceedings{xu2024llm,
  title={LLM-enabled Cyber-Physical Systems: Survey, Research Opportunities, and Challenges},
  author={Xu, Weizhe and Liu, Mengyu and Sokolsky, Oleg and Lee, Insup and Kong, Fanxin},
  booktitle={2024 IEEE International Workshop on Foundation Models for Cyber-Physical Systems \& Internet of Things (FMSys)},
  pages={50--55},
  year={2024},
  organization={IEEE}
}

@article{banerjee2024cps,
  title={CPS-LLM: Large Language Model based Safe Usage Plan Generator for Human-in-the-Loop Human-in-the-Plant Cyber-Physical System},
  author={Banerjee, Ayan and Maity, Aranyak and Kamboj, Payal and Gupta, Sandeep KS},
  journal={arXiv preprint arXiv:2405.11458},
  year={2024}
}

@article{gidado1996project,
  title={Project complexity: The focal point of construction production planning},
  author={Gidado, KI},
  journal={Construction Management \& Economics},
  volume={14},
  number={3},
  pages={213--225},
  year={1996},
  publisher={Taylor \& Francis}
}

@article{touvron2023llama,
  title={Llama: Open and efficient foundation language models},
  author={Touvron, Hugo and Lavril, Thibaut and Izacard, Gautier and Martinet, Xavier and Lachaux, Marie-Anne and Lacroix, Timoth{\'e}e and Rozi{\`e}re, Baptiste and Goyal, Naman and Hambro, Eric and Azhar, Faisal and others},
  journal={arXiv preprint arXiv:2302.13971},
  year={2023}
}

@article{zhuang2022understanding,
  title={Understanding adamw through proximal methods and scale-freeness},
  author={Zhuang, Zhenxun and Liu, Mingrui and Cutkosky, Ashok and Orabona, Francesco},
  journal={Transactions on machine learning research},
  year={2022}
}

@article{islam2024gpt,
  title={Gpt-4o: The cutting-edge advancement in multimodal llm},
  author={Islam, Raisa and Moushi, Owana Marzia},
  journal={Authorea Preprints},
  year={2024}
}

@article{acharya2025optimizing,
  title={Optimizing Code Runtime Performance through Context-Aware Retrieval-Augmented Generation},
  author={Acharya, Manish and Zhang, Yifan and Huang, Yu and Leach, Kevin},
  journal={arXiv preprint arXiv:2501.16692},
  year={2025}
}

@article{li2024malmixer,
  title={MalMixer: Few-Shot Malware Classification with Retrieval-Augmented Semi-Supervised Learning},
  author={Li, Eric and Zhang, Yifan and Huang, Yu and Leach, Kevin},
  journal={arXiv preprint arXiv:2409.13213},
  year={2024}
}

@article{he2024real,
  title={Real-Time Vibration Estimation and Compensation With Long Short-Term Memory Recurrent Neural Network},
  author={He, Yichang and Zhang, Yifan and Fan, Yunfeng and Tan, U-Xuan},
  journal={IEEE/ASME Transactions on Mechatronics},
  year={2024},
  publisher={IEEE}
}

@inproceedings{huang2024cross,
  title={Cross-Space Adaptive Filter: Integrating Graph Topology and Node Attributes for Alleviating the Over-smoothing Problem},
  author={Huang, Chen and Li, Haoyang and Zhang, Yifan and Lei, Wenqiang and Lv, Jiancheng},
  booktitle={Proceedings of the ACM on Web Conference 2024},
  pages={803--814},
  year={2024}
}

@article{zhang2022pre,
  title={Pre-Training Representations of Binary Code Using Contrastive Learning},
  author={Zhang, Yifan and Huang, Chen and Cao, Kevin and Zhang, Yueke and Andersen, Scott Thomas and Shao, Huajie and Leach, Kevin and Huang, Yu},
  journal={arXiv preprint arXiv:2210.05102},
  year={2022}
}

@inproceedings{zhang2022leveraging,
  title={Leveraging Artificial Intelligence on Binary Code Comprehension},
  author={Zhang, Yifan},
  booktitle={Proceedings of the 37th IEEE/ACM International Conference on Automated Software Engineering},
  pages={1--3},
  year={2022}
}

@inproceedings{li2024machines,
  title={Do Machines and Humans Focus on Similar Code? Exploring Explainability of Large Language Models in Code Summarization},
  author={Li, Jiliang and Zhang, Yifan and Karas, Zachary and McMillan, Collin and Leach, Kevin and Huang, Yu},
  booktitle={Proceedings of the 32nd IEEE/ACM International Conference on Program Comprehension},
  pages={47--51},
  year={2024}
}

@inproceedings{bansal2023modeling,
  title={Modeling programmer attention as scanpath prediction},
  author={Bansal, Aakash and Su, Chia-Yi and Karas, Zachary and Zhang, Yifan and Huang, Yu and Li, Toby Jia-Jun and McMillan, Collin},
  booktitle={2023 38th IEEE/ACM International Conference on Automated Software Engineering (ASE)},
  pages={1732--1736},
  year={2023},
  organization={IEEE}
}

@article{zhang2024eyetrans,
  title={Eyetrans: Merging human and machine attention for neural code summarization},
  author={Zhang, Yifan and Li, Jiliang and Karas, Zachary and Bansal, Aakash and Li, Toby Jia-Jun and McMillan, Collin and Leach, Kevin and Huang, Yu},
  journal={Proceedings of the ACM on Software Engineering},
  volume={1},
  number={FSE},
  pages={115--136},
  year={2024},
  publisher={ACM New York, NY, USA}
}

@article{karas2024tale,
  title={A Tale of Two Comprehensions? Analyzing Student Programmer Attention during Code Summarization},
  author={Karas, Zachary and Bansal, Aakash and Zhang, Yifan and Li, Toby and McMillan, Collin and Huang, Yu},
  journal={ACM Transactions on Software Engineering and Methodology},
  year={2024},
  publisher={ACM New York, NY}
}
