@article{bademosi2021factors,
  title={Factors influencing adoption and integration of construction robotics and automation technology in the US},
  author={Bademosi, Fopefoluwa and Issa, Raja RA},
  journal={Journal of Construction Engineering and Management},
  volume={147},
  number={8},
  pages={04021075},
  year={2021},
  publisher={American Society of Civil Engineers}
}

@article{dashti2021integrated,
  title={Integrated BIM-based simulation for automated time-space conflict management in construction projects},
  author={Dashti, Mohammad Saleh and RezaZadeh, Mohammad and Khanzadi, Mostafa and Taghaddos, Hosein},
  journal={Automation in Construction},
  volume={132},
  pages={103957},
  year={2021},
  publisher={Elsevier}
}

@article{li2021optimal,
  title={Optimal scheduling of isolated microgrids using automated reinforcement learning-based multi-period forecasting},
  author={Li, Yang and Wang, Ruinong and Yang, Zhen},
  journal={IEEE Transactions on Sustainable Energy},
  volume={13},
  number={1},
  pages={159--169},
  year={2021},
  publisher={IEEE}
}

@article{pan2021automated,
  title={Automated process discovery from event logs in BIM construction projects},
  author={Pan, Yue and Zhang, Limao},
  journal={Automation in Construction},
  volume={127},
  pages={103713},
  year={2021},
  publisher={Elsevier}
}

@article{srivastava2022imperative,
  title={Imperative role of technology intervention and implementation for automation in the construction industry},
  author={Srivastava, Amit and Jawaid, Sajjaf and Singh, Rajesh and Gehlot, Anita and Akram, Shaik Vaseem and Priyadarshi, Neeraj and Khan, Baseem},
  journal={Advances in Civil Engineering},
  volume={2022},
  number={1},
  pages={6716987},
  year={2022},
  publisher={Wiley Online Library}
}

