@inproceedings{khandelwal-etal-2018-sharp,title = "Sharp Nearby, Fuzzy Far Away: How Neural Language Models Use Context",author = "Khandelwal, Urvashi and He, He and Qi, Peng and Jurafsky, Dan",editor = "Gurevych, Iryna and Miyao, Yusuke",booktitle = ACL:2018:1,month = jul,year = "2018",address = "Melbourne, Australia",publisher = acl,url = anth # {P18-1027/},doi = "10.18653/v1/P18-1027",pages = "284--294"
}

@article{kwiatkowski-etal-2019-natural,title = "Natural Questions: A Benchmark for Question Answering Research",author = "Kwiatkowski, Tom and Palomaki, Jennimaria and Redfield, Olivia and Collins, Michael and Parikh, Ankur and Alberti, Chris and Epstein, Danielle and Polosukhin, Illia and Devlin, Jacob and Lee, Kenton and Toutanova, Kristina and Jones, Llion and Kelcey, Matthew and Chang, Ming-Wei and Dai, Andrew M. and Uszkoreit, Jakob and Le, Quoc and Petrov, Slav",editor = "Lee, Lillian and Johnson, Mark and Roark, Brian and Nenkova, Ani",journal = "Transactions of the Association for Computational Linguistics",volume = "7",year = "2019",address = "Cambridge, MA",publisher = "MIT Press",url = anth # {Q19-1026/},doi = "10.1162/tacl_a_00276",pages = "452--466"
}

@article{liu-etal-2024-lost,title = "Lost in the Middle: How Language Models Use Long Contexts",author = "Liu, Nelson F. and Lin, Kevin and Hewitt, John and Paranjape, Ashwin and Bevilacqua, Michele and Petroni, Fabio and Liang, Percy",journal = "Transactions of the Association for Computational Linguistics",volume = "12",year = "2024",address = "Cambridge, MA",publisher = "MIT Press",url = anth # {2024.tacl-1.9/},doi = "10.1162/tacl_a_00638",pages = "157--173"
}

@inproceedings{press-etal-2021-shortformer,title = "Shortformer: Better Language Modeling using Shorter Inputs",author = "Press, Ofir and Smith, Noah A. and Lewis, Mike",editor = "Zong, Chengqing and Xia, Fei and Li, Wenjie and Navigli, Roberto",booktitle = ACL:2021:long,month = aug,year = "2021",address = "Online",publisher = acl,url = anth # {2021.acl-long.427/},doi = "10.18653/v1/2021.acl-long.427",pages = "5493--5505"
}

