%########################################################## DECEMBER 2024 ############################## 

@article{chowdhery2023palm,
  title={Palm: Scaling language modeling with pathways},
  author={Chowdhery, Aakanksha and Narang, Sharan and Devlin, Jacob and Bosma, Maarten and Mishra, Gaurav and Roberts, Adam and Barham, Paul and Chung, Hyung Won and Sutton, Charles and Gehrmann, Sebastian and others},
  journal={Journal of Machine Learning Research},
  volume={24},
  number={240},
  pages={1--113},
  year={2023}
}

@article{srivastava2022beyond,
  title={Beyond the imitation game: Quantifying and extrapolating the capabilities of language models},
  author={Srivastava, Aarohi and Rastogi, Abhinav and Rao, Abhishek and Shoeb, Abu Awal Md and Abid, Abubakar and Fisch, Adam and Brown, Adam R and Santoro, Adam and Gupta, Aditya and Garriga-Alonso, Adri{\`a} and others},
  journal={arXiv preprint arXiv:2206.04615},
  year={2022}
}

@inproceedings{abdulmumin2019hauwe,
  title={hauwe: Hausa words embedding for natural language processing},
  author={Abdulmumin, Idris and Galadanci, Bashir Shehu},
  booktitle={2019 2nd International Conference of the IEEE Nigeria Computer Chapter (NigeriaComputConf)},
  pages={1--6},
  year={2019},
  organization={IEEE}
}

@inproceedings{ibrahim2022graphic,
  title={Graphic User Interface for Hausa Text-to-Speech System},
  author={Ibrahim, Umar Adam and Boukar, Moussa Mahamat and Suleiman, Muhammed Aliyu},
  booktitle={2022 2nd International Conference on Computing and Machine Intelligence (ICMI)},
  pages={1--4},
  year={2022},
  organization={IEEE}
}

@inproceedings{maitama2014text,
  title={Text normalization algorithm for Facebook chats in Hausa language},
  author={Maitama, Jaafar Zubairu and Haruna, Usman and Gambo, Abdullahi Ya'u and Thomas, Bimba Andrew and Idris, Norisma Binti and Gital, Abdulsalam Ya'u and Abubakar, Adamu I},
  booktitle={The 5th International Conference on Information and Communication Technology for The Muslim World (ICT4M)},
  pages={1--4},
  year={2014},
  organization={IEEE}
}

@inproceedings{yusuf2023fine,
  title={Fine-tuning Multilingual Transformers for Hausa-English Sentiment Analysis},
  author={Yusuf, Aliyu and Sarlan, Aliza and Danyaro, Kamaluddeen Usman and Rahman, Abdullahi Sani BA},
  booktitle={2023 13th International Conference on Information Technology in Asia (CITA)},
  pages={13--18},
  year={2023},
  organization={IEEE}
}

@inproceedings{tukur2019tagging,
  title={Tagging part of speech in hausa sentences},
  author={Tukur, Aminu and Umar, Kabir and Muhammad, Anas Saidu},
  booktitle={2019 15th International Conference on Electronics, Computer and Computation (ICECCO)},
  pages={1--6},
  year={2019},
  organization={IEEE}
}

@article{liu2023graphmax,
  title={Graphmax for Text Generation},
  author={Liu, Bin and Yin, Guosheng},
  journal={Journal of Artificial Intelligence Research},
  volume={78},
  pages={823--848},
  year={2023}
}

@article{wanjawa2023kenswquad,
  title={KenSwQuAD—A Question Answering Dataset for Swahili Low-resource Language},
  author={Wanjawa, Barack W and Wanzare, Lilian DA and Indede, Florence and McOnyango, Owen and Muchemi, Lawrence and Ombui, Edward},
  journal={ACM Transactions on Asian and Low-Resource Language Information Processing},
  volume={22},
  number={4},
  pages={1--20},
  year={2023},
  publisher={ACM New York, NY}
}

@article{mabrouk2021multilingual,
  title={A multilingual african embedding for FAQ chatbots},
  author={Mabrouk, Aymen Ben Elhaj and Hmida, Moez Ben Haj and Fourati, Chayma and Haddad, Hatem and Messaoudi, Abir},
  journal={arXiv preprint arXiv:2103.09185},
  year={2021}
}


@article{ranathunga2023neural,
  title={Neural machine translation for low-resource languages: A survey},
  author={Ranathunga, Surangika and Lee, En-Shiun Annie and Prifti Skenduli, Marjana and Shekhar, Ravi and Alam, Mehreen and Kaur, Rishemjit},
  journal={ACM Computing Surveys},
  volume={55},
  number={11},
  pages={1--37},
  year={2023},
  publisher={ACM New York, NY}
}


@inproceedings{crysmann2009autosegmental,
  title={Autosegmental representations in an HPSG of Hausa},
  author={Crysmann Berthold},
  booktitle={Proceedings of the 2009 workshop on grammar engineering across frameworks (geaf 2009)},
  pages={28--36},
  year={2009}
}


@inproceedings{bender2002grammar,
  title={The grammar matrix: An open-source starter-kit for the rapid development of cross-linguistically consistent broad-coverage precision grammars},
  author={Bender, Emily M and Flickinger, Dan and Oepen, Stephan},
  booktitle={COLING-02: Grammar Engineering and Evaluation},
  year={2002}
}

@book{copestake2002implementing,
  title={Implementing typed feature structure grammars},
  author={Copestake Ann},
  volume={110},
  year={2002},
  publisher={CSLI publications Stanford}
}

@article{fan2021beyond,
  title={Beyond english-centric multilingual machine translation},
  author={Fan, Angela and Bhosale, Shruti and Schwenk, Holger and Ma, Zhiyi and El-Kishky, Ahmed and Goyal, Siddharth and Baines, Mandeep and Celebi, Onur and Wenzek, Guillaume and Chaudhary, Vishrav and others},
  journal={Journal of Machine Learning Research},
  volume={22},
  number={107},
  pages={1--48},
  year={2021}
}

@article{omotayo2024state,
  title={The State of Computer Vision Research in Africa},
  author={Omotayo, Abdul-Hakeem and Mbilinyi, Ashery and Ismaila, Lukman and Turki, Houcemeddine and Abdien, Mahmoud and Gamal, Karim and Tondji, Idriss and Pimi, Yvan and Etori, Naome A and Matar, Marwa M and others},
  journal={Journal of Artificial Intelligence Research},
  volume={81},
  pages={43--69},
  year={2024}
}

@inproceedings{ibrahim2022framework,
  title={Framework for Hausa Speech Recognition},
  author={Ibrahim, Umar Adam and Mahatma, Moussa Boukar and Suleiman, Muhammed Aliyu},
  booktitle={2022 5th Information Technology for Education and Development (ITED)},
  pages={1--4},
  year={2022},
  organization={IEEE}
}

@article{shehu2024unveiling,
  title={Unveiling Sentiments: A Deep Dive into Sentiment Analysis for Low-Resource Languages--A Case Study on Hausa Texts},
  author={Shehu, Harisu Abdullahi and Majikumna, Kaloma Usman and Suleiman, Aminu Bashir and Luka, Stephen and Sharif, Md Haidar and Ramadan, Rabie A and Kusetogullari, Huseyin},
  journal={IEEE Access},
  year={2024},
  publisher={IEEE}
}

@inproceedings{raychawdhary2023transformer,
  title={A Transformer-Based Language Model for Sentiment Classification and Cross-Linguistic Generalization: Empowering Low-Resource African Languages},
  author={Raychawdhary, Nilanjana and Hughes, Nathaniel and Bhattacharya, Sutanu and Dozier, Gerry and Seals, Cheryl D},
  booktitle={2023 IEEE International Conference on Artificial Intelligence, Blockchain, and Internet of Things (AIBThings)},
  pages={1--5},
  year={2023},
  organization={IEEE}
}

@article{lawal2024hausar,
  title={Hausar Kurma: Development and Evaluation of Interactive Mobile App for the English-Hausa Sign Language Alphabet},
  author={Lawal, Ahmed and Cavus, Nadire and Lawan, Abdulmalik Ahmad and Sani, Ibrahim},
  journal={IEEE Access},
  year={2024},
  publisher={IEEE}
}

@article{yousuf2024improving,
  title={Improving BERTScore for Machine Translation Evaluation Through Contrastive Learning},
  author={Yousuf, Oreen and Tang, Gongbo and Jin, Zeying},
  journal={IEEE Access},
  year={2024},
  publisher={IEEE}
}

@inproceedings{amuda2010limited,
  title={Limited resource speech recognition for Nigerian English},
  author={Amuda, Sulyman and Bo{\v{r}}il, Hynek and Sangwan, Abhijeet and Hansen, John HL},
  booktitle={2010 IEEE International Conference on Acoustics, Speech and Signal Processing},
  pages={5090--5093},
  year={2010},
  organization={IEEE}
}


@inproceedings{raychawdhary2024enhancing,
  title={Enhancing Monolingual Sentiment Classification: Pioneering Strategies in Tailored Language Training and Analytical Techniques},
  author={Raychawdhary, Nilanjana and Das, Amit and Bhattacharya, Sutanu and Dozier, Gerry and Seals, Cheryl D},
  booktitle={2024 IEEE 3rd International Conference on Computing and Machine Intelligence (ICMI)},
  pages={1--5},
  year={2024},
  organization={IEEE}
}


@inproceedings{ibrahim2021convolutional,
  title={Convolutional Neural Network for Nigerian Traditional Male Attire Classification},
  author={Ibrahim, Umar Adam and Umar, Rukkaya},
  booktitle={2021 1st International Conference on Multidisciplinary Engineering and Applied Science (ICMEAS)},
  pages={1--5},
  year={2021},
  organization={IEEE}
}


@inproceedings{tresner2023intent,
  title={Intent Recognition on Low-Resource Language Messages in a Health Marketplace Chatbot},
  author={Tresner-Kirsch, David and Mikkelson, Amanda Azari and Yinka-Banjo, Chika and Akinyemi, Mary and Goyal, Siddhartha},
  booktitle={2023 IEEE 11th International Conference on Healthcare Informatics (ICHI)},
  pages={457--459},
  year={2023},
  organization={IEEE}
}


@inproceedings{raychawdhary2024optimizing,
  title={Optimizing Multilingual Sentiment Analysis in Low-Resource Languages with Adaptive Pretraining and Strategic Language Selection},
  author={Raychawdhary, Nilanjana and Das, Amit and Bhattacharya, Sutanu and Dozier, Gerry and Seals, Cheryl D},
  booktitle={2024 IEEE 3rd International Conference on Computing and Machine Intelligence (ICMI)},
  pages={1--5},
  year={2024},
  organization={IEEE}
}


@inproceedings{adewumi2023afriwoz,
  title={AfriWOZ: Corpus for Exploiting Cross-Lingual Transfer for Dialogue Generation in Low-Resource, African Languages},
  author={Adewumi, Tosin and Adeyemi, Mofetoluwa and Anuoluwapo, Aremu and Peters, Bukola and Buzaaba, Happy and Samuel, Oyerinde and Rufai, Amina Mardiyyah and Ajibade, Benjamin and Gwadabe, Tajudeen and Traore, Mory Moussou Koulibaly and others},
  booktitle={2023 International Joint Conference on Neural Networks (IJCNN)},
  pages={1--8},
  year={2023},
  organization={IEEE}
}

@inproceedings{adeyemi2024ciral,
  title={CIRAL: A Test Collection for CLIR Evaluations in African Languages},
  author={Adeyemi, Mofetoluwa and Oladipo, Akintunde and Zhang, Xinyu and Alfonso-Hermelo, David and Rezagholizadeh, Mehdi and Chen, Boxing and Omotayo, Abdul-Hakeem and Abdulmumin, Idris and Etori, Naome A and Musa, Toyib Babatunde and others},
  booktitle={Proceedings of the 47th International ACM SIGIR Conference on Research and Development in Information Retrieval},
  pages={293--302},
  year={2024}
}


@inproceedings{oladipo2024backbones,
  title={On Backbones and Training Regimes for Dense Retrieval in African Languages},
  author={Oladipo, Akintunde and Adeyemi, Mofetoluwa and Lin, Jimmy},
  booktitle={Proceedings of the 47th International ACM SIGIR Conference on Research and Development in Information Retrieval},
  pages={2564--2568},
  year={2024}
}

@inproceedings{zhou2024character,
  title={Character Expressions in Meta-Learning for Extremely Low Resource Language Speech Recognition},
  author={Zhou, Rui and Ito, Akinori and Nose, Takashi},
  booktitle={Proceedings of the 2024 16th International Conference on Machine Learning and Computing},
  pages={525--529},
  year={2024}
}

@inproceedings{ren2016automatic,
  title={Automatic entity recognition and typing in massive text data},
  author={Ren, Xiang and El-Kishky, Ahmed and Ji, Heng and Han, Jiawei},
  booktitle={Proceedings of the 2016 International Conference on Management of Data},
  pages={2235--2239},
  year={2016}
}


@article{aryal2023term,
  title={Term Frequency Features vs Transformers: A Comparision for Sentiment Classification of African Languages},
  author={Aryal, Saurav K and Prioleau, Howard and Shah, Ujjawal and Acharya, Sameer},
  journal={Journal of Computing Sciences in Colleges},
  volume={39},
  number={3},
  pages={327--336},
  year={2023},
  publisher={Consortium for Computing Sciences in Colleges}
}

@article{muhammad2022naijasenti,
  title={Naijasenti: A nigerian twitter sentiment corpus for multilingual sentiment analysis},
  author={Muhammad, Shamsuddeen Hassan and Adelani, David Ifeoluwa and Ruder, Sebastian and Ahmad, Ibrahim Said and Abdulmumin, Idris and Bello, Bello Shehu and Choudhury, Monojit and Emezue, Chris Chinenye and Abdullahi, Saheed Salahudeen and Aremu, Anuoluwapo and others},
  journal={arXiv preprint arXiv:2201.08277},
  year={2022}
}

@article{kamper2021improved,
  title={Improved acoustic word embeddings for zero-resource languages using multilingual transfer},
  author={Kamper, Herman and Matusevych, Yevgen and Goldwater, Sharon},
  journal={IEEE/ACM Transactions on Audio, Speech, and Language Processing},
  volume={29},
  pages={1107--1118},
  year={2021},
  publisher={IEEE}
}

@inproceedings{adegbola2009building,
  title={Building capacities in human language technology for African languages},
  author={Adegbola, Tunde},
  booktitle={Proceedings of the First Workshop on Language Technologies for African Languages},
  pages={53--58},
  year={2009}
}

@inproceedings{adewole2020automatic,
  title={Automatic Vowel Elision Resolution in Yor{\`u}b{\'a} Language},
  author={Adewole, Lawrence B and Adetunmbi, Adebayo O and Alese, Boniface K and Oluwadare, Samuel A and Abiola, Oluwatoyin B and Folorunsho, Olaiya},
  booktitle={Conference of the South African Institute of Computer Scientists and Information Technologists 2020},
  pages={126--133},
  year={2020}
}

@inproceedings{rao2011typed,
  title={Typed graph models for semi-supervised learning of name ethnicity},
  author={Rao, Delip and Yarowsky, David},
  booktitle={Proceedings of the 49th Annual Meeting of the Association for Computational Linguistics: Human Language Technologies: short papers-Volume 2},
  pages={514--518},
  year={2011}
}


@article{chiarcos2011information,
  title={Information structure in African languages: corpora and tools},
  author={Chiarcos, Christian and Fiedler, Ines and Grubic, Mira and Hartmann, Katharina and Ritz, Julia and Schwarz, Anne and Zeldes, Amir and Zimmermann, Malte},
  journal={Language resources and evaluation},
  volume={45},
  pages={361--374},
  year={2011},
  publisher={Springer}
}

@article{onyenwe2018basic,
  title={A Basic Language Resource Kit Implementation for the Igbo NLP Project},
  author={Onyenwe, Ikechukwu E and Hepple, Mark and Chinedu, Uchechukwu and Ezeani, Ignatius},
  journal={ACM Transactions on Asian and Low-Resource Language Information Processing (TALLIP)},
  volume={17},
  number={2},
  pages={1--23},
  year={2018},
  publisher={ACM New York, NY, USA}
}


@inproceedings{mahata2020performance,
  title={Performance Gain in Low Resource MT with Transfer Learning: An Analysis concerning Language Families},
  author={Mahata, Sainik Kumar and Dutta, Subhabrata and Das, Dipankar and Bandyopadhyay, Sivaji},
  booktitle={Proceedings of the 12th Annual Meeting of the Forum for Information Retrieval Evaluation},
  pages={58--61},
  year={2020}
}

@inproceedings{graff1994multilingual,
  title={Multilingual text resources at the linguistic data consortium},
  author={Graff, David and Finch, Rebecca},
  booktitle={Human Language Technology: Proceedings of a Workshop held at Plainsboro, New Jersey, March 8-11, 1994},
  year={1994}
}

@inproceedings{sigurd1980numbers,
  title={From numbers to numerals and vice versa},
  author={Sigurd, Bengt},
  booktitle={Computational and mathematical linguistics: Proceedings of the International Conference on Computational Linguistics: Pisa, 27/viii-1/ix 1973: vol. II.-(Biblioteca dell'Archivum Romanicum. Serie II: Linguistica; 37)},
  pages={429--455},
  year={1980},
  organization={LS Olschki}
}

@article{wild2021african,
  title={African languages to get more bespoke scientific terms},
  author={Wild, Sarah},
  journal={Nature},
  volume={596},
  number={7873},
  pages={469--470},
  year={2021},
  publisher={Nature}
}

@misc{randell1998hausar,
  title={Hausar Baka - Gani Ya Kori Ji},
  author={Randell, R and Bature, A and Schuh, R},
  year={1998}
}



@article{brugnone2024ought,
  title={Is from ought? A comparison of unsupervised methods for structuring values-based wisdom-of-crowds estimates},
  author={Brugnone, Nathan and Benkler, Noam and Revay, Peter and Myhre, Rebecca and Friedman, Scott and Schmer-Galunder, Sonja and Gray, Steven and Gentile, James},
  journal={Journal of Computational Social Science},
  pages={1--51},
  year={2024},
  publisher={Springer}
}


@article{dinsa2024ai,
  title={AI-based disease category prediction model using symptoms from low-resource Ethiopian language: Afaan Oromo text},
  author={Dinsa, Etana Fikadu and Das, Mrinal and Abebe, Teklu Urgessa},
  journal={Scientific Reports},
  volume={14},
  number={1},
  pages={11233},
  year={2024},
  publisher={Nature Publishing Group UK London}
}


@article{ezugwu2023machine,
  title={Machine learning research trends in Africa: a 30 years overview with bibliometric analysis review},
  author={Ezugwu, Absalom E and Oyelade, Olaide N and Ikotun, Abiodun M and Agushaka, Jeffery O and Ho, Yuh-Shan},
  journal={Archives of Computational Methods in Engineering},
  volume={30},
  number={7},
  pages={4177--4207},
  year={2023},
  publisher={Springer}
}

@inproceedings{benito2022machine,
  title={Machine Translation of Texts from Languages with Low Digital Resources: A Systematic Review},
  author={Benito-Santiago, Hermilo and C{\'o}rdova-Esparza, Diana Margarita and Castro-S{\'a}nchez, No{\'e} Alejandro and Herrera-Navarro, Ana-Marcela},
  booktitle={Mexican International Conference on Artificial Intelligence},
  pages={41--56},
  year={2022},
  organization={Springer}
}

@inproceedings{edwards2023text,
  title={Text Summarisation for Low-resourced Languages, A review},
  author={Edwards, Gareth Reeve and Sefara, Tshephisho Joseph},
  booktitle={International Conference on Speech and Language Technologies for Low-resource Languages},
  pages={283--296},
  year={2023},
  organization={Springer}
}

@inproceedings{ajagbe2024developing,
  title={Developing Nigeria Multilingual Languages Speech Datasets for Antenatal Orientation},
  author={Ajagbe, Sunday Adeola},
  booktitle={International Conference on Applied Informatics},
  pages={157--170},
  year={2024},
  organization={Springer}
}

@article{abdou2024multilingual,
  title={Multilingual speech recognition initiative for African languages},
  author={Abdou Mohamed, Naira and Allak, Anass and Gaanoun, Kamel and Benelallam, Imade and Erraji, Zakarya and Bahafid, Abdessalam},
  journal={International Journal of Data Science and Analytics},
  pages={1--16},
  year={2024},
  publisher={Springer}
}


@article{garba2024transformer,
  title={A transformer-based approach to Nigerian Pidgin text generation},
  author={Garba, Kabir and Kolajo, Taiwo and Agbogun, Joshua B},
  journal={International Journal of Speech Technology},
  pages={1--11},
  year={2024},
  publisher={Springer}
}

@inproceedings{abdou2024review,
  title={A Review on NLP Approaches for African Languages and Dialects},
  author={Abdou Mohamed, Naira and Benelallam, Imade and Allak, Anass and Gaanoun, Kamel},
  booktitle={International Conference on Advanced Technologies for Humanity},
  pages={207--213},
  year={2024},
  organization={Springer}
}

@inproceedings{mehari2024semi,
  title={Semi-supervised Named Entity Recognition for Low-Resource Languages Using Dual PLMs},
  author={Mehari, Yohannes Hailemariam and Lynden, Steven and Amagasa, Toshiyuki and Matono, Akiyoshi},
  booktitle={International Conference on Applications of Natural Language to Information Systems},
  pages={166--180},
  year={2024},
  organization={Springer}
}


@incollection{ekpenyong2022towards,
  title={Towards Massive Parallel Corpus Creation for Hausa-to-English Machine Translation},
  author={Ekpenyong, Moses E and Suleiman, Aminu A and Salihu, Murtala},
  booktitle={Current Issues in Descriptive Linguistics and Digital Humanities: A Festschrift in Honor of Professor Eno-Abasi Essien Urua},
  pages={501--550},
  year={2022},
  publisher={Springer}
}


@incollection{ekpenyong2022towards,
  title={Towards Massive Parallel Corpus Creation for Hausa-to-English Machine Translation},
  author={Ekpenyong, Moses E and Suleiman, Aminu A and Salihu, Murtala},
  booktitle={Current Issues in Descriptive Linguistics and Digital Humanities: A Festschrift in Honor of Professor Eno-Abasi Essien Urua},
  pages={501--550},
  year={2022},
  publisher={Springer}
}


@inproceedings{haruna2021hausa,
  title={Hausa Intelligence Chatbot System},
  author={Haruna, Usman and Maitalata, Umar Sunusi and Mohammed, Murtala and Maitama, Jaafar Zubairu},
  booktitle={Information and Communication Technology and Applications: Third International Conference, ICTA 2020, Minna, Nigeria, November 24--27, 2020, Revised Selected Papers 3},
  pages={206--219},
  year={2021},
  organization={Springer}
}

@inproceedings{akande2022tweerify,
  title={TWEERIFY: a web-based sentiment analysis system using rule and deep learning techniques},
  author={Akande, Oluwatobi Noah and Nnaemeka, Enemuo Stephen and Abikoye, Oluwakemi Christiana and Akande, Hakeem Babalola and Balogun, Abdullateef and Ayoola, Joyce},
  booktitle={Proceedings of International Conference on Computational Intelligence and Data Engineering: ICCIDE 2021},
  pages={75--87},
  year={2022},
  organization={Springer}
}

@inproceedings{vargas2024hausahate,
  title={HausaHate: an expert annotated corpus for hausa hate speech detection},
  author={Vargas, Francielle Alves and Guimar{\~a}es, Samuel and Muhammad, Shamsuddeen Hassan and Alves, Diego and Ahmad, Ibrahim Said and Abdulmumin, Idris and Mohamed, Diallo and Pardo, Thiago Alexandre Salgueiro and Benevenuto, Fabr{\'\i}cio},
  booktitle={Proceedings},
  year={2024}
}

@misc{ferroggiaro2018social,
  title={Social media and conflict in Nigeria: A lexicon of hate speech terms},
  author={Ferroggiaro, W},
  year={2018}
}

@article{bimba2016stemming,
  title={Stemming Hausa text: using affix-stripping rules and reference look-up},
  author={Bimba, Andrew and Idris, Norisma and Khamis, Norazlina and Noor, Nurul Fazmidar Mohd},
  journal={Language Resources and Evaluation},
  volume={50},
  pages={687--703},
  year={2016},
  publisher={Springer}
}



@article{model2020accent,
  title={Accent Classification of the Three Major Nigerian Indigenous Languages Using 1D},
  author={Ayodeji, Olalekan Salau and Tilewa, David Olowoyo and Solomon, Oluwole Akintola},
  journal={Advances in Computational Intelligence Techniques},
  year={2020},
  publisher={Springer Nature}
}

@inproceedings{lu2016multi,
  title={A multi-media approach to cross-lingual entity knowledge transfer},
  author={Lu, Di and Pan, Xiaoman and Pourdamghani, Nima and Chang, Shih-Fu and Ji, Heng and Knight, Kevin},
  booktitle={Proceedings of the 54th Annual Meeting of the Association for Computational Linguistics (Volume 1: Long Papers)},
  pages={54--65},
  year={2016}
}

@article{scannell2011statistical,
  title={Statistical unicodification of African languages},
  author={Scannell, Kevin P},
  journal={Language resources and evaluation},
  volume={45},
  number={3},
  pages={375--386},
  year={2011},
  publisher={Springer}
}


@article{zakari2021systematic,
  title={A systematic literature review of hausa natural language processing},
  author={Zakari, Rufai Yusuf and Lawal, Zaharaddeen Karami and Abdulmumin, Idris},
  journal={International Journal of Computer and Information Technology (2279-0764)},
  volume={10},
  number={4},
  year={2021}
}


@inproceedings{rakhmanov2022sentiment,
  title={Sentiment analysis for Hausa: Classifying students’ comments},
  author={Rakhmanov, Ochilbek and Schlippe, Tim},
  booktitle={Proceedings of the 1st Annual Meeting of the ELRA/ISCA Special Interest Group on Under-Resourced Languages},
  pages={98--105},
  year={2022}
}


@article{inuwa2021first,
  title={The first large scale collection of diverse Hausa language datasets},
  author={Inuwa-Dutse, Isa},
  journal={arXiv preprint arXiv:2102.06991},
  year={2021}
}

@inproceedings{zandam2023online,
  title={Online threats detection in hausa language},
  author={Zandam, Abubakar Yakubu and Muhammad, Fatima Adam and Inuwa-Dutse, Isa},
  booktitle={4th Workshop on African Natural Language Processing},
  year={2023}
}

@article{sani2022sentiment,
  title={Sentiment Analysis of Hausa Language Tweet Using Machine Learning Approach},
  author={Sani, Muhammad and Ahmad, Abubakar and Abdulazeez, Hadiza S},
  journal={Journal of Research in Applied Mathematics},
  volume={8},
  number={9},
  pages={07--16},
  year={2022}
}


@article{bashir2015word,
  title={A word stemming algorithm for Hausa language},
  author={Bashir, Muazzam and Rozaimee, Azilawati Binti and Isa, Wan Malini Binti Wan},
  journal={no. June},
  year={2015}
}

@article{porter1980algorithm,
  title={An algorithm for suffix stripping},
  author={Porter, Martin F},
  journal={Program},
  volume={14},
  number={3},
  pages={130--137},
  year={1980},
  publisher={MCB UP Ltd}
}


@article{tukur2020parts,
  title={Parts-of-speech tagging of Hausa-based texts using hidden Markov model},
  author={Tukur, Aminu and Umar, Kabir and Muhammad, S},
  journal={Dutse Journal of Pure and Applied Sciences},
  volume={6},
  pages={303--13},
  year={2020}
}

@article{bashir2017automatic,
  title={Automatic Hausa Language Text Summarization Based on Feature Extraction using Na{\"\i}ve Bayes Model},
  author={Bashir, Muazzam and Rozaimee, Azilawati and Isa, Wan Malini Wan},
  journal={World Applied Science Journal},
  volume={35},
  number={9},
  pages={2074--2080},
  year={2017}
}

@article{abdulmumin2022hausa,
  title={Hausa visual genome: A dataset for multi-modal English to Hausa machine translation},
  author={Abdulmumin, Idris and Dash, Satya Ranjan and Dawud, Musa Abdullahi and Parida, Shantipriya and Muhammad, Shamsuddeen Hassan and Ahmad, Ibrahim Sa'id and Panda, Subhadarshi and Bojar, Ond{\v{r}}ej and Galadanci, Bashir Shehu and Bello, Bello Shehu},
  journal={arXiv preprint arXiv:2205.01133},
  year={2022}
}


@article{ibrahim2024deep,
  title={A Deep Convolutional Neural Network-based Model for Aspect and Polarity Classification in Hausa Movie Reviews},
  author={Ibrahim, Umar and Zandam, Abubakar Yakubu and Adam, Fatima Muhammad and Musa, Aminu},
  journal={arXiv preprint arXiv:2405.19575},
  year={2024}
}

@article{luka2012neural,
  title={Neural network based Hausa language speech recognition},
  author={Luka, Matthew K and Ibikunle, F and Gregory, O},
  journal={(IJARAI) International Journal of Advanced Research in Artificial Intelligence},
  volume={1},
  number={2},
  pages={39--44},
  year={2012}
}


@article{mabrouk2021multilingual,
  title={A multilingual african embedding for FAQ chatbots},
  author={Mabrouk, Aymen Ben Elhaj and Hmida, Moez Ben Haj and Fourati, Chayma and Haddad, Hatem and Messaoudi, Abir},
  journal={arXiv preprint arXiv:2103.09185},
  year={2021}
}

@inproceedings{wu2018starspace,
  title={Starspace: Embed all the things!},
  author={Wu, Ledell and Fisch, Adam and Chopra, Sumit and Adams, Keith and Bordes, Antoine and Weston, Jason},
  booktitle={Proceedings of the AAAI conference on artificial intelligence},
  volume={32},
  number={1},
  year={2018}
}

@article{bichi2022automatic,
  title={Automatic construction of generic stop words list for Hausa text},
  author={Bichi, Abdulkadir Abubakar and Samsudin, Ruhaidah and Hassan, Rohayanti},
  journal={Indonesian Journal of Electrical Engineering and Computer Science},
  volume={25},
  number={3},
  pages={1501--1507},
  year={2022}
}

@article{bichi2023graph,
  title={Graph-based extractive text summarization method for Hausa text},
  author={Bichi, Abdulkadir Abubakar and Samsudin, Ruhaidah and Hassan, Rohayanti and Hasan, Layla Rasheed Abdallah and Ado Rogo, Abubakar},
  journal={Plos one},
  volume={18},
  number={5},
  pages={e0285376},
  year={2023},
  publisher={Public Library of Science San Francisco, CA USA}
}


@article{abdullahi2024twitter,
  title={Twitter sentiment analysis for Hausa abbreviations and acronyms},
  author={Abdullahi, Habeeba Ibraheem and Ahmad, Muhammad Aminu and Haruna, Khalid},
  journal={Science World Journal},
  volume={19},
  number={1},
  pages={101--104},
  year={2024}
}

@inproceedings{crysmann2012hag,
  title={HaG: A computational grammar of Hausa},
  author={Crysmann, Berthold},
  booktitle={Selected proceedings of the 42nd annual conference on african linguistics (acal 42)},
  pages={321--337},
  year={2012},
  organization={Citeseer}
}

@phdthesis{abdoulaye1992aspects,
  title={Aspects of Hausa morphosyntax in role and reference grammar},
  author={Abdoulaye, Mahamane Laoualy},
  year={1992},
  school={State Univ. of New York Buffalo}
}

@article{mohammed2024lexicon,
  title={Lexicon dataset for the Hausa language},
  author={Mohammed, Idi and Prasad, Rajesh},
  journal={Data in Brief},
  volume={53},
  pages={110124},
  year={2024},
  publisher={Elsevier}
}

@misc{rigdon2017english,
  title={English/Hausa Dictionary: Kamus na Hausa Zura Turanci},
  author={Rigdon, J},
  year={2017},
  publisher={CreateSpace Independent Publishing Platform}
}


@article{awwalu2021corpus,
  title={A corpus based transformation-based learning for Hausa text parts of speech tagging},
  author={Awwalu, Jamilu and Abdullahi, Saleh Elyakub and Evwiekpaefe, Abraham Eseoghene},
  journal={International Journal of Computing and Digital Systems},
  volume={10},
  pages={473--490},
  year={2021},
  publisher={University of Bahrain}
}

@article{tukurcorpus,
  title={A Corpus-Based Approach to Parts-of-Speech Tagging of the Hausa-Based Texts Using Hidden Markov and Unigram Models},
  author={Tukur, Aminu and Umar, Kabir and Muhammad, Anas Sa’idu},
  journal={Algaita},
  year={2019}
}


@inproceedings{raychawdhary2023seals_lab,
  title={Seals\_Lab at SemEval-2023 task 12: Sentiment analysis for low-resource African languages, Hausa and Igbo},
  author={Raychawdhary, Nilanjana and Das, Amit and Dozier, Gerry and Seals, Cheryl D},
  booktitle={Proceedings of the 17th International Workshop on Semantic Evaluation (SemEval-2023)},
  pages={1508--1517},
  year={2023}
}

@article{abubakar2021enhanced,
  title={An enhanced feature acquisition for sentiment analysis of english and hausa tweets},
  author={Abubakar, Amina Imam and Roko, Abubakar and Bui, Aminu Muhammad and Saidu, Ibrahim},
  journal={International Journal of Advanced Computer Science and Applications},
  volume={12},
  number={9},
  year={2021},
  publisher={Science and Information (SAI) Organization Limited}
}

@article{salifou2014design,
  title={Design of a spell corrector for Hausa language},
  author={Salifou, Lawaly and Naroua, Harouna},
  journal={international Journal of computational Linguistics (IJCL)},
  volume={5},
  number={2},
  pages={14--26},
  year={2014},
  publisher={Citeseer}
}

@misc{mijinguini2003ƙaramin,
  title={Ƙaramin Ƙamus: Dictionnaire El{\'e}mentaire Hausa-Fran{\c{c}}ais},
  author={Mijinguini, Abdou},
  year={2003},
  publisher={Niamey: Editions GG}
}

@inproceedings{salahudeen2024hausanlp,
  title={Hausanlp at semeval-2024 task 1: Textual relatedness analysis for semantic representation of sentences},
  author={Salahudeen, Saheed Abdullahi and Lawan, Falalu Ibrahim and Aliyu, Yusuf and Abubakar, Amina and Aliyu, Lukman and Rabiu, Nur and Ahmad, Mahmoud and Shuaibu, Aliyu Rabiu and Musa, Alamin},
  booktitle={Proceedings of the 18th International Workshop on Semantic Evaluation (SemEval-2024)},
  pages={188--192},
  year={2024}
}


@inproceedings{ousidhoum-etal-2024-semeval,
    title = "{S}em{E}val Task 1: Semantic Textual Relatedness for {A}frican and {A}sian Languages",
    author = "Ousidhoum, Nedjma  and
      Muhammad, Shamsuddeen Hassan  and
      Abdalla, Mohamed  and
      Abdulmumin, Idris  and
      Ahmad, Ibrahim Said  and
      Ahuja, Sanchit  and
      Aji, Alham Fikri  and
      Araujo, Vladimir  and
      Beloucif, Meriem  and
      De Kock, Christine  and
      Hourrane, Oumaima  and
      Shrivastava, Manish  and
      Solorio, Thamar  and
      Surange, Nirmal  and
      Vishnubhotla, Krishnapriya  and
      Yimam, Seid Muhie  and
      Mohammad, Saif M.",
    editor = {Ojha, Atul Kr.  and
      Do\u gru\"oz, A. Seza  and
      Tayyar Madabushi, Harish  and
      Da San Martino, Giovanni  and
      Rosenthal, Sara  and
      Ros\'a, Aiala},
    booktitle = "Proceedings of the 18th International Workshop on Semantic Evaluation (SemEval-2024)",
    month = jun,
    year = "2024",
    address = "Mexico City, Mexico",
    publisher = "Association for Computational Linguistics",
    url = "https://aclanthology.org/2024.semeval-1.272/",
    doi = "10.18653/v1/2024.semeval-1.272",
    pages = "1963--1978",
    abstract = "We present the first shared task on Semantic Textual Relatedness (STR). While earlier shared tasks primarily focused on semantic similarity, we instead investigate the broader phenomenon of semantic relatedness across 14 languages: Afrikaans, Algerian Arabic, Amharic, English, Hausa, Hindi, Indonesian, Kinyarwanda, Marathi, Moroccan Arabic, Modern Standard Arabic, Punjabi, Spanish, and Telugu. These languages originate from five distinct language families and are predominantly spoken in Africa and Asia -- regions characterised by the relatively limited availability of NLP resources. Each instance in the datasets is a sentence pair associated with a score that represents the degree of semantic textual relatedness between the two sentences. Participating systems were asked to rank sentence pairs by their closeness in meaning (i.e., their degree of semantic relatedness) in the 14 languages in three main tracks: (a) supervised, (b) unsupervised, and (c) crosslingual. The task attracted 163 participants. We received 70 submissions in total (across all tasks) from 51 different teams, and 38 system description papers. We report on the best-performing systems as well as the most common and the most effective approaches for the three different tracks."
}

@article{adelani2020distant,
  title={Distant Supervision and Noisy Label Learning for Low Resource Named Entity Recognition: A Study on Hausa and Yor$\backslash$ub$\backslash$'a},
  author={Adelani, David Ifeoluwa and Hedderich, Michael A and Zhu, Dawei and Berg, Esther van den and Klakow, Dietrich},
  journal={arXiv preprint arXiv:2003.08370},
  year={2020}
}


@inproceedings{adewumi2022itakuroso,
  title={Itak{\'u}roso: Exploiting cross-lingual transferability for natural language generation of dialogues in low-resource, african languages},
  author={Adewumi, Tosin},
  booktitle={3rd Workshop on African Natural Language Processing},
  year={2022}
}

@mastersthesis{aliero2017dnn,
  title={A Dnn-based Text-To-Speech System for Hausa: An Underresourced Language},
  author={Aliero, Abubakar Ahmad},
  year={2017},
  school={University of Malaya (Malaysia)}
}

@article{mustapha2023automated,
  title={Automated conversion of numeral to words in Hausa language},
  author={Mustapha, Rabi and Lawal, Falalu Ibrahim and Ahmad, Muhammad Aminu},
  journal={Gadau Journal of Pure and Allied Sciences},
  volume={2},
  number={2},
  pages={140--145},
  year={2023}
}


@article{musa2022improved,
  title={AN IMPROVED HAUSA WORD STEMMING ALGORITHM},
  author={Musa, Sirajo and Obunadike, GN and Yakubu, Muhammad Muntasir},
  journal={FUDMA JOURNAL OF SCIENCES},
  volume={6},
  number={1},
  pages={291--295},
  year={2022}
}


@article{parida2023havqa,
  title={HaVQA: A Dataset for Visual Question Answering and Multimodal Research in Hausa Language},
  author={Parida, Shantipriya and Abdulmumin, Idris and Muhammad, Shamsuddeen Hassan and Bose, Aneesh and Kohli, Guneet Singh and Ahmad, Ibrahim Said and Kotwal, Ketan and Sarkar, Sayan Deb and Bojar, Ond{\v{r}}ej and Kakudi, Habeebah Adamu},
  journal={arXiv preprint arXiv:2305.17690},
  year={2023}
}

@article{bichi2024integrating,
  title={Integrating clustering method with graph-based ranking for Hausa text multi-document summarisation},
  author={Bichi, Abdulkadir Abubakar and Samsudin, Ruhaidah and Hassan, Rohayanti},
  journal={International Journal of Society Systems Science},
  volume={15},
  number={1},
  pages={59--72},
  year={2024},
  publisher={Inderscience Publishers (IEL)}
}

@article{aliero10taxonomy,
  title={Taxonomy, Review and Research Challenges Of DNN-Based Text-To-Speech System for Hausa as Under-Resourced Language},
  author={Aliero, Abubakar Ahmad and Muhammed, Dalhatu and Ibrahim, Abubakar},
  journal={vol},
  volume={10},
  pages={548--560},
  year={2019}
}


@article{asubiaro2021state,
  title={A State-of-the-Art Review of Nigerian Languages Natural Language Processing Research},
  author={Asubiaro, Toluwase Victor and Igwe, Ebelechukwu Gloria},
  journal={Developing Countries and Technology Inclusion in the 21st Century Information Society},
  pages={147--167},
  year={2021},
  publisher={IGI Global}
}

@article{olalekan2022machine,
  title={MACHINE LEARNING ALGORITHMS FOR MULTILINGUAL TEXT CLASSIFICATION OF NIGERIAN LOCAL LANGUAGES.},
  author={Olalekan, Awoniran and Daniel, Ogundiran and Emuoyibofarhe, Ozichi N and others},
  journal={Computer Science \& Telecommunications},
  volume={62},
  number={2},
  year={2022}
}

@inproceedings{aliyubeyond,
  title={Beyond English: Offensive Language Detection in Low-Resource Nigerian Languages},
  author={Aliyu, Saminu Mohammad and Wajiga, Gregory Maksha and Murtala, Muhammad and Aliyu, Lukman Jibril},
  booktitle={5th Workshop on African Natural Language Processing},
  year={2024}
}

@article{abdulmumin2024correcting,
  title={Correcting FLORES Evaluation Dataset for Four African Languages},
  author={Abdulmumin, Idris and Mkhwanazi, Sthembiso and Mbooi, Mahlatse S and Muhammad, Shamsuddeen Hassan and Ahmad, Ibrahim Said and Putini, Neo and Mathebula, Miehleketo and Shingange, Matimba and Gwadabe, Tajuddeen and Marivate, Vukosi},
  journal={arXiv preprint arXiv:2409.00626},
  year={2024}
}

@article{goyal2022flores,
  title={The flores-101 evaluation benchmark for low-resource and multilingual machine translation},
  author={Goyal, Naman and Gao, Cynthia and Chaudhary, Vishrav and Chen, Peng-Jen and Wenzek, Guillaume and Ju, Da and Krishnan, Sanjana and Ranzato, Marc’Aurelio and Guzm{\'a}n, Francisco and Fan, Angela},
  journal={Transactions of the Association for Computational Linguistics},
  volume={10},
  pages={522--538},
  year={2022},
  publisher={MIT Press One Broadway, 12th Floor, Cambridge, Massachusetts 02142, USA~…}
}

@article{costa2022no,
  title={No language left behind: Scaling human-centered machine translation},
  author={Costa-juss{\`a}, Marta R and Cross, James and {\c{C}}elebi, Onur and Elbayad, Maha and Heafield, Kenneth and Heffernan, Kevin and Kalbassi, Elahe and Lam, Janice and Licht, Daniel and Maillard, Jean and others},
  journal={arXiv preprint arXiv:2207.04672},
  year={2022}
}

@article{mohammed2023building,
  title={Building lexicon-based sentiment analysis model for low-resource languages},
  author={Mohammed, Idi and Prasad, Rajesh},
  journal={MethodsX},
  volume={11},
  pages={102460},
  year={2023},
  publisher={Elsevier}
}

@inproceedings{hatami2024english,
  title={English-to-low-resource translation: A multimodal approach for hindi, malayalam, bengali, and hausa},
  author={Hatami, Ali and Banerjee, Shubhanker and Arcan, Mihael and Chakravarthi, Bharathi and Buitelaar, Paul and Mccrae, John},
  booktitle={Proceedings of the Ninth Conference on Machine Translation},
  pages={815--822},
  year={2024}
}

@article{hedderich2022weak,
  title={Weak supervision and label noise handling for Natural language processing in low-resource scenarios},
  author={Hedderich, Michael Aloys},
  year={2022},
  publisher={Saarl{\"a}ndische Universit{\"a}ts-und Landesbibliothek}
}

@article{oyewusi2021naijaner,
  title={Naijaner: Comprehensive named entity recognition for 5 nigerian languages},
  author={Oyewusi, Wuraola Fisayo and Adekanmbi, Olubayo and Okoh, Ifeoma and Onuigwe, Vitus and Salami, Mary Idera and Osakuade, Opeyemi and Ibejih, Sharon and Musa, Usman Abdullahi},
  journal={arXiv preprint arXiv:2105.00810},
  year={2021}
}

@article{akinfaderin2020hausamt,
  title={Hausamt v1. 0: Towards english-hausa neural machine translation},
  author={Akinfaderin, Adewale},
  journal={arXiv preprint arXiv:2006.05014},
  year={2020}
}

@inproceedings{chen2021university,
  title={The University of Edinburgh’s English-German and English-Hausa submissions to the WMT21 news translation task},
  author={Chen, Pinzhen and Helcl, Jind{\v{r}}ich and Germann, Ulrich and Burchell, Laurie and Bogoychev, Nikolay and Miceli-Barone, Antonio Valerio and Waldendorf, Jonas and Birch, Alexandra and Heafield, Kenneth},
  booktitle={Proceedings of the Sixth Conference on Machine Translation},
  pages={104--109},
  year={2021}
}


@inproceedings{ramanathan2023techssn,
  title={TechSSN at SemEval-2023 Task 12: Monolingual Sentiment Classification in Hausa Tweets},
  author={Ramanathan, Nishaanth and Sivanaiah, Rajalakshmi and Thanagathai, Mirnalinee Thanka Nadar and others},
  booktitle={Proceedings of the 17th International Workshop on Semantic Evaluation (SemEval-2023)},
  pages={1190--1194},
  year={2023}
}

@inproceedings{oladipo2022exploration,
  title={An exploration of vocabulary size and transfer effects in multilingual language models for African languages},
  author={Oladipo, Akintunde and Ogundepo, Odunayo and Ogueji, Kelechi and Lin, Jimmy},
  booktitle={3rd Workshop on African Natural Language Processing},
  year={2022}
}


@article{abdullahideep,
  title={Deep Neural Networks for the Recognition of Hausa Ajami Script},
  author={Abdullahi, Aminu Aliyu},
  journal={arXiv preprint arXiv:2006.05014},
  year={2022}
}

@article{hedderich2020survey,
  title={A survey on recent approaches for natural language processing in low-resource scenarios},
  author={Hedderich, Michael A and Lange, Lukas and Adel, Heike and Str{\"o}tgen, Jannik and Klakow, Dietrich},
  journal={arXiv preprint arXiv:2010.12309},
  year={2020}
}

@article{abubakar2019hausa,
  title={Hausa WordNet: An Electronic Lexical Resource},
  author={Abubakar, Amina Imam and Roko, Abubakar and Muhammad, AB and Saidu, Ibrahim},
  journal={Saudi Journal of Engineering and Technology},
  volume={4},
  number={8},
  pages={279--285},
  year={2019}
}


@inproceedings{watt2023edge,
  title={Edge NLP for Efficient Machine Translation in Low Connectivity Areas},
  author={Watt, Tess and Chrysoulas, Christos and Gkatzia, Dimitra},
  booktitle={2023 IEEE 9th World Forum on Internet of Things (WF-IoT)},
  pages={1--6},
  year={2023},
  organization={IEEE}
}

@inproceedings{varab2021massivesumm,
  title={MassiveSumm: a very large-scale, very multilingual, news summarisation dataset},
  author={Varab, Daniel and Schluter, Natalie},
  booktitle={Proceedings of the 2021 Conference on Empirical Methods in Natural Language Processing},
  pages={10150--10161},
  year={2021}
}

@inproceedings{abdullahi2023hausanlp,
  title={HausaNLP at SemEval-2023 Task 12: Leveraging African Low Resource TweetData for Sentiment Analysis},
  author={Abdullahi, Saheed Salahudeen and Lawan, Falalu Ibrahim and Wali, Ahmad Mustapha and Imam, Amina Abubakar and Shuaibu, Aliyu Rabiu and Aliyu, Yusuf and Rabiu, Nur Bala and Bello, Musa and Adamu, Shamsuddeen Umar and Aliyu, Saminu Mohammad and others},
  booktitle={4th Workshop on African Natural Language Processing},
  year={2023}
}

@inproceedings{nowakowski2021adam,
  title={Adam mickiewicz university’s english-hausa submissions to the wmt 2021 news translation task},
  author={Nowakowski, Artur and Dwojak, Tomasz},
  booktitle={Proceedings of the Sixth Conference on Machine Translation},
  pages={167--171},
  year={2021}
}



@article{tukur2024towards,
  title={TOWARDS EFFICIENT PART-OF-SPEECH TAGGING FOR THE KANURI LANGUAGE: A HIDDEN MARKOV MODEL-BASED SOLUTION},
  author={Tukur, A and Jibrin, A and Inuwa, U},
  journal={Nigerian Journal of Engineering Science and Technology Research},
  volume={10},
  number={2},
  pages={115--123},
  year={2024}
}


@article{haddow2022survey,
  title={Survey of low-resource machine translation},
  author={Haddow, Barry and Bawden, Rachel and Barone, Antonio Valerio Miceli and Helcl, Jind{\v{r}}ich and Birch, Alexandra},
  journal={Computational Linguistics},
  volume={48},
  number={3},
  pages={673--732},
  year={2022},
  publisher={MIT Press One Broadway, 12th Floor, Cambridge, Massachusetts 02142, USA~…}
}


@article{adelani2022natural,
  title={Natural language processing for African languages},
  author={Adelani, David Ifeoluwa},
  year={2022},
  publisher={Saarl{\"a}ndische Universit{\"a}ts-und Landesbibliothek}
}

@article{kreutzer2019improving,
  title={Improving humanitarian needs assessments through natural language processing},
  author={Kreutzer, Tino and Vinck, Patrick and Pham, Phuong N and An, Aijun and Appel, Lora and DeLuca, Eric and Tang, Grace and Alzghool, Muath and Hachhethu, Kusum and Morris, Bobi and others},
  journal={IBM Journal of Research and Development},
  volume={64},
  number={1/2},
  pages={9--1},
  year={2019},
  publisher={IBM}
}

@article{enguehard2014computerization,
  title={Computerization of African languages-French dictionaries},
  author={Enguehard, Chantal and Mangeot, Mathieu},
  journal={arXiv preprint arXiv:1405.5893},
  year={2014}
}


@article{enguehard2014computerization,
  title={Computerization of African languages-French dictionaries},
  author={Enguehard, Chantal and Mangeot, Mathieu},
  journal={arXiv preprint arXiv:1405.5893},
  year={2014}
}

@inproceedings{mbonu2022igbosum1500,
  title={Igbosum1500-introducing the igbo text summarization dataset},
  author={Mbonu, Chinedu Emmanuel and Chukwuneke, Chiamaka Ijeoma and Paul, Roseline Uzoamaka and Ezeani, Ignatius and Onyenwe, Ikechukwu},
  booktitle={3rd Workshop on African Natural Language Processing},
  year={2022}
}

@article{bimba2016stemming,
  title={Stemming Hausa text: using affix-stripping rules and reference look-up},
  author={Bimba, Andrew and Idris, Norisma and Khamis, Norazlina and Noor, Nurul Fazmidar Mohd},
  journal={Language Resources and Evaluation},
  volume={50},
  pages={687--703},
  year={2016},
  publisher={Springer}
}

@article{asubiaro2018word,
  title={A word-level language identification strategy for resource-scarce languages},
  author={Asubiaro, Toluwase and Adegbola, Tunde and Mercer, Robert and Ajiferuke, Isola},
  journal={Proceedings of the Association for Information Science and Technology},
  volume={55},
  number={1},
  pages={19--28},
  year={2018},
  publisher={Wiley Online Library}
}

@article{scholar2022development,
  title={Development of Multilingual Dictionary for English and the three popular Nigerian Languages (Hausa, Yoruba, and Igbo)},
  author={Idris, Ya’u Idris and Suberu, Yusuf and Madu, Ifeyinwa and Aminu, Agabus and Amatullah Aliyu, Yahaya and Lawan, Garba  and Yamusa Idris, Adamu and Sunusi Abdulhamid, Dantata and Okonkwo Ogochukwo, John},
  journal={Scholar, African},
  year={2022}
}

@article{umaraspects,
  title={Aspects of Meaning by Collocation and the Degree of Collocability in Hausa Recurrent Word Combinations},
  author={Umar, Ali Usman},
  year={2021},
  publisher={Department of Nigerian Languages, Bayero University}
}

@article{tran2021facebook,
  title={Facebook ai wmt21 news translation task submission},
  author={Tran, Chau and Bhosale, Shruti and Cross, James and Koehn, Philipp and Edunov, Sergey and Fan, Angela},
  journal={arXiv preprint arXiv:2108.03265},
  year={2021}
}

@inproceedings{aremunaijarc,
  title={NaijaRC: A Multi-choice Reading Comprehension Dataset for Nigerian Languages},
  author={Aremu, Anuoluwapo and Alabi, Jesujoba Oluwadara and Abolade, Daud and Aguobi, Nkechinyere Faith and Muhammad, Shamsuddeen Hassan and Adelani, David Ifeoluwa},
  booktitle={5th Workshop on African Natural Language Processing},
  year={2024}
}


@article{abubakar2024development,
  title={Development of a diacritic-aware large vocabulary automatic speech recognition for Hausa language},
  author={Abubakar, Abdulqahar Mukhtar and Gupta, Deepa and Vekkot, Susmitha},
  journal={International Journal of Speech Technology},
  volume={27},
  number={3},
  pages={687--700},
  year={2024},
  publisher={Springer}
}

@inproceedings{benlahbib2023nlp,
  title={Nlp-lisac at semeval-2023 task 12: Sentiment analysis for tweets expressed in african languages via transformer-based models},
  author={Benlahbib, Abdessamad and Boumhidi, Achraf},
  booktitle={Proceedings of the 17th International Workshop on Semantic Evaluation (SemEval-2023)},
  pages={199--204},
  year={2023}
}

@article{emmanuelcurrent,
  title={CURRENT STATE, CHALLENGES AND OPPORTUNITIES FOR NATURAL LANGUAGE PROCESSING RESEARCH AND DEVELOPMENT IN AFRICA: ASYSTEMATIC RE},
  author={Emmanuel, Chesire and Andrew, Kipkebut},
  publisher={AfricaNLP Workshop at ICLR},
  year={2024}
}

@article{wang2023noise,
  title={Noise-robust fine-tuning of pretrained language models via external guidance},
  author={Wang, Song and Tan, Zhen and Guo, Ruocheng and Li, Jundong},
  journal={arXiv preprint arXiv:2311.01108},
  year={2023}
}

@inproceedings{ibrahimnecat,
  title={NECAT-CLWE: A Simple But Efficient Parallel Data Generation Approach for Unsupervised and Semi-Supervised Neural Machine Translation},
  author={Ibrahim, Rabiu Abdullahi and Abdulmumin, Idris},
  booktitle={3rd Workshop on African Natural Language Processing},
  publisher={AfricaNLP Workshop at ICLR},
  year={2022}
}

@inproceedings{zhang2017embracing,
  title={Embracing non-traditional linguistic resources for low-resource language name tagging},
  author={Zhang, Boliang and Lu, Di and Pan, Xiaoman and Lin, Ying and Abudukelimu, Halidanmu and Ji, Heng and Knight, Kevin},
  booktitle={Proceedings of the Eighth International Joint Conference on Natural Language Processing (Volume 1: Long Papers)},
  pages={362--372},
  year={2017}
}

@article{godslove2024trilingual,
  title={Trilingual conversational intent decoding for response retrieval},
  author={Godslove, Julius Femi and Nayak, Ajit Kumar},
  journal={Knowledge and Information Systems},
  volume={66},
  number={1},
  pages={535--556},
  year={2024},
  publisher={Springer}
}

@article{adewumi2020challenge,
  title={The challenge of diacritics in yoruba embeddings},
  author={Adewumi, Tosin P and Liwicki, Foteini and Liwicki, Marcus},
  journal={arXiv preprint arXiv:2011.07605},
  year={2020}
}

@article{orife2018attentive,
  title={Attentive Sequence-to-Sequence Learning for Diacritic Restoration of Yor$\backslash$ub$\backslash$'a Language Text},
  author={Orife, Iroro},
  journal={arXiv preprint arXiv:1804.00832},
  year={2018}
}

@inproceedings{alabi2020massive,
  title={Massive vs. curated embeddings for low-resourced languages: the case of Yor{\`u}b{\'a} and Twi},
  author={Alabi, Jesujoba and Amponsah-Kaakyire, Kwabena and Adelani, David and Espana-Bonet, Cristina},
  booktitle={Proceedings of the Twelfth Language Resources and Evaluation Conference},
  pages={2754--2762},
  year={2020}
}

@article{asahiah2017restoring,
  title={Restoring tone-marks in standard Yor{\`u}b{\'a} electronic text: improved model},
  author={Asahiah, Franklin Oladiipo and Odejobi, Odetunji Ajadi and Adagunodo, Emmanuel Rotimi},
  journal={Computer Science},
  volume={18},
  number={3},
  year={2017}
}

@article{fagbolu2015digital,
  title={Digital yoruba corpus},
  author={Fagbolu, Olutola and Ojoawo, Akinwale and Ajibade, Kayode and Alese, Boniface},
  journal={International Journal of Innovative Science, Engineering and Technology},
  pages={2348--7968},
  year={2015}
}

@inproceedings{adegbola2012quantifying,
  title={Quantifying the effect of corpus size on the quality of automatic diacritization of Yor{\`u}b{\'a} texts},
  author={Adegbola, Tunde and Odilinye, Lydia Uchechukwu},
  booktitle={Proc. SLTU 2012},
  pages={48--53},
  year={2012}
}

@inproceedings{adegbola2016pattern,
  title={Pattern-based unsupervised induction of Yorùbá Morphology},
  author={Adegbola, Tunde},
  booktitle={Proceedings of the 25th International conference companion on World wide web},
  pages={599--604},
  year={2016}
}


@article{adebara2022towards,
  title={Towards afrocentric NLP for African languages: Where we are and where we can go},
  author={Adebara, Ife and Abdul-Mageed, Muhammad},
  journal={arXiv preprint arXiv:2203.08351},
  year={2022}
}



@article{kaur2021automatic,
  title={Automatic speech recognition system for tonal languages: State-of-the-art survey},
  author={Kaur, Jaspreet and Singh, Amitoj and Kadyan, Virender},
  journal={Archives of Computational Methods in Engineering},
  volume={28},
  pages={1039--1068},
  year={2021},
  publisher={Springer}
}


@incollection{odelobi2008recognition,
  title={Recognition of tones in Yoruba speech: experiments with artificial neural networks},
  author={Od{\'e}lọb{\'\i}, Ọd{\'e}t{\'u}nj{\'\i} {\`A}j{\`a}d{\'\i}},
  booktitle={Speech, Audio, Image and Biomedical Signal Processing using Neural Networks},
  pages={23--47},
  year={2008},
  publisher={Springer}
}




@inproceedings{yusof2013review,
  title={A Review of Yor{\`u}b{\'a} Automatic Speech Recognition},
  author={Yusof, Shahrul Azmi Mohd and Atanda, Abdulwahab Funsho and Hariharan, M},
  booktitle={2013 IEEE 3rd International Conference on System Engineering and Technology},
  pages={242--247},
  year={2013},
  organization={IEEE}
}

@inproceedings{ngueajio2022hey,
  title={Hey ASR system! Why aren’t you more inclusive? Automatic speech recognition systems’ bias and proposed bias mitigation techniques. A literature review},
  author={Ngueajio, Mikel K and Washington, Gloria},
  booktitle={International Conference on Human-Computer Interaction},
  pages={421--440},
  year={2022},
  organization={Springer}
}

@article{christianson2018overview,
  title={Overview of the DARPA LORELEI Program},
  author={Christianson, Caitlin and Duncan, Jason and Onyshkevych, Boyan},
  journal={Machine Translation},
  volume={32},
  pages={3--9},
  year={2018},
  publisher={Springer}
}

@article{aoga2016integration,
  title={Integration of Yoruba language into MaryTTS},
  author={Aoga, John OR and Dagba, Theophile K and Fanou, Codjo C},
  journal={International Journal of Speech Technology},
  volume={19},
  pages={151--158},
  year={2016},
  publisher={Springer}
}


@inproceedings{adegbola2011localising,
  title={Localising for Yoruba: Experience, challenges and future direction},
  author={Adegbola, Tunde and Owolabi, Kola and Odejobi, Tunji},
  booktitle={Proceedings of conference on human language technology for development},
  pages={3--5},
  year={2011}
}

@inproceedings{finkel2009computational,
  title={A computational approach to Yorub{\'a} morphology},
  author={Finkel, Raphael and Odejobi, Odetunji Ajadi},
  booktitle={Proceedings of the First Workshop on Language Technologies for African Languages},
  pages={25--31},
  year={2009}
}

@article{finkel2002katr,
  title={KATR: a set-based extension of DATR (Technical Report 346—02)},
  author={Finkel, Raphael and Shen, Lei and Stump, Gregory and Thesayi, Suresh},
  journal={University of Kentucky Department of Computer Science, Lexington, KY},
  year={2002}
}

@article{tunji2011design,
  title={Design of a Text Markup System for Yor{\`u}b{\'a} Text-to-Speech Synthesis Applications},
  author={T{\'u}nj{\'\i}, {\`A}j{\`a}d{\'\i} O d{\'e} and B{\'i}, Od{\'e}jo},
  journal={Conference on Human Language Technology for Development},
  year={2011}
}


@inproceedings{de2007automatic,
  title={Automatic diacritic restoration for resource-scarce languages},
  author={De Pauw, Guy and Wagacha, Peter W and De Schryver, Gilles-Maurice},
  booktitle={Text, Speech and Dialogue: 10th International Conference, TSD 2007, Pilsen, Czech Republic, September 3-7, 2007. Proceedings 10},
  pages={170--179},
  year={2007},
  organization={Springer}
}

@article{culy1996formal,
  title={Formal properties of natural language and linguistic theories},
  author={Culy, Christopher},
  journal={Linguistics and Philosophy},
  pages={599--617},
  year={1996},
  publisher={JSTOR}
}

@article{gunther2022language,
  title={Language statistics as a window into mental representations},
  author={G{\"u}nther, Fritz and Rinaldi, Luca},
  journal={Scientific Reports},
  volume={12},
  number={1},
  pages={8043},
  year={2022},
  publisher={Nature Publishing Group UK London}
}


@article{blasi2017grammars,
  title={Grammars are robustly transmitted even during the emergence of creole languages},
  author={Blasi, Dami{\'a}n E and Michaelis, Susanne Maria and Haspelmath, Martin},
  journal={Nature Human Behaviour},
  volume={1},
  number={10},
  pages={723--729},
  year={2017},
  publisher={Nature Publishing Group UK London}
}


@phdthesis{omolaoye2020proverb,
  title={Proverb representation using semantic technologies: a case study of Nigerian Yoruba proverbs},
  author={Omolaoye, Victor Adelakun},
  year={2020},
  school={Namibia University of Science and Technology}
}


@article{ademusire2023development,
  title={Development of an annotated yoruba text corpus for automatic event extraction},
  author={Ademusire, Adebisi Joseph and Ninan, Olufemi D},
  year={2023}
}

%internet use: \url{https://www.nigerianstat.gov.ng/elibrary/read/1241528}
@article{internetusengn2024,
  title={Telecoms Data: Active Voice and Internet, Porting and Tariff Information},
  author={NBS, National Bureau of Statistics},
  year={2024}
}

%AI4D: https://www.ai4d-collaborative.org/
@article{AI4D2024,
  title={Uniting with local partners to combat inequality through inclusive, responsible AI made by and for communities in the Global South},
  author={AI4D, AI for Development Funders Collaborative},
  year={2024}
}




@article{ugwu2024part,
  title={A part of speech tagger for Yoruba language text using deep neural network},
  author={Ugwu, Chukwuemeka Christian and Oyewole, Abisola Rukayat and Popoola, Olugbemiga Solomon and Adetunmbi, Adebayo Olusola and Elebute, Ayo},
  journal={Franklin Open},
  volume={9},
  pages={100185},
  year={2024},
  publisher={Elsevier}
}


@article{abiola2014web,
  title={A web-based English to Yoruba noun-phrases machine translation system},
  author={Abiola, OB and Adetunmbi, AO and Fasiku, AI and Olatunji, KA},
  journal={International Journal of English and Literature},
  volume={5},
  number={3},
  pages={71--78},
  year={2014},
  publisher={Academic Journals}
}


@article{akpobi2024yankari,
  title={Yankari: A Monolingual Yoruba Dataset},
  author={Akpobi, Maro},
  journal={arXiv preprint arXiv:2412.03334},
  year={2024}
}

@article{alade2019issues,
  title={ISSUES IN KNOWLEDGE REPRESENTATION IN YOR{\`U}B{\'A} NARRATIVES},
  author={Alade, SM and Ninan, OD and Odejobi, OA},
  journal={Annals. Computer Science Series},
  volume={17},
  number={2},
  year={2019}
}


@article{oluwatoyinstochastic,
  title={A Stochastic Collocation Algorithm Method for Processing the Yoruba Language Using the Data Context Approach Based on Text, Lexicon, and Grammar},
  author={Oluwatoyin, Enikuomehin A and Opeyemi, Adewumi O},
  journal={The Pacific Journal of Science and Technology},
  year={2018}
}


@article{ahia2024voices,
  title={Voices Unheard: NLP Resources and Models for Yor$\backslash$ub$\backslash$'a Regional Dialects},
  author={Ahia, Orevaoghene and Aremu, Anuoluwapo and Abagyan, Diana and Gonen, Hila and Adelani, David Ifeoluwa and Abolade, Daud and Smith, Noah A and Tsvetkov, Yulia},
  journal={arXiv preprint arXiv:2406.19564},
  year={2024}
}

@article{oyekanmi2013intelligent,
  title={Intelligent system learning and understanding of Yor{\`u}b{\'a} language},
  author={Oyekanmi, Ezekiel Olufunminiyi and Oluwadare, Samuel Adebayo and Alese, BK},
  journal={International Journal of Computer and Information Technology},
  volume={2},
  number={5},
  pages={993--997},
  year={2013},
  publisher={Citeseer}
}

@inproceedings{adeniji2024framework,
  title={A Framework for Yoruba Sentiment Lexicon Disambiguation},
  author={Adeniji, Adedapo Bolaji and Kolajo, Taiwo and Agbogun, Joshua Babatunde},
  booktitle={2024 International Conference on Science, Engineering and Business for Driving Sustainable Development Goals (SEB4SDG)},
  pages={1--6},
  year={2024},
  organization={IEEE}
}

@article{akintola2017machine,
  title={Machine to Man Communication in Yor{\`u}b{\'a} Language},
  author={Akintola, Abimbola and Ibiyemi, Tunji},
  journal={Annal. Comput. Sci. Ser},
  volume={15},
  number={2},
  year={2017}
}

@article{adewole2017token,
  title={Token Validation in Automatic Corpus Gathering for Yoruba Language},
  author={Adewole, Lawrence B and Adetunmbi, Adebayo O and Alese, Boniface K and Oluwadare, Samuel A},
  journal={FUOYE Journal of Engineering and Technology},
  volume={2},
  number={1},
  pages={4},
  year={2017}
}

@article{orji2024igbo,
  title={The Igbo Language in an AI World: Assessing its Current Status},
  author={Orji, Dereck-MA and Korie, Ijeoma Jennifer},
  journal={OHAZURUME-Unizik Journal of Culture and Civilization},
  volume={3},
  number={1},
  year={2024}
}


@article{aina2021ontology,
  title={ONTOLOGY ANNOTATION FOR NATURAL LANGUAGE DEVELOPMENT: A YOR{\`U}B{\'A} NOUN PRELIMINARY MODEL.},
  author={Aina, Akindele A and T{\'a}{\'\i}w{\`o}, Oy{\`e} P},
  journal={Journal of West African Languages},
  volume={48},
  number={1},
  year={2021}
}

@inproceedings{oluwaseyi2024automatic,
  title={Automatic Spelling Corrector for Yor{\`u}b{\'a} Language Using Edit Distance and N-Gram Language Models},
  author={Oluwaseyi, Erinfolami and Abiodun, Oguntimilehin and Badeji-Ajisafe, Bukola and others},
  booktitle={2024 International Conference on Science, Engineering and Business for Driving Sustainable Development Goals (SEB4SDG)},
  pages={1--6},
  year={2024},
  organization={IEEE}
}

@article{folajimi2012using,
  title={Using Statistical Machine Translation (SMT) as a Language Translation Tool for Understanding Yoruba Language},
  author={Folajimi, Yetunde O and Omonayin, Isaac},
  year={2012},
  publisher={Covenant University}
}


@inproceedings{fagbolu2016applying,
  title={Applying rough set theory to Yorub{\'a} language translation},
  author={Fagbolu, Olutola Olaide and Obalalu, Babatunde Sunday and Udoh, Samuel S and Uyo, Ibadan Abeokuta},
  booktitle={International Conference on Advanced Trends in ICT and Management (ICAITM) 28th},
  year={2016}
}

@article{enikuomehinimplementation,
  title={Implementation of Hidden Markov Model on Lagos Nigeria Women Union (NWU) Yoruba Speech Corpus},
  author={Enikuomehin, AO and Tijani, AA},
  journal={The Pacific Journal of Science and Technology},
  year={2020}
}

@mastersthesis{ogheneruemu2022development,
  title={Development of Yoruba Diacritic Restoration for Under Dot and Diacritic Mark for Yoruba Text Using Deep Learning Model},
  author={Ogheneruemu, Kingsley Lucky Ogheneovo},
  year={2022},
  school={Kwara State University (Nigeria)}
}


@article{maryann2022enhanced,
  title={Enhanced Machine Learning Algorithm for Translation of English to Igbo Language},
  author={Maryann, Orji Ifeoma and Anigbogu, Sylvanus Okwudili and Uzoamaka, Ekwealor Oluchukwu and Betrand, Chidi Ukamaka},
  journal={Machine Learning Research},
  volume={7},
  number={1},
  pages={8--14},
  year={2022},
  publisher={Science Publishing Group}
}


@article{shaddeep,
  title={DEEP LEARNING FOR NATURAL LANGUAGE PROCESSING (NLP) IN AFRICAN LANGUAGES},
  author={Shad, Ralph and Egon, Axel and Potter, Kaledio}
}

@inproceedings{toyin2024hidden,
  title={A Hidden Markov Model-Based Parts-of-Speech Tagger for Yoruba Language},
  author={Toyin, Okebule and Akinduyite, Christianah O and others},
  booktitle={2024 International Conference on Science, Engineering and Business for Driving Sustainable Development Goals (SEB4SDG)},
  pages={1--6},
  year={2024},
  organization={IEEE}
}

@article{eludiora2016development,
  title={Development of an English to Yoruba machine translator},
  author={Eludiora, Safiriyu I and Odejobi, Odetunji A},
  journal={International Journal of Modern Education and Computer Science},
  volume={8},
  number={11},
  pages={8},
  year={2016},
  publisher={Modern Education and Computer Science Press}
}


@article{akinwonmi2021development,
  title={Development of a prosodic read speech syllabic corpus of the Yoruba language},
  author={Akinwonmi Akintoba Emmanuel},
  journal={Development},
  volume={7},
  number={36},
  year={2021}
}

@article{gutkin2020developing,
  title={Developing an open-source corpus of yoruba speech},
  author={Gutkin, Alexander and Demirsahin, Isin and Kjartansson, Oddur and Rivera, Clara E and T{\'u}b{\`o}s{\'u}n, K{\'o}l{\'a}},
  year={2020}
}


@article{abegunde1832design,
  title={Design Issues in Sentiment Analysis for Yor{\`u}b{\'a} Written Text},
  author={Abegunde, O and Iyanda, AR and Ninan, DO},
  year={2019}
}


@inproceedings{adegunlehin2019investigation,
  title={Investigation of Feature Characteristics for Yoruba Named Entity Recognition System},
  author={Adegunlehin, EA and Asahiah, FO and Onifade, MT},
  booktitle={the Proceedings of 2019 AICTTRA Conference, Nigeria},
  year={2019}
}

@article{oyesanmi2024towards,
  title={Towards Yoruba-Speaking Google Maps Navigation},
  author={Oyesanmi, Fiyinfoluwa and Olukanmi, Peter},
  year={2024}
}


@article{timothybilingual,
  title={Bilingual Neural Machine Translation From English To Yoruba Using A Transformer Model},
  author={Timothy, Adeboje Olawale and Adebayo, Adetunmbi Olusola and Junior, Arome Gabriel and Olufemi, Akinyede Raphael},
  journal={International Journal of Innovative Science and Research Technology},
  year={2024}
}


@article{shode2022yosm,
  title={yosm: A new yoruba sentiment corpus for movie reviews},
  author={Shode, Iyanuoluwa and Adelani, David Ifeoluwa and Feldman, Anna},
  journal={arXiv preprint arXiv:2204.09711},
  year={2022}
}

@article{kayode2017use,
  title={The Use Of Computer In Sustaining Yoruba Language Through A Practical Learning Approach},
  author={Kayode, Rauph Moshood and Abioduntaofik, Ahmed},
  journal={Teaching and Learning (FLTL)},
  volume={10},
  number={15},
  year={2017}
}

@article{adedjouma2013part,
  title={Part-of-speech tagging of Yoruba standard, language of niger-congo family},
  author={Adedjouma, S{\`e}miyou A and Aoga, John OR and Igue, Mamoud A},
  journal={Res. Journal of Computer \& IT Sciences},
  volume={1},
  number={1},
  pages={2--5},
  year={2013}
}

@phdthesis{onyenwe2017developing,
  title={Developing methods and resources for automated processing of the african language igbo},
  author={Onyenwe, Ikechukwu Ekene},
  year={2017},
  school={University of Sheffield}
}

@inproceedings{onyenwe2014part,
  title={Part-of-speech tagset and corpus development for igbo, an african},
  author={Onyenwe, Ikechukwu E and Uchechukwu, Chinedu and Hepple, Mark},
  booktitle={Proceedings of LAW VIII-The 8th Linguistic Annotation Workshop},
  pages={93--98},
  year={2014},
  organization={Association for Computational Linguistics and Dublin City University}
}

@inproceedings{onyenwe2015use,
  title={Use of transformation-based learning in annotation pipeline of igbo, an african language},
  author={Onyenwe, Ikechukwu and Hepple, Mark and Uchechukwu, Chinedu and Ezeani, Ignatius},
  booktitle={Proceedings of the Joint Workshop on Language Technology for Closely Related Languages, Varieties and Dialects},
  pages={24--33},
  year={2015},
  organization={Association for Computational Linguistics}
}

@inproceedings{onyenwe2016predicting,
  title={Predicting morphologically-complex unknown words in Igbo},
  author={Onyenwe, Ikechukwu E and Hepple, Mark},
  booktitle={Text, Speech, and Dialogue: 19th International Conference, TSD 2016, Brno, Czech Republic, September 12-16, 2016, Proceedings 19},
  pages={206--214},
  year={2016},
  organization={Springer}
}

@article{onyenwe2019toward,
  title={Toward an effective igbo part-of-speech tagger},
  author={Onyenwe, Ikechukwu E and Hepple, Mark and Chinedu, Uchechukwu and Ezeani, Ignatius},
  journal={ACM Transactions on Asian and Low-Resource Language Information Processing (TALLIP)},
  volume={18},
  number={4},
  pages={1--26},
  year={2019},
  publisher={ACM New York, NY, USA}
}

@article{kumolalo2010development,
  title={Development of a syllabicator for Yor{\`u}b{\'a} language},
  author={Kumolalo, FO and Adagunodo, ER and Odejobi, OA},
  journal={Proceedings of OAU TekConf},
  pages={47--51},
  year={2010}
}


@article{adegokeestimating,
  title={ESTIMATING SEMANTIC SIMILARITY IN YORUBA SENTENCES USING PATH-BASED METRICS},
  author={Adegoke-Elijah, Adenike and Ojewumi, Theresa and Jimoh, Kudirat},
  year={2024}
}


@article{iyinolakan2023exploring,
  title={Exploring the Potential of Artificial Intelligence for Supporting Indigenous Language Journalism Pedagogy in Nigeria},
  author={Iyinolakan, Olayinka},
  year={2023},
  publisher={OSF}
}

@article{odoje2014investigating,
  title={Investigating language in the machine translation: exploring Yor{\`u}b{\'a}-English machine translation as a case study},
  author={Odoje, Clement},
  journal={Language. Text. Society},
  volume={4},
  number={1},
  pages={17--26},
  year={2014},
  publisher={Кириллов Андрей Геннадьевич}
}


@article{aina2023human,
  title={Human Evaluation of Yorùbá Noun Ontology},
  author={Aina, Akindele Akanji and Akinwale, Adeola Moyosoluwa},
  journal={NIU Journal of Humanities},
  volume={8},
  number={1},
  pages={33--51},
  year={2023}
}

@article{iyanda2015statistical,
  title={Statistical Text Analysis for Yor{\`u}b{\'a} Speech Generation Using Zipf’s Law},
  author={Iyanda, AR},
  journal={Ife Journal of Technology},
  volume={23},
  number={2},
  pages={40--44},
  year={2015}
}


@article{babatunde2024speech,
  title={Speech-to-Text Hybrid English to Yoruba SMS Translator},
  author={Babatunde, Akinbowale Nathaniel and Babatunde, Ronke Seyi and Balogun, Bukola Fatimah and Umar, Emmanuel and Mohammed, Shuaib Babatunde and Oke, Afeez Adeshina and Obiwusi, Kolawole Yusuf},
  journal={Innovative Computing Review},
  volume={4},
  number={1},
  pages={15--36},
  year={2024}
}

@article{asahiah2023diacritic,
  title={Diacritic-aware yor{\`u}b{\'a} spell checker},
  author={Asahiah, Franklin Ol{\'a}di{\'\i}p{\`o} and On{\'\i}f{\'a}d{\'e}, Mary Taiwo and Asahiah, Adekemisola Olufunmilayo and Adegunlehin, Abayomi Emmanuel and Amoo, Adekemi Olawunmi},
  journal={Computer Science},
  volume={24},
  year={2023},
  publisher={Akademia G{\'o}rniczo-Hutnicza im. Stanis{\l}awa Staszica w Krakowie. Wydawnictwo AGH}
}

@article{asubiaro2015statistical,
  title={Statistical patterns of diacritized and undiacritized yoruba texts},
  author={Asubiaro, Toluwase},
  journal={International Journal of Computational Linguistics Research},
  volume={6},
  number={3},
  pages={77--84},
  year={2015}
}


@article{agbeyangi2016web,
  title={Web-based Yoruba numeral translation system},
  author={Agbeyangi, AO and Eludiora, SI and Popoola, OA},
  journal={IAES International Journal of Artificial Intelligence (IJ-AI)},
  volume={5},
  number={4},
  pages={127--134},
  year={2016}
}


@article{orife2020improving,
  title={Improving Yor$\backslash$ub$\backslash$'a Diacritic Restoration},
  author={Orife, Iroro and Adelani, David I and Fasubaa, Timi and Williamson, Victor and Oyewusi, Wuraola Fisayo and Wahab, Olamilekan and Tubosun, Kola},
  journal={arXiv preprint arXiv:2003.10564},
  year={2020}
}

@article{adebara2022afrolid,
  title={AfroLID: A neural language identification tool for African languages},
  author={Adebara, Ife and Elmadany, AbdelRahim and Abdul-Mageed, Muhammad and Inciarte, Alcides Alcoba},
  journal={arXiv preprint arXiv:2210.11744},
  year={2022}
}

@article{afolabi2013implementation,
  title={Implementation of Yoruba text-to-speech E-learning system},
  author={Afolabi, AO and Wahab, AS},
  journal={International Journal of Engineering Research and Technology},
  volume={2},
  number={11},
  pages={1055--1064},
  year={2013}
}


@inproceedings{oyinloye2015issues,
  title={Issues in Computational System for Morphological Analysis of Standard Yor{\`u}b{\'a} (SY) Verbs},
  author={Oyinloye, Olufunke A and Odejobi, Odetunji A},
  booktitle={Proceedings of the World Congress on Engineering},
  volume={1},
  year={2015}
}


@inproceedings{abdulkareem2016yorcall,
  title={YorCALL: Improving and Sustaining Yoruba Language through a Practical Iterative Learning Approach.},
  author={Abdulkareem, Zainab and Effiong, Emmanuel E},
  booktitle={OcRI},
  pages={1--5},
  year={2016}
}

@article{eludiora2015development,
  title={Development of an English to Yorùbá Machine Translation System for Yorùbá Verbs’ Tone Changing},
  author={Safiriyu, I Eludiora and Abayomi, O Agbeyangi and Fatusin, O I},
  journal={International Journal Computer Application, USA},
  volume={129},
  number={10},
  pages={12--17},
  year={2015}
}

@inproceedings{dione2021multilingual,
  title={Multilingual dependency parsing for low-resource African languages: Case studies on Bambara, Wolof, and Yoruba},
  author={Dione, Cheikh M Bamba},
  booktitle={Proceedings of the 17th International Conference on Parsing Technologies and the IWPT 2021 Shared Task on Parsing into Enhanced Universal Dependencies (IWPT 2021)},
  pages={84--92},
  year={2021}
}


@article{azubuike2024design,
  title={Design and implementation of an automated web-based Igbo text analyzer using natural language processing (NLP) tools},
  author={Azubuike, Prince C and Umeh, Innocent I},
  journal={World Journal of Advanced Research and Reviews},
  volume={23},
  number={3},
  pages={1036--1045},
  year={2024},
  publisher={World Journal of Advanced Research and Reviews}
}

@article{adebara2021translating,
  title={Translating the unseen? yoruba-english mt in low-resource, morphologically-unmarked settings},
  author={Adebara, Ife and Abdul-Mageed, Muhammad and Silfverberg, Miikka},
  journal={arXiv preprint arXiv:2103.04225},
  year={2021}
}

@article{eludiora2018computational,
  title={Computational Morphological Analysis of Yor{\`u}b{\'a} Language Words},
  author={Eludiora, Safiriyu Ijiyemi and Ayemonisan, OR},
  journal={IAES International Journal of Artificial Intelligence},
  volume={7},
  number={1},
  pages={11},
  year={2018},
  publisher={IAES Institute of Advanced Engineering and Science}
}

@article{turki2024text,
  title={Text Categorization Can Enhance Domain-Agnostic Stopword Extraction},
  author={Turki, Houcemeddine and Etori, Naome A and Taieb, Mohamed Ali Hadj and Omotayo, Abdul-Hakeem and Emezue, Chris Chinenye and Aouicha, Mohamed Ben and Awokoya, Ayodele and Lawan, Falalu Ibrahim and Nixdorf, Doreen},
  journal={arXiv preprint arXiv:2401.13398},
  year={2024}
}



@article{sundaydevelopment,
  title={Development of Bi-Directional English To Yoruba Translator for Real-Time Mobile Chatting},
  author={Sunday, Adewale Olumide and Catherine, Agbonifo Oluwatoyin and Julius, Olaniyan},
  journal={International Journal of Computational Linguistics (IJCL)},
  year={2020}
}


@inproceedings{onuora2024machine,
  title={Machine Learning Architecture for Combating Hate Speech in Igbo Language},
  author={Onuora, AC and Ana, P and Otiko, AO and Aguwamba, RC and Maidoh, NE},
  booktitle={International conference 2024, March},
  volume={27},
  pages={29},
  year={2024}
}


@article{adegokedevelopment,
  title={DEVELOPMENT OF A XML-ENCODED MACHINE-READABLE DICTIONARY FOR YORUBA WORD SENSE DISAMBIGUATION},
  author={Adegoke-Elijah, A and Jimoh, K and Alabi, A},
  journal={UNIOSUN Journal of Engineering and Environmental Sciences},
  year={2023}
}


@article{akinwonmi2024rule,
  title={Rule-Induced Misanalysis of Nasal Syllables in Yoruba Declarative Syllabification Algorithm},
  author={Akinwonmi, AE},
  journal={Journal of Sustainable Technology},
  volume={13},
  number={1},
  year={2024}
}

@inproceedings{lawalcontextual,
  title={Contextual Evaluation of LLM’s Performance on Primary Education Science Learning Contents in the Yoruba Language},
  author={Lawal, Olanrewaju Israel and Adekanmbi, Olubayo and Soronnadi, Anthony},
  booktitle={5th Workshop on African Natural Language Processing},
  year={2024}
}


@article{maryann2021machine,
  title={Machine Learning Translation of English into Igbo Language: A Review},
  author={Maryann, Orji Ifeoma and Anigbogu, Sylvanus Okwudili and Uzoamaka, Ekwelaro Oluchukwu and Chinedu, Asogwa Doris},
  journal={International Journal of Intelligent Information Systems},
  volume={10},
  number={5},
  pages={104},
  year={2021},
  publisher={Science Publishing Group}
}

@inproceedings{okediya2019building,
  title={Building Ontology for Yor{\`u}b{\'a} Language},
  author={Okediya, Theresa and Afolabi, Ibukun and Iheanetu, Olamma and Ojo, Sunday},
  booktitle={Proceedings of the First International Workshop on NLP Solutions for Under Resourced Languages (NSURL 2019) co-located with ICNLSP 2019-Short Papers},
  pages={124--130},
  year={2019}
}

@inproceedings{afolabi2013development,
  title={Development of text to speech system for yoruba language},
  author={Afolabi, Akin and Omidiora, Elijah and Arulogun, Tayo},
  booktitle={Innovative Systems Design and Engineering—Special Issue of 2nd International Conference on Engineering and Technology Research},
  volume={4},
  pages={1--8},
  year={2013}
}

@article{odoje201612,
  title={The Peculiar Challenges of SMT to African Languages},
  author={Odoje, Clement},
  journal={ICT, Globalisation and the Study of Languages and Linguistics in Africa},
  pages={223},
  year={2016},
  publisher={M \& J Grand Orbit Communications}
}

@article{ajao2022yoruba,
  title={Yor{\`u}b{\'a} character recognition system using convolutional recurrent neural network},
  author={Ajao, Jumoke and Yusuff, Shakirat and Ajao, Abdulazeez},
  journal={Black Sea Journal of Engineering and Science},
  volume={5},
  number={4},
  pages={151--157},
  year={2022},
  publisher={U{\u{g}}ur {\c{S}}EN}
}


@inproceedings{robertson2022understanding,
  title={Understanding and Being Understood: User Strategies for Identifying and Recovering From Mistranslations in Machine Translation-Mediated Chat},
  author={Robertson, Samantha and D{\'\i}az, Mark},
  booktitle={Proceedings of the 2022 ACM Conference on Fairness, Accountability, and Transparency},
  pages={2223--2238},
  year={2022}
}


@inproceedings{kolak2005ocr,
  title={OCR post-processing for low density languages},
  author={Kolak, Okan and Resnik, Philip},
  booktitle={Proceedings of Human Language Technology Conference and Conference on Empirical Methods in Natural Language Processing},
  pages={867--874},
  year={2005}
}

@book{eze1997aspects,
  title={Aspects of language contact: A variationist perspective on codeswitching and borrowing in Igbo-English bilingual discourse.},
  author={Eze, Bethrand Ejike},
  year={1997},
  publisher={University of Ottawa (Canada)}
}


@article{orok2024pharmacy,
  title={Pharmacy students’ perception and knowledge of chat-based artificial intelligence tools at a Nigerian University},
  author={Orok, Edidiong and Okaramee, Chidera and Egboro, Bethel and Egbochukwu, Esther and Bello, Khairat and Etukudo, Samuel and Ogologo, Mark-Solomon and Onyeka, Precious and Etukokwu, Obinna and Kolawole, Mesileya and others},
  journal={BMC Medical Education},
  volume={24},
  number={1},
  pages={1237},
  year={2024},
  publisher={Springer}
}

@article{abdou2025monitoring,
  title={Monitoring african geopolitics: a multilingual sentiment and public attention framework},
  author={Abdou, Mohamed Naira and Benelallam, Imade and Rahmani, Youcef},
  journal={Applied Intelligence},
  volume={55},
  number={2},
  pages={1--19},
  year={2025},
  publisher={Springer}
}


@incollection{imam2022first,
  title={The First Corpus for Detecting Fake News in Hausa Language},
  author={Imam, Sukairaj Hafiz and Musa, Abubakar Ahmad and Choudhary, Ankur},
  booktitle={Emerging Technologies for Computing, Communication and Smart Cities: Proceedings of ETCCS 2021},
  pages={563--576},
  year={2022},
  publisher={Springer}
}


@article{nwankwegu2021leveraging,
  title={LEVERAGING DIGITAL TECHNOLOGY FOR IGBO LANGUAGE DEVELOPMENT},
  author={Nwankwegu, Jeremiah Anene},
  journal={IDEAL INTERNATIONAL JOURNAL},
  volume={14},
  number={2},
  year={2021}
}


@inproceedings{ogunleye2023using,
  title={Using Opinionated-Objective Terms to Improve Lexicon-Based Sentiment Analysis},
  author={Ogunleye, Bayode and Brunsdon, Teresa and Maswera, Tonderai and Hirsch, Laurence and Gaudoin, Jotham},
  booktitle={International conference on soft computing for problem-solving},
  pages={1--23},
  year={2023},
  organization={Springer}
}

@article{ajao2023recurrent,
  title={Recurrent Neural Network (RNN) for Igbo Handwritten Character Recognition},
  author={Ajao, Jumoke F and Okunade, Oluwasogo A and Ajao, Abdulalzzez O},
  journal={The Pacific Journal of Science and Technology},
  volume={24},
  year={2023}
}

@article{henry2020performance,
  title={The Performance Evaluation of an Igbo Text-Based Intelligent System},
  author={Henry, Odikwa and others},
  journal={International Journal of Applied Information Systems},
  volume={12},
  number={30},
  pages={1--5},
  year={2020}
}


@inproceedings{ifeanyi2022semantic,
  title={Semantic Representation of Igbo Text Using Knowledge Graph.},
  author={Nkechi, Ifeanyi-Reuben and Usip, Patience Usoro},
  booktitle={KGSWC Workshops},
  pages={37--51},
  year={2022}
}

@inproceedings{soronnadienhancing,
  title={Enhancing Transformer Models for Igbo Language Processing: A Critical Comparative Study},
  author={Soronnadi, Anthony and Adekanmbi, Olubayo and Anebelundu, Chinazo and Adelani, David Ifeoluwa},
  booktitle={5th Workshop on African Natural Language Processing},
  year={2024}
}

@article{alabi2022adapting,
  title={Adapting pre-trained language models to African languages via multilingual adaptive fine-tuning},
  author={Alabi, Jesujoba O and Adelani, David Ifeoluwa and Mosbach, Marius and Klakow, Dietrich},
  journal={arXiv preprint arXiv:2204.06487},
  year={2022}
}

@article{conneau2019unsupervised,
  title={Unsupervised cross-lingual representation learning at scale},
  author={Conneau, A},
  journal={arXiv preprint arXiv:1911.02116},
  year={2019}
}

@article{ifeanyin,
  title={N-Gram and K-Nearest Neighbour Based Igbo Text Classification Model},
  author={Nkechi, Ifeanyi-Reuben and Ndubuisi, Odikwa and Chidiebere, Ugwu},
  journal={International Journal of Innovative Science and Research Technology},
  year={2021}
}

@incollection{usip2023text,
  title={Text-Based Emergency Alert Framework for Under-Resourced Languages in Southern Nigeria},
  author={Usip, Patience U and Ijebu, Funebi F and Udo, Ifiok J and Ollawa, Ikechukwu K},
  booktitle={Semantic AI in Knowledge Graphs},
  pages={111--126},
  year={2023},
  publisher={CRC Press}
}

@article{ana2024ai,
  title={An AI System for the Detection of Hate Speech Encoded in Igbo Native},
  author={Ana, P and Emereonye, GI and Onuora, AC and Ukaegbu, CC and Aguwamba, RC and Sunday, PC},
  journal={International Research Journal of Engineering and Technology (IRJET)},
  year={2024}
}

@article{dossou2021okwugb,
  title={OkwuGb$\backslash$'e: End-to-End Speech Recognition for Fon and Igbo},
  author={Dossou, Bonaventure FP and Emezue, Chris C},
  journal={arXiv preprint arXiv:2103.07762},
  year={2021}
}

@inproceedings{chukwuneke2023igboner,
  title={IGBONER 2.0: EXPANDING NAMED ENTITY RECOGNITION DATASETS VIA PROJECTION},
  author={Chukwuneke, Chiamaka Ijeoma and Rayson, Paul and Ezeani, Ignatius and El-Haj, Mo and Asogwa, Doris Chinedu and Okpalla, Chidimma Lilian and Mbonu, Chinedu Emmanuel},
  booktitle={4th Workshop on African Natural Language Processing},
  year={2023}
}

@article{anbootstrapping,
  title={BOOTSTRAPPING METHOD FOR DEVELOPING PART-OF-SPEECH TAGGED CORPUS IN LOW RESOURCE LANGUAGES TAGSET-AFocus ON AN AFRICAN IGBO},
  author={Onyenwe, Ikechukwu E and Onyedinma, Ebele G and Aniegwu, Godwin E and Ezeani, Ignatius M},
  journal={International Journal on Natural Language Computing (IJNLC)},
  year={2019}
}


@inproceedings{iheanetu2017some,
  title={Some salient issues in the unsupervised learning of Igbo morphology},
  author={Iheanetu, OU and Oha, O},
  booktitle={Proceedings of the World Congress on Engineering and Computer Science},
  volume={1},
  year={2017}
}

@article{ogbuju2020development,
  title={Development of a general purpose sentiment lexicon for Igbo language},
  author={Ogbuju, Emeka and Onyesolu, Moses},
  journal={arXiv preprint arXiv:2004.14176},
  year={2020}
}

@inproceedings{ezeani2017lexical,
  title={Lexical disambiguation of Igbo using diacritic restoration},
  author={Ezeani, Ignatius and Hepple, MR and Onyenwe, Ikechukwu},
  booktitle={Proceedings of the 1st Workshop on Sense, Concept and Entity Representations and their Applications},
  pages={53--60},
  year={2017},
  organization={Association for Computational Linguistics}
}

@inproceedings{olamma2019hidden,
  title={Hidden Markov-based Part-of-Speech Tagger for Igbo Resource-Scarce African Language},
  author={Olamma, Ihenaetu and Kingsley, Michael and Ojo, Sunday},
  booktitle={Proceedings of the First International Workshop on NLP Solutions for Under Resourced Languages (NSURL 2019) co-located with ICNLSP 2019-Short Papers},
  pages={118--123},
  year={2019}
}


@misc{okoloegbo2022multilingual,
  title={Multilingual Cyberbullying Detector (CD) Application for Nigerian Pidgin and Igbo Language Corpus. In 2022 5th Information Technology for Education and Development (ITED), 1-6},
  author={Okoloegbo, CA and Eze, UF and Chukwudebe, GA and Nwokonkwo, OC},
  year={2022},
  publisher={IEEE}
}


@article{chiomaweb,
  title={Web-Based Igbo Thesaurus with Real-Time Retrieval},
  author={Chioma, Odirichukwu Jacinta and Nnadozie, Nnamdi Reginald},
  journal={Journal of Computer Science Engineering and Software Testing},
  year={2023}
}

@article{chidiebere2020analysis,
  title={Analysis and representation of Igbo text document for a text-based system},
  author={Chidiebere, Ugwu and Tunde, Adegbola and others},
  journal={arXiv preprint arXiv:2009.06376},
  year={2020}
}


@article{rhoda2017computational,
  title={Computational analysis of Igbo numerals in a number-to-text conversion system},
  author={Rhoda, {\.I}yanda Abimbola},
  journal={Journal of Computer and Education Research},
  volume={5},
  number={10},
  pages={241--254},
  year={2017},
  publisher={Tamer KUTLUCA}
}

@article{gibbonmarketspeak,
  title={‘MARKETSPEAK’IN IGBO: ASpeech SYNTHESIS TRAINING PROJECT},
  author={Gibbon, Dafydd and Duruibe, Ugonna and Bachan, Jolanta},
  journal={Vili, Zulu, Xhosa, Afrikaans, English, Swati, Ndebele, Punu, Shona, Tswana, Sotho, Sepedi, Obamba},
  pages={339},
  year={2012}
}

@inproceedings{ezeani2018transferred,
  title={Transferred embeddings for igbo similarity, analogy, and diacritic restoration tasks},
  author={Ezeani, Ignatius and Onyenwe, Ikechukwu and Hepple, Mark},
  booktitle={Proceedings of the Third Workshop on Semantic Deep Learning},
  pages={30--38},
  year={2018}
}

@inproceedings{ezeani2018multi,
  title={Multi-task Projected Embedding for Igbo},
  author={Ezeani, Ignatius and Hepple, Mark and Onyenwe, Ikechukwu and Enemuo, Chioma},
  booktitle={Text, Speech, and Dialogue: 21st International Conference, TSD 2018, Brno, Czech Republic, September 11-14, 2018, Proceedings 21},
  pages={285--294},
  year={2018},
  organization={Springer}
}


@inproceedings{iheanetu2019addressing,
  title={Addressing the Challenges of Igbo Computational Morphological Studies Using Frequent Pattern-Based Induction},
  author={Iheanetu, Olamma U and Oha, Obododimma},
  booktitle={Transactions on Engineering Technologies: World Congress on Engineering and Computer Science 2017},
  pages={143--156},
  year={2019},
  organization={Springer}
}

@article{okoloegbomultilingual,
  title={Multilingual Cyberbullying Detection System in Nigerian Languages},
  author={Okoloegbo, Christiana Amaka and Eze, Udoka Felista and Chukwudebe, Gloria A and Chukwuemeka, Obi},
  journal={International Journal of Computer Science and Information Security (IJCSIS)},
  year={2024}
}

@article{ochu2019corpus,
  title={A CORPUS-DRIVEN STUDY OF MULTIWORD EXPRESSIONS IN IGBO.},
  author={Ochu, Michael Chima},
  journal={Journal of West African Languages},
  volume={46},
  number={2},
  year={2019}
}

@article{ifeanyi2020comparative,
  title={Comparative Analysis of N-gram Text Representation on Igbo Text Document Similarity},
  author={Nkechi, Ifeanyi-Reuben and Ugwu, Chidiebere and others},
  journal={arXiv preprint arXiv:2004.00375},
  year={2020}
}


@article{hu2024review,
  title={Review Protocol: A Scoping Review of Natural Language Processing Technologies for Public Health in Africa},
  author={Hu, Songbo and Oppong, Abigail and Mogo, Ebele and Barford, Anna and Occhini, Giulia and Collins, Charlotte and Korhonen, Anna},
  journal={medRxiv},
  pages={2024--07},
  year={2024},
  publisher={Cold Spring Harbor Laboratory Press}
}

@article{onyemaechi2023some,
  title={Some Linguistic Features of Chi-Prefixed Igbo Personal Names},
  author={Onyemaechi, Chinaecherem Marycynthia and Ojiako, Chinwe Doris},
  journal={JOURNAL OF LINGUISTICS, LANGUAGE AND IGBO STUDIES (JoLLIS)},
  volume={4},
  number={1},
  year={2023}
}


@inproceedings{ezeani2016automatic,
  title={Automatic restoration of diacritics for Igbo language},
  author={Ezeani, Ignatius and Hepple, Mark and Onyenwe, Ikechukwu},
  booktitle={Text, Speech, and Dialogue: 19th International Conference, TSD 2016, Brno, Czech Republic, September 12-16, 2016, Proceedings 19},
  pages={198--205},
  year={2016},
  organization={Springer}
}


@inproceedings{abdou2024review,
  title={A Review on NLP Approaches for African Languages and Dialects},
  author={Abdou Mohamed, Naira and Benelallam, Imade and Allak, Anass and Gaanoun, Kamel},
  booktitle={International Conference on Advanced Technologies for Humanity},
  pages={207--213},
  year={2024},
  organization={Springer}
}


@article{aremu2024utilising,
  title={Utilising AI-powered Chatbots for Learning Endangered Nigerian Languages and Considerations for Their Development},
  author={Aremu Abdulahi Olarewaju},
  journal={Journal of Communication, Language and Culture},
  volume={4},
  number={2},
  pages={41--56},
  year={2024}
}


@inproceedings{ohuoba2024quantifying,
  title={Quantifying the Contribution of MWEs and Polysemy in Translation Errors for English--Igbo MT},
  author={Ohuoba, Adaeze and Sharoff, Serge and Walker, Callum},
  booktitle={Proceedings of the 25th Annual Conference of the European Association for Machine Translation (Volume 1)},
  pages={537--547},
  year={2024}
}

@article{arikpo2018development,
  title={Development of an automated English-to-local-language translator using Natural Language Processing},
  author={Arikpo, Iwara and Dickson, Iniobong},
  journal={International Journal of Scientific and Engineering Research},
  volume={9},
  number={7},
  pages={378--383},
  year={2018}
}


@article{adelani2024irokobench,
  title={IrokoBench: A New Benchmark for African Languages in the Age of Large Language Models},
  author={Adelani, David Ifeoluwa and Ojo, Jessica and Azime, Israel Abebe and Zhuang, Jian Yun and Alabi, Jesujoba O and He, Xuanli and Ochieng, Millicent and Hooker, Sara and Bukula, Andiswa and Lee, En-Shiun Annie and others},
  journal={arXiv preprint arXiv:2406.03368},
  year={2024}
}

@mastersthesis{ogundepo2023enabling,
  title={Enabling Cross-lingual Information Retrieval for African Languages},
  author={Ogundepo, Odunayo},
  year={2023},
  school={University of Waterloo}
}

@inproceedings{ezeani2018igbo,
  title={Igbo diacritic restoration using embedding models},
  author={Ezeani, Ignatius and Hepple, Mark and Onyenwe, Ikechukwu and Chioma, Enemouh},
  booktitle={Proceedings of the 2018 Conference of the North American Chapter of the Association for Computational Linguistics: Student Research Workshop},
  pages={54--60},
  year={2018}
}

@article{nganga2020spoken,
  title={Spoken word corpus and dictionary definition for an African language},
  author={Nganga, Wanjiku and Achebe, Ikechukwu},
  journal={Journal of Data Mining \& Digital Humanities},
  number={Digital humanities in languages},
  year={2020},
  publisher={Episciences. org}
}


@inproceedings{bigi2017developing,
  title={Developing resources for automated speech processing of the african language naija (nigerian pidgin)},
  author={Bigi, Brigitte and Caron, Bernard and Abiola, Oyelere S},
  booktitle={8th Language \& Technology Conference: Human Language Technologies as a Challenge for Computer Science and Linguistics},
  pages={441--445},
  year={2017}
}

@article{obiajuludigital,
  title={Digital Language Mining Platform for Nigerian Languages (DLMP)},
  author={Obiajulu, Emejulu Augustine and Udebuana, Okpala Izunna and Cosmas, Nwakanma Ifeanyi},
  journal={International Journal on Data Science and Technology},
  year={2019}
}


@article{ojo2023good,
  title={How good are Large Language Models on African Languages?},
  author={Ojo, Jessica and Ogueji, Kelechi and Stenetorp, Pontus and Adelani, David Ifeoluwa},
  journal={arXiv preprint arXiv:2311.07978},
  year={2023}
}

@incollection{caron2020methodological,
  title={Methodological and technical challenges of a corpus-based study of Naija},
  author={Caron, Bernard},
  booktitle={West African languages. Linguistic theory and communication},
  pages={57--75},
  year={2020},
  publisher={Wydawnictwa Uniwersytetu Warszawskiego}
}


@phdthesis{adewumi2022vector,
  title={Vector representations of idioms in data-driven chatbots for robust assistance},
  author={Adewumi, Oluwatosin},
  year={2022},
  school={Lule{\aa} University of Technology}
}


@article{asubiaro2021evaluating,
  title={Evaluating the Availability of Resources, Research Hubs, and Financial Supports for Nigerian Languages Natural Language Processing Research/{\'E}valuation de la disponibilit{\'e} des ressources, des centres de recherche et du soutien financier pour la recherche sur le traitement du langage naturel des langues nig{\'e}rianes},
  author={Asubiaro, Toluwase},
  journal={Canadian Journal of Information and Library Science},
  volume={43},
  number={3},
  pages={269--290},
  year={2021},
  publisher={University of Toronto Press}
}


@article{frohmann2024segment,
  title={Segment Any Text: A universal approach for robust, efficient and adaptable sentence segmentation},
  author={Frohmann, Markus and Sterner, Igor and Vuli{\'c}, Ivan and Minixhofer, Benjamin and Schedl, Markus},
  journal={arXiv preprint arXiv:2406.16678},
  year={2024}
}

@article{adelani2023masakhanews,
  title={Masakhanews: News topic classification for african languages},
  author={Adelani, David Ifeoluwa and Masiak, Marek and Azime, Israel Abebe and Alabi, Jesujoba and Tonja, Atnafu Lambebo and Mwase, Christine and Ogundepo, Odunayo and Dossou, Bonaventure FP and Oladipo, Akintunde and Nixdorf, Doreen and others},
  journal={arXiv preprint arXiv:2304.09972},
  year={2023}
}



@incollection{van1980role,
  title={Role and reference grammar},
  author={Van Valin, Robert D and Foley, William A},
  booktitle={Current approaches to syntax},
  pages={329--352},
  year={1980},
  publisher={Brill}
}

% DATA/RESOURCE IMPROVEMENT: 
@article{feng2021survey,
  title={A survey of data augmentation approaches for NLP},
  author={Feng, Steven Y and Gangal, Varun and Wei, Jason and Chandar, Sarath and Vosoughi, Soroush and Mitamura, Teruko and Hovy, Eduard},
  journal={arXiv preprint arXiv:2105.03075},
  year={2021}
}


%############### more 
@article{cho2014properties,
  title={On the properties of neural machine translation: Encoder-decoder approaches},
  author={Cho, Kyunghyun},
  journal={arXiv preprint arXiv:1409.1259},
  year={2014}
}

@article{joshi2020state,
  title={The state and fate of linguistic diversity and inclusion in the NLP world},
  author={Joshi, Pratik and Santy, Sebastin and Budhiraja, Amar and Bali, Kalika and Choudhury, Monojit},
  journal={arXiv preprint arXiv:2004.09095},
  year={2020}
}

%########MORE REVIEWS ON LR-NLP ###############################: 

@article{magueresse2020low,
  title={Low-resource languages: A review of past work and future challenges},
  author={Magueresse, Alexandre and Carles, Vincent and Heetderks, Evan},
  journal={arXiv preprint arXiv:2006.07264},
  year={2020}
}

@article{adimulam2022transfer,
  title={Transfer Learning in Natural Language Processing: Overcoming Low-Resource Challenges},
  author={Adimulam, Thejaswi and Chinta, Swetha and Pattanayak, Suprit Kumar},
  journal={International Journal of Enhanced Research In Science Technology \& Engineering},
  volume={11},
  pages={65--79},
  year={2022}
}

@article{avetisyan2023large,
  title={Large Language Models and Low-Resource Languages: An Examination of Armenian NLP},
  author={Avetisyan, Hayastan and Broneske, David},
  journal={Findings of the Association for Computational Linguistics: IJCNLP-AACL 2023 (Findings)},
  pages={199--210},
  year={2023}
}

@article{krasadakis2024survey,
  title={A survey on challenges and advances in natural language processing with a focus on legal informatics and low-resource languages},
  author={Krasadakis, Panteleimon and Sakkopoulos, Evangelos and Verykios, Vassilios S},
  journal={Electronics},
  volume={13},
  number={3},
  pages={648},
  year={2024},
  publisher={MDPI}
}


@article{ghafoor2021impact,
  title={The impact of translating resource-rich datasets to low-resource languages through multi-lingual text processing},
  author={Ghafoor, Abdul and Imran, Ali Shariq and Daudpota, Sher Muhammad and Kastrati, Zenun and Batra, Rakhi and Wani, Mudasir Ahmad and others},
  journal={IEEE Access},
  volume={9},
  pages={124478--124490},
  year={2021},
  publisher={IEEE}
}

@article{mabokela2022multilingual,
  title={Multilingual sentiment analysis for under-resourced languages: a systematic review of the landscape},
  author={Mabokela, Koena Ronny and Celik, Turgay and Raborife, Mpho},
  journal={IEEE Access},
  volume={11},
  pages={15996--16020},
  year={2022},
  publisher={IEEE}
}


@article{andrabi2021review,
  title={A review of machine translation for south asian low resource languages},
  author={Andrabi, Syed Abdul Basit and others},
  journal={Turkish Journal of Computer and Mathematics Education (TURCOMAT)},
  volume={12},
  number={5},
  pages={1134--1147},
  year={2021}
}



@article{masethe2024word,
  title={Word Sense Disambiguation for Morphologically Rich Low-Resourced Languages: A Systematic Literature Review and Meta-Analysis.},
  author={Masethe, Hlaudi Daniel and Masethe, Mosima Anna and Ojo, Sunday Olusegun and Giunchiglia, Fausto and Owolawi, Pius Adewale},
  journal={Information (2078-2489)},
  volume={15},
  number={9},
  year={2024}
}


@article{duong2017natural,
  title={Natural language processing for resource-poor languages},
  author={Duong, Long},
  journal={University of Melbourne},
  year={2017}
}

@article{yazar2023low,
  title={Low-resource neural machine translation: A systematic literature review},
  author={Yazar, B{\i}lge Ka{\u{g}}an and {\c{S}}ah{\i}n, Durmu{\c{s}} {\"O}zkan and Kili{\c{c}}, Erdal},
  journal={IEEE Access},
  volume={11},
  pages={131775--131813},
  year={2023},
  publisher={IEEE}
}

@article{rananga2024misinformation,
  title={Misinformation Detection: A Review for High and Low-Resource Languages},
  author={Rananga, Seani and Isong, Bassey and Modupe, Abiodun and Marivate, Vukosi},
  journal={Journal of Information Systems and Informatics},
  volume={6},
  number={4},
  pages={2892--2922},
  year={2024}
}



@article{wang2024monolingual,
  title={Monolingual and Multilingual Misinformation Detection for Low-Resource Languages: A Comprehensive Survey},
  author={Wang, Xinyu and Zhang, Wenbo and Rajtmajer, Sarah},
  journal={arXiv preprint arXiv:2410.18390},
  year={2024}
}


@inproceedings{teze2024future,
  title={Future Directions in Defence NLP: Investigating Research Gaps for Low-Resource Languages},
  author={Teze, Vitalijs and Nazaruka, Erika},
  booktitle={International Baltic Conference on Digital Business and Intelligent Systems},
  pages={93--105},
  year={2024},
  organization={Springer}
}


@article{ogunrẹ̀mi2023decolonizing,
  title={Decolonizing nlp for “low-resource languages”: Applying abebe birhane’s relational ethics},
  author={{\`O}g{\'u}nrẹ̀m{\'\i}, Tol{\'u}lọpẹ́ and Nekoto, Wilhelmina Onyothi and Samuel, Saron},
  journal={GRACE: Global Review of AI Community Ethics},
  volume={1},
  number={1},
  year={2023}
}

@article{maddu2024survey,
  title={A survey on NLP tasks, resources and techniques for low-resource Telugu-English code-mixed text},
  author={Maddu, Sandeep and Sanapala, Viziananda Row},
  journal={ACM Transactions on Asian and Low-Resource Language Information Processing},
  year={2024},
  publisher={ACM New York, NY}
}

@article{shi2022low,
  title={Low-resource neural machine translation: Methods and trends},
  author={Shi, Shumin and Wu, Xing and Su, Rihai and Huang, Heyan},
  journal={ACM Transactions on Asian and Low-Resource Language Information Processing},
  volume={21},
  number={5},
  pages={1--22},
  year={2022},
  publisher={ACM New York, NY}
}


@article{mahmud2023cyberbullying,
  title={Cyberbullying detection for low-resource languages and dialects: Review of the state of the art},
  author={Mahmud, Tanjim and Ptaszynski, Michal and Eronen, Juuso and Masui, Fumito},
  journal={Information Processing \& Management},
  volume={60},
  number={5},
  pages={103454},
  year={2023},
  publisher={Elsevier}
}


@article{meshamlow,
  title={Low Resource Language Modelling Literature Review},
  author={Mesham, Stuart}
}


@inproceedings{girija2023analysis,
  title={Analysis of Sentiments in Low Resource Languages: Challenges and Solutions},
  author={Girija, VR and Sudha, T and Cheriyan, Riboy},
  booktitle={2023 IEEE International Conference on Recent Advances in Systems Science and Engineering (RASSE)},
  pages={1--6},
  year={2023},
  organization={IEEE}
}

@article{yusuf2024sentiment,
  title={Sentiment Analysis in Low-Resource Settings: A Comprehensive Review of Approaches, Languages, and Data Sources},
  author={Yusuf, Aliyu and Sarlan, Aliza and Danyaro, Kamaluddeen Usman and Rahman, Abdullahi Sani BA and Abdullahi, Mujaheed},
  journal={IEEE Access},
  year={2024},
  publisher={IEEE}
}

@article{wang2024monolingual,
  title={Monolingual and Multilingual Misinformation Detection for Low-Resource Languages: A Comprehensive Survey},
  author={Wang, Xinyu and Zhang, Wenbo and Rajtmajer, Sarah},
  journal={arXiv preprint arXiv:2410.18390},
  year={2024}
}


@inproceedings{ortega2021love,
  title={Love thy neighbor: combining two neighboring low-resource languages for translation},
  author={Ortega, John E and Mamani, Richard Alexander Castro and Samame, Jaime Rafael Montoya},
  booktitle={Proceedings of the 4th Workshop on Technologies for MT of Low Resource Languages (LoResMT2021)},
  pages={44--51},
  year={2021}
}


@article{nigatu2024zeno,
  title={The Zeno's Paradox ofLow-Resource'Languages},
  author={Nigatu, Hellina Hailu and Tonja, Atnafu Lambebo and Rosman, Benjamin and Solorio, Thamar and Choudhury, Monojit},
  journal={arXiv preprint arXiv:2410.20817},
  year={2024}
}


@article{kazemi2024cultural,
  title={Cultural Fidelity in Large-Language Models: An Evaluation of Online Language Resources as a Driver of Model Performance in Value Representation},
  author={Kazemi, Sharif and Gerhardt, Gloria and Katz, Jonty and Kuria, Caroline Ida and Pan, Estelle and Prabhakar, Umang},
  journal={arXiv preprint arXiv:2410.10489},
  year={2024}
}


%###### on the 3 languages 
@book{bauer2007linguistics,
  title={Linguistics Student's Handbook},
  author={Bauer, Laurie},
  year={2007},
  publisher={Edinburgh University Press}
}

@article{philips2004hausa,
  title={Hausa in the twentieth century: An overview},
  author={Philips, John Edward},
  journal={Sudanic Africa},
  volume={15},
  pages={55--84},
  year={2004},
  publisher={JSTOR}
}


@article{goldsmith1976autosegmental,
  title={Autosegmental phonology},
  author={Goldsmith, JOHN},
  journal={Indiana University},
  year={1976}
}


@book{clark2011tonal,
  title={The tonal system of Igbo},
  author={Clark, Mary M},
  volume={10},
  year={2011},
  publisher={Walter de Gruyter}
}

%% more on LRLs: 

@article{gururangan2020don,
  title={Don't stop pretraining: Adapt language models to domains and tasks},
  author={Gururangan, Suchin and Marasovi{\'c}, Ana and Swayamdipta, Swabha and Lo, Kyle and Beltagy, Iz and Downey, Doug and Smith, Noah A},
  journal={arXiv preprint arXiv:2004.10964},
  year={2020}
}

@article{muller2020being,
  title={When being unseen from mBERT is just the beginning: Handling new languages with multilingual language models},
  author={Muller, Benjamin and Anastasopoulos, Antonis and Sagot, Beno{\^\i}t and Seddah, Djam{\'e}},
  journal={arXiv preprint arXiv:2010.12858},
  year={2020}
}

@inproceedings{jiang2023low,
  title={“Low-resource” text classification: A parameter-free classification method with compressors},
  author={Jiang, Zhiying and Yang, Matthew and Tsirlin, Mikhail and Tang, Raphael and Dai, Yiqin and Lin, Jimmy},
  booktitle={Findings of the Association for Computational Linguistics: ACL 2023},
  pages={6810--6828},
  year={2023}
}

@article{fadaee2017data,
  title={Data augmentation for low-resource neural machine translation},
  author={Fadaee, Marzieh and Bisazza, Arianna and Monz, Christof},
  journal={arXiv preprint arXiv:1705.00440},
  year={2017}
}

@article{adelani2021masakhaner,
  title={MasakhaNER: Named entity recognition for African languages},
  author={Adelani, David Ifeoluwa and Abbott, Jade and Neubig, Graham and D’souza, Daniel and Kreutzer, Julia and Lignos, Constantine and Palen-Michel, Chester and Buzaaba, Happy and Rijhwani, Shruti and Ruder, Sebastian and others},
  journal={Transactions of the Association for Computational Linguistics},
  volume={9},
  pages={1116--1131},
  year={2021},
  publisher={MIT Press One Rogers Street, Cambridge, MA 02142-1209, USA journals-info~…}
}

@article{dossou2022afrolm,
  title={AfroLM: A self-active learning-based multilingual pretrained language model for 23 African languages},
  author={Dossou, Bonaventure FP and Tonja, Atnafu Lambebo and Yousuf, Oreen and Osei, Salomey and Oppong, Abigail and Shode, Iyanuoluwa and Awoyomi, Oluwabusayo Olufunke and Emezue, Chris Chinenye},
  journal={arXiv preprint arXiv:2211.03263},
  year={2022}
}

@article{dabre2020survey,
  title={A survey of multilingual neural machine translation},
  author={Dabre, Raj and Chu, Chenhui and Kunchukuttan, Anoop},
  journal={ACM Computing Surveys (CSUR)},
  volume={53},
  number={5},
  pages={1--38},
  year={2020},
  publisher={ACM New York, NY, USA}
}

@article{remy2024trans,
  title={Trans-tokenization and cross-lingual vocabulary transfers: Language adaptation of LLMs for low-resource NLP},
  author={Remy, Fran{\c{c}}ois and Delobelle, Pieter and Avetisyan, Hayastan and Khabibullina, Alfiya and de Lhoneux, Miryam and Demeester, Thomas},
  journal={arXiv preprint arXiv:2408.04303},
  year={2024}
}

%https://www.britannica.com/topic/Chadic-languages/additional-info#history 
%\footnote{see \url{https://www.britannica.com/topic/Chadic-languages}
@article{britannica2014,
  title={Chadic Languages},
  author={Wolff, H. Ekkehard},
  publisher={Britannica},
  year={2014}
}

%http://aflang.humanities.ucla.edu/language-materials/chadic-languages/hausa/hausa-poetry-song/
@article{hausapoetry,
  title={Hausa Poetry and Songs - An Introduction to Hausa Poetry and Song},
  author={UCLA},
  publisher={Teaching and Research - African Languages}
  %year={2014}
}

%https://www.ethnologue.com/
@article{globallang2025,
  title={Languages of the World},
  author={Ethnologue},
  year={03-02-2025}
}


%https://www.peacetechlab.org/nigeria-hate-speech-lexicon


%#################### NEW ADDITION - NAIJA ONLY 
@article{muhammad2025afrihate,
  title={AfriHate: A Multilingual Collection of Hate Speech and Abusive Language Datasets for African Languages},
  author={Muhammad, Shamsuddeen Hassan and Abdulmumin, Idris and Ayele, Abinew Ali and Adelani, David Ifeoluwa and Ahmad, Ibrahim Said and Aliyu, Saminu Mohammad and Onyango, Nelson Odhiambo and Wanzare, Lilian DA and Rutunda, Samuel and Aliyu, Lukman Jibril and others},
  journal={arXiv preprint arXiv:2501.08284},
  year={2025}
}

@article{adam2024detection,
  title={Detection and Analysis of Offensive Online Content in Hausa Language},
  author={Adam, Fatima Muhammad and Zandam, Abubakar Yakubu and Inuwa-Dutse, Isa},
  journal={arXiv preprint arXiv:2501.08284},
  year={2024}
}

https://www.masakhane.io/ongoing-projects/naijanlp-sentiment-lexicon-hate-speech 
Sentiment analysis is a novel field of research in Natural Language Processing (NLP) that deals with the identification and classification of people’s opinions and sentiments about products and services contained in a piece of text, usually in web data . While there are various language resources for sentiment analysis, most of them are for English, Chinese, and European languages. In Nigeria, the Hausa, the Yoruba and the Igbo languages are the most widely spoken languages in Nigeria, with over 150 million speakers in Nigeria alone. These languages are also widely used in other African countries. However, despite the huge amount of data generated in these languages through social media, language resources for sentiment analysis remains untapped. Consequently, in this research, we seek to develop a corpus, sentiment lexicon, and hate speech lexicon for Hausa, Yoruba and  Igbo languages.


%########### abusive term in Hausa - past studies 
@article{yalwa1992socio,
  title={Socio-cultural and linguistic implications of abusive expressions in Hausa},
  author={Yalwa, Lawan Danladi},
  journal={Ufahamu: A Journal of African Studies},
  volume={20},
  number={1},
  year={1992}
}



































































