@InProceedings{dreamfusion,
  title = {DreamFusion: Text-to-3D using 2D Diffusion},
  author = {Poole, Ben and Jain, Ajay and Barron, Jonathan T. and Mildenhall, Ben},
  booktitle = {International Conference on Learning Representations},
  year = {2023},
  url = {https://openreview.net/forum?id=FjNys5c7VyY},
}
}@InProceedings{magic3d,
  author = {Lin, Chen-Hsuan and Gao, Jun and Tang, Luming and Takikawa, Towaki and Zeng, Xiaohui and Huang, Xun and Kreis, Karsten and Fidler, Sanja and Liu, Ming-Yu and Lin, Tsung-Yi},
  title = {Magic3D: High-Resolution Text-to-3D Content Creation},
  booktitle = {Proceedings of the IEEE/CVF Conference on Computer Vision and Pattern Recognition (CVPR)},
  month = {June},
  year = {2023},
  pages = {300-309}
}
@misc{HiFA,
      title={HiFA: High-fidelity Text-to-3D Generation with Advanced Diffusion Guidance}, 
      author={Junzhe Zhu and Peiye Zhuang and Sanmi Koyejo},
      year={2024},
      eprint={2305.18766},
      archivePrefix={arXiv},
      primaryClass={cs.CV},
      url={https://arxiv.org/abs/2305.18766}, 
}
@inproceedings{SyncDreamer,
  title={SyncDreamer: Generating Multiview-consistent Images from a Single-view Image},
  author={Liu, Yuan and Lin, Cheng and Zeng, Zijiao and Long, Xiaoxiao and Liu, Lingjie and Komura, Taku and Wang, Wenping},
  booktitle={International Conference on Learning Representations (ICLR)},
  year={2024},
  note={Spotlight}
}
@misc{autod,
      title={AttnGrounder: Talking to Cars with Attention}, 
      author={Vivek Mittal},
      year={2020},
      eprint={2009.05684},
      archivePrefix={arXiv},
      primaryClass={cs.CV},
      url={https://arxiv.org/abs/2009.05684}, 
}
@article{Bermejo2021,
  author    = {Carlos Bermejo and Lik-Hang Lee and Paul Chojecki and David Przewozny and Pan Hui},
  title     = {Exploring Button Designs for Mid-air Interaction in Virtual Reality: A Hexa-metric Evaluation of Key Representations and Multi-modal Cues},
  journal   = {Proceedings of the ACM on Human-Computer Interaction},
  volume    = {5},
  number    = {EICS},
  pages     = {194:1--194:26},
  year      = {2021},
  doi       = {10.1145/3457141}
}
@incollection{world1,
    title = {Recurrent World Models Facilitate Policy Evolution},
    author = {Ha, David and Schmidhuber, J{\"u}rgen},
    booktitle = {Advances in Neural Information Processing Systems 31},
    pages = {2451--2463},
    year = {2018},
    publisher = {Curran Associates, Inc.},
    note = "\url{https://worldmodels.github.io}",
}
@inproceedings{world2,
    title={Transformers are Sample-Efficient World Models},
    author={Vincent Micheli and Eloi Alonso and Fran{\c{c}}ois Fleuret},
    booktitle={The Eleventh International Conference on Learning Representations },
    year={2023},
    url={https://openreview.net/forum?id=vhFu1Acb0xb}
}
@misc{world3,
    title={World Model as a Graph: Learning Latent Landmarks for Planning}, 
    author={Lunjun Zhang and Ge Yang and Bradly C. Stadie},
    year={2021},
    eprint={2011.12491},
    archivePrefix={arXiv},
    primaryClass={cs.AI}
}
@misc{CompoNeRF,
      title={CompoNeRF: Text-guided Multi-object Compositional NeRF with Editable 3D Scene Layout}, 
      author={Haotian Bai and Yuanhuiyi Lyu and Lutao Jiang and Sijia Li and Haonan Lu and Xiaodong Lin and Lin Wang},
      year={2024},
      eprint={2303.13843},
      archivePrefix={arXiv},
      primaryClass={cs.CV},
      url={https://arxiv.org/abs/2303.13843}, 
}
@misc{po2023compositional3dscenegeneration,
      title={Compositional 3D Scene Generation using Locally Conditioned Diffusion}, 
      author={Ryan Po and Gordon Wetzstein},
      year={2023},
      eprint={2303.12218},
      archivePrefix={arXiv},
      primaryClass={cs.CV},
      url={https://arxiv.org/abs/2303.12218}, 
}
@misc{Set-the-Scene,
      title={Set-the-Scene: Global-Local Training for Generating Controllable NeRF Scenes}, 
      author={Dana Cohen-Bar and Elad Richardson and Gal Metzer and Raja Giryes and Daniel Cohen-Or},
      year={2023},
      eprint={2303.13450},
      archivePrefix={arXiv},
      primaryClass={cs.CV},
      url={https://arxiv.org/abs/2303.13450}, 
}
@inproceedings{NeRF,
  title={NeRF: Representing Scenes as Neural Radiance Fields for View Synthesis},
  author={B. Mildenhall and P. P. Srinivasan and M. Tancik and J. Barron and R. Ramamoorthi and R. Ng},
  booktitle={European Conference on Computer Vision (ECCV)},
  year={2020},
  url={https://arxiv.org/abs/2003.08934}
}
@inproceedings{SCENECRAFT,
author = {Kumaran, Vikram and Rowe, Jonathan and Mott, Bradford and Lester, James},
title = {SCENECRAFT: automating interactive narrative scene generation in digital games with large language models},
year = {2023},
isbn = {1-57735-883-X},
publisher = {AAAI Press},
url = {https://doi.org/10.1609/aiide.v19i1.27504},
doi = {10.1609/aiide.v19i1.27504},
booktitle = {Proceedings of the Nineteenth AAAI Conference on Artificial Intelligence and Interactive Digital Entertainment},
articleno = {9},
numpages = {11},
location = {Salt Lake City},
series = {AIIDE '23}
}
@misc{Holodeck,
      title={Holodeck: Language Guided Generation of 3D Embodied AI Environments}, 
      author={Yue Yang and Fan-Yun Sun and Luca Weihs and Eli VanderBilt and Alvaro Herrasti and Winson Han and Jiajun Wu and Nick Haber and Ranjay Krishna and Lingjie Liu and Chris Callison-Burch and Mark Yatskar and Aniruddha Kembhavi and Christopher Clark},
      year={2024},
      eprint={2312.09067},
      archivePrefix={arXiv},
      primaryClass={cs.CV},
      url={https://arxiv.org/abs/2312.09067}, 
}
@article{Splatting,
      title={3D Gaussian Splatting for Real-Time Radiance Field Rendering},
      author={Kerbl, Bernhard and Kopanas, Georgios and Leimkühler, Thomas and Drettakis, George},
      journal={ACM Transactions on Graphics},
      volume={42},
      number={4},
      year={2023},
      pages={139:1--139:14},
      doi={10.1145/3588432.3591417}
}
@article{Gala3d,
  title={Gala3d: Towards text-to-3d complex scene generation via layout-guided generative gaussian splatting},
  author={Zhou, Xiaoyu and Ran, Xingjian and Xiong, Yajiao and He, Jinlin and Lin, Zhiwei and Wang, Yongtao and Sun, Deqing and Yang, Ming-Hsuan},
  journal={arXiv preprint arXiv:2402.07207},
  year={2024}
}
@article{Cg3d,
  title={Cg3d: Compositional generation for text-to-3d via gaussian splatting},
  author={Vilesov, Alexander and Chari, Pradyumna and Kadambi, Achuta},
  journal={arXiv preprint arXiv:2311.17907},
  year={2023}
}
@article{chung2023luciddreamer,
  title={LucidDreamer: Domain-free Generation of 3D Gaussian Splatting Scenes},
  author={Chung, Jaeyoung and Lee, Suyoung and Nam, Hyeongjin and Lee, Jaerin and Lee, Kyoung Mu},
  journal={arXiv preprint arXiv:2311.13384},
  year={2023}
}
@inproceedings{RealmDreamer,
        title={RealmDreamer: Text-Driven 3D Scene Generation with 
                Inpainting and Depth Diffusion},
        author={Jaidev Shriram and Alex Trevithick and Lingjie Liu and Ravi Ramamoorthi},
        journal={International Conference on 3D Vision (3DV)},
        year={2025}
}
@article{DreamGaussian,
  title={DreamGaussian: Generative Gaussian Splatting for Efficient 3D Content Creation},
  author={Tang, Jiaxiang and Ren, Jiawei and Zhou, Hang and Liu, Ziwei and Zeng, Gang},
  journal={arXiv preprint arXiv:2309.16653},
  year={2023}
}
@misc{stablediffusion,
      title={High-Resolution Image Synthesis with Latent Diffusion Models}, 
      author={Robin Rombach and Andreas Blattmann and Dominik Lorenz and Patrick Esser and Björn Ommer},
      year={2021},
      eprint={2112.10752},
      archivePrefix={arXiv},
      primaryClass={cs.CV}
}
@article{MVDream,
  author = {Shi, Yichun and Wang, Peng and Ye, Jianglong and Mai, Long and Li, Kejie and Yang, Xiao},
  title = {MVDream: Multi-view Diffusion for 3D Generation},
  journal = {arXiv:2308.16512},
  year = {2023},
}
@inproceedings{gan1,
  title={Generative multiplane images: Making a 2d gan 3d-aware},
  author={Zhao, Xiaoming and Ma, Fangchang and G{\"u}era, David and Ren, Zhile and Schwing, Alexander G and Colburn, Alex},
  booktitle={European conference on computer vision},
  pages={18--35},
  year={2022},
  organization={Springer}
}
@inproceedings{gan2,
  title={3d gan inversion with pose optimization},
  author={Ko, Jaehoon and Cho, Kyusun and Choi, Daewon and Ryoo, Kwangrok and Kim, Seungryong},
  booktitle={Proceedings of the IEEE/CVF Winter Conference on Applications of Computer Vision},
  pages={2967--2976},
  year={2023}
}
@inproceedings{VAE1,
  title={Nerf-vae: A geometry aware 3d scene generative model},
  author={Kosiorek, Adam R and Strathmann, Heiko and Zoran, Daniel and Moreno, Pol and Schneider, Rosalia and Mokr{\'a}, Sona and Rezende, Danilo Jimenez},
  booktitle={International Conference on Machine Learning},
  pages={5742--5752},
  year={2021},
  organization={PMLR}
}
@article{VAE2,
  title={Ig-VAE: Generative modeling of protein structure by direct 3D coordinate generation},
  author={Eguchi, Raphael R and Choe, Christian A and Huang, Po-Ssu},
  journal={PLoS computational biology},
  volume={18},
  number={6},
  pages={e1010271},
  year={2022},
  publisher={Public Library of Science San Francisco, CA USA}
}
@article{delatorre2023llmr,
title={LLMR: Real-time Prompting of Interactive Worlds using Large Language Models},
author={Fernanda De La Torre and Cathy Mengying Fang and Han Huang and Andrzej Banburski-Fahey and Judith Amores Fernandez and Jaron Lanier},
year={2023},
eprint={2309.12276},
archivePrefix={arXiv},
primaryClass={cs.HC}
}
@misc{3D-GPT,
      title={3D-GPT: Procedural 3D Modeling with Large Language Models}, 
      author={Chunyi Sun and Junlin Han and Weijian Deng and Xinlong Wang and Zishan Qin and Stephen Gould},
      year={2024},
      eprint={2310.12945},
      archivePrefix={arXiv},
      primaryClass={cs.CV},
      url={https://arxiv.org/abs/2310.12945}, 
}
@misc{openai2023gpt4v,
  author = {OpenAI},
  title = {GPT-4V(ision) System Card},
  year = {2023},
  note = {Version 1.0},
  url = {https://openai.com/research/gpt-4}
}
@article{clip,
  title={Learning Transferable Visual Models From Natural Language Supervision},
  author={Alec Radford and Jong Wook Kim and Chris Hallacy and Aditya Ramesh and Gabriel Goh and Sandhini Agarwal and Girish Sastry and Amanda Askell and Pamela Mishkin and Jack Clark and Gretchen Krueger and Ilya Sutskever},
  journal={Proceedings of the 38th International Conference on Machine Learning},
  year={2021},
  url={https://arxiv.org/abs/2103.00020}
}
@misc{gsgen,
      title={Text-to-3D using Gaussian Splatting}, 
      author={Zilong Chen and Feng Wang and Yikai Wang and Huaping Liu},
      year={2024},
      eprint={2309.16585},
      archivePrefix={arXiv},
      primaryClass={cs.CV},
      url={https://arxiv.org/abs/2309.16585}, 
}
@article{sjc,
      title={Score Jacobian Chaining: Lifting Pretrained 2D Diffusion Models for 3D Generation},
      author={Wang, Haochen and Du, Xiaodan and Li, Jiahao and Yeh, Raymond A. and Shakhnarovich, Greg},
      journal={arXiv preprint arXiv:2212.00774},
      year={2022},
}
@article{metzer2022latent,
  title={Latent-NeRF for Shape-Guided Generation of 3D Shapes and Textures},
  author={Metzer, Gal and Richardson, Elad and Patashnik, Or and Giryes, Raja and Cohen-Or, Daniel},
  journal={arXiv preprint arXiv:2211.07600},
  year={2022}
}\@InProceedings{chen2023fantasia3d,
  author={Chen, Rui and Chen, Yongwei and Jiao, Ningxin and Jia, Kui},
  title={Fantasia3D: Disentangling Geometry and Appearance for High-quality Text-to-3D Content Creation},
  booktitle={Proceedings of the IEEE/CVF International Conference on Computer Vision (ICCV)},
  month={October},
  year={2023},
  pages={22246-22256}
}
@article{wang2023prolificdreamer,
      title={ProlificDreamer: High-Fidelity and Diverse Text-to-3D Generation with Variational Score Distillation},
      author={Zhengyi Wang and Cheng Lu and Yikai Wang and Fan Bao and Chongxuan Li and Hang Su and Jun Zhu},
      journal={arXiv preprint arXiv:2305.16213},
      year={2023}
}
@inproceedings{GeoDream1,
    title = {GeoDream: Disentangling 2D and Geometric Priors for High-Fidelity and Consistent 3D Generation},
    author = {Baorui Ma and Haoge Deng and Junsheng Zhou and Yu-Shen Liu and Tiejun Huang and Xinlong Wang},
    journal={arXiv preprint arXiv:2311.17971},
    year={2023}
}
@inproceedings{qiu2024richdreamer,
  title={Richdreamer: A generalizable normal-depth diffusion model for detail richness in text-to-3d},
  author={Qiu, Lingteng and Chen, Guanying and Gu, Xiaodong and Zuo, Qi and Xu, Mutian and Wu, Yushuang and Yuan, Weihao and Dong, Zilong and Bo, Liefeng and Han, Xiaoguang},
  booktitle={Proceedings of the IEEE/CVF Conference on Computer Vision and Pattern Recognition},
  pages={9914--9925},
  year={2024}
}
@article{jain2021dreamfields,
  author = {Jain, Ajay and Mildenhall, Ben and Barron, Jonathan T. and Abbeel, Pieter and Poole, Ben},
  title = {Zero-Shot Text-Guided Object Generation with Dream Fields},
  joural = {CVPR},
  year = {2022},
}
@article{ferreira2022gan,
  title={GAN-based generation of realistic 3D data: A systematic review and taxonomy},
  author={Ferreira, Andr{\'e} and Li, Jianning and Pomykala, Kelsey L and Kleesiek, Jens and Alves, Victor and Egger, Jan},
  journal={arXiv preprint arXiv:2207.01390},
  year={2022}
}
@inproceedings{petrovich2021action,
  title={Action-conditioned 3d human motion synthesis with transformer vae},
  author={Petrovich, Mathis and Black, Michael J and Varol, G{\"u}l},
  booktitle={Proceedings of the IEEE/CVF International Conference on Computer Vision},
  pages={10985--10995},
  year={2021}
}
@misc{he2023t3bench,
    title={T$^3$Bench: Benchmarking Current Progress in Text-to-3D Generation}, 
    author={Yuze He and Yushi Bai and Matthieu Lin and Wang Zhao and Yubin Hu and Jenny Sheng and Ran Yi and Juanzi Li and Yong-Jin Liu},
    year={2023},
    eprint={2310.02977},
    archivePrefix={arXiv},
    primaryClass={cs.CV}
}
@misc{wei2023chainofthoughtpromptingelicitsreasoning,
      title={Chain-of-Thought Prompting Elicits Reasoning in Large Language Models}, 
      author={Jason Wei and Xuezhi Wang and Dale Schuurmans and Maarten Bosma and Brian Ichter and Fei Xia and Ed Chi and Quoc Le and Denny Zhou},
      year={2023},
      eprint={2201.11903},
      archivePrefix={arXiv},
      primaryClass={cs.CL},
      url={https://arxiv.org/abs/2201.11903}, 
}