@article{Gala3d,
  title={Gala3d: Towards text-to-3d complex scene generation via layout-guided generative gaussian splatting},
  author={Zhou, Xiaoyu and Ran, Xingjian and Xiong, Yajiao and He, Jinlin and Lin, Zhiwei and Wang, Yongtao and Sun, Deqing and Yang, Ming-Hsuan},
  journal={arXiv preprint arXiv:2402.07207},
  year={2024}
}

@misc{Holodeck,
      title={Holodeck: Language Guided Generation of 3D Embodied AI Environments}, 
      author={Yue Yang and Fan-Yun Sun and Luca Weihs and Eli VanderBilt and Alvaro Herrasti and Winson Han and Jiajun Wu and Nick Haber and Ranjay Krishna and Lingjie Liu and Chris Callison-Burch and Mark Yatskar and Aniruddha Kembhavi and Christopher Clark},
      year={2024},
      eprint={2312.09067},
      archivePrefix={arXiv},
      primaryClass={cs.CV},
      url={https://arxiv.org/abs/2312.09067}, 
}

@article{MVDream,
  author = {Shi, Yichun and Wang, Peng and Ye, Jianglong and Mai, Long and Li, Kejie and Yang, Xiao},
  title = {MVDream: Multi-view Diffusion for 3D Generation},
  journal = {arXiv:2308.16512},
  year = {2023},
}

@inproceedings{SCENECRAFT,
author = {Kumaran, Vikram and Rowe, Jonathan and Mott, Bradford and Lester, James},
title = {SCENECRAFT: automating interactive narrative scene generation in digital games with large language models},
year = {2023},
isbn = {1-57735-883-X},
publisher = {AAAI Press},
url = {https://doi.org/10.1609/aiide.v19i1.27504},
doi = {10.1609/aiide.v19i1.27504},
booktitle = {Proceedings of the Nineteenth AAAI Conference on Artificial Intelligence and Interactive Digital Entertainment},
articleno = {9},
numpages = {11},
location = {Salt Lake City},
series = {AIIDE '23}
}

@article{Splatting,
      title={3D Gaussian Splatting for Real-Time Radiance Field Rendering},
      author={Kerbl, Bernhard and Kopanas, Georgios and Leimkühler, Thomas and Drettakis, George},
      journal={ACM Transactions on Graphics},
      volume={42},
      number={4},
      year={2023},
      pages={139:1--139:14},
      doi={10.1145/3588432.3591417}
}

@inproceedings{VAE1,
  title={Nerf-vae: A geometry aware 3d scene generative model},
  author={Kosiorek, Adam R and Strathmann, Heiko and Zoran, Daniel and Moreno, Pol and Schneider, Rosalia and Mokr{\'a}, Sona and Rezende, Danilo Jimenez},
  booktitle={International Conference on Machine Learning},
  pages={5742--5752},
  year={2021},
  organization={PMLR}
}

@article{VAE2,
  title={Ig-VAE: Generative modeling of protein structure by direct 3D coordinate generation},
  author={Eguchi, Raphael R and Choe, Christian A and Huang, Po-Ssu},
  journal={PLoS computational biology},
  volume={18},
  number={6},
  pages={e1010271},
  year={2022},
  publisher={Public Library of Science San Francisco, CA USA}
}

@article{chung2023luciddreamer,
  title={LucidDreamer: Domain-free Generation of 3D Gaussian Splatting Scenes},
  author={Chung, Jaeyoung and Lee, Suyoung and Nam, Hyeongjin and Lee, Jaerin and Lee, Kyoung Mu},
  journal={arXiv preprint arXiv:2311.13384},
  year={2023}
}

@article{ferreira2022gan,
  title={GAN-based generation of realistic 3D data: A systematic review and taxonomy},
  author={Ferreira, Andr{\'e} and Li, Jianning and Pomykala, Kelsey L and Kleesiek, Jens and Alves, Victor and Egger, Jan},
  journal={arXiv preprint arXiv:2207.01390},
  year={2022}
}

@inproceedings{gan1,
  title={Generative multiplane images: Making a 2d gan 3d-aware},
  author={Zhao, Xiaoming and Ma, Fangchang and G{\"u}era, David and Ren, Zhile and Schwing, Alexander G and Colburn, Alex},
  booktitle={European conference on computer vision},
  pages={18--35},
  year={2022},
  organization={Springer}
}

@inproceedings{gan2,
  title={3d gan inversion with pose optimization},
  author={Ko, Jaehoon and Cho, Kyusun and Choi, Daewon and Ryoo, Kwangrok and Kim, Seungryong},
  booktitle={Proceedings of the IEEE/CVF Winter Conference on Applications of Computer Vision},
  pages={2967--2976},
  year={2023}
}

@misc{openai2023gpt4v,
  author = {OpenAI},
  title = {GPT-4V(ision) System Card},
  year = {2023},
  note = {Version 1.0},
  url = {https://openai.com/research/gpt-4}
}

@inproceedings{petrovich2021action,
  title={Action-conditioned 3d human motion synthesis with transformer vae},
  author={Petrovich, Mathis and Black, Michael J and Varol, G{\"u}l},
  booktitle={Proceedings of the IEEE/CVF International Conference on Computer Vision},
  pages={10985--10995},
  year={2021}
}

@misc{stablediffusion,
      title={High-Resolution Image Synthesis with Latent Diffusion Models}, 
      author={Robin Rombach and Andreas Blattmann and Dominik Lorenz and Patrick Esser and Björn Ommer},
      year={2021},
      eprint={2112.10752},
      archivePrefix={arXiv},
      primaryClass={cs.CV}
}

