@inproceedings{yoo2015emotional,
  title={Emotional responses of tactile icons: Effects of amplitude, frequency, duration, and envelope},
  author={Yoo, Yongjae and Yoo, Taekbeom and Kong, Jihyun and Choi, Seungmoon},
  booktitle={2015 IEEE World Haptics Conference (WHC)},
  pages={235--240},
  year={2015},
  organization={IEEE}
}

@inproceedings{seifi2013first,
  title={A first look at individuals' affective ratings of vibrations},
  author={Seifi, Hasti and Maclean, Karon E},
  booktitle={2013 World Haptics Conference (WHC)},
  pages={605--610},
  year={2013},
  organization={IEEE}
}

@inproceedings{seifi2015vibviz,
  title={VibViz: Organizing, visualizing and navigating vibration libraries},
  author={Seifi, Hasti and Zhang, Kailun and MacLean, Karon E},
  booktitle={2015 IEEE World Haptics Conference (WHC)},
  pages={254--259},
  year={2015},
  organization={IEEE}
}

@article{seifi2017exploiting,
  title={Exploiting haptic facets: Users' sensemaking schemas as a path to design and personalization of experience},
  author={Seifi, Hasti and MacLean, Karon E},
  journal={International Journal of Human-Computer Studies},
  volume={107},
  pages={38--61},
  year={2017},
  publisher={Elsevier}
}

@inproceedings{lim2023can,
  title={Can a computer tell differences between vibrations?: Physiology-based computational model for perceptual dissimilarity prediction},
  author={Lim, Chungman and Park, Gunhyuk},
  booktitle={Proceedings of the 2023 CHI Conference on Human Factors in Computing Systems},
  pages={1--15},
  year={2023}
}

@inproceedings{awan2023predicting,
  title={Predicting Perceptual Haptic Attributes of Textured Surface from Tactile Data Based on Deep CNN-LSTM Network},
  author={Awan, Mudassir Ibrahim and Hassan, Waseem and Jeon, Seokhee},
  booktitle={Proceedings of the 29th ACM Symposium on Virtual Reality Software and Technology},
  pages={1--9},
  year={2023}
}

@article{richardson2020learning,
  title={Learning to predict perceptual distributions of haptic adjectives},
  author={Richardson, Benjamin A and Kuchenbecker, Katherine J},
  journal={Frontiers in Neurorobotics},
  volume={13},
  pages={116},
  year={2020},
  publisher={Frontiers Media SA}
}

@article{cho2014learning,
  title={Learning phrase representations using RNN encoder-decoder for statistical machine translation},
  author={Cho, Kyunghyun and Van Merri{\"e}nboer, Bart and Gulcehre, Caglar and Bahdanau, Dzmitry and Bougares, Fethi and Schwenk, Holger and Bengio, Yoshua},
  journal={arXiv preprint arXiv:1406.1078},
  year={2014}
}

@inproceedings{park2011perceptual,
  title={Perceptual space of amplitude-modulated vibrotactile stimuli},
  author={Park, Gunhyuk and Choi, Seungmoon},
  booktitle={2011 IEEE world haptics conference},
  pages={59--64},
  year={2011},
  organization={IEEE}
}

@inproceedings{ternes2008designing,
  title={Designing large sets of haptic icons with rhythm},
  author={Ternes, David and MacLean, Karon E},
  booktitle={Haptics: Perception, Devices and Scenarios: 6th International Conference, EuroHaptics 2008 Madrid, Spain, June 10-13, 2008 Proceedings 6},
  pages={199--208},
  year={2008},
  organization={Springer}
}

@inproceedings{he2016deep,
  title={Deep residual learning for image recognition},
  author={He, Kaiming and Zhang, Xiangyu and Ren, Shaoqing and Sun, Jian},
  booktitle={Proceedings of the IEEE conference on computer vision and pattern recognition},
  pages={770--778},
  year={2016}
}

@article{choi2012vibrotactile,
  title={Vibrotactile display: Perception, technology, and applications},
  author={Choi, Seungmoon and Kuchenbecker, Katherine J},
  journal={Proceedings of the IEEE},
  volume={101},
  number={9},
  pages={2093--2104},
  year={2012},
  publisher={IEEE}
}

@article{lederman2009haptic,
  title={Haptic perception: A tutorial},
  author={Lederman, Susan J and Klatzky, Roberta L},
  journal={Attention, Perception, \& Psychophysics},
  volume={71},
  number={7},
  pages={1439--1459},
  year={2009},
  publisher={Springer}
}

@article{lim4785071emotional,
  title={Emotional and Sensory Ratings of Vibration Tactons in the Lab and Crowdsourced Settings},
  author={Lim, Chungman and Kim, Gyeongdeok and Shetty, Yatiraj and McDaniel, Troy and Seifi, Hasti and Park, Gunhyuk},
    year={2024},
  journal={Available at SSRN 4785071}
}

@inproceedings{abou2022vibrotactile,
  title={Vibrotactile similarity perception in crowdsourced and lab studies},
  author={Abou Chahine, Ramzi and Kwon, Dongjae and Lim, Chungman and Park, Gunhyuk and Seifi, Hasti},
  booktitle={International Conference on Human Haptic Sensing and Touch Enabled Computer Applications},
  pages={255--263},
  year={2022},
  organization={Springer}
}

@inproceedings{lim2024designing,
  title={Designing Distinguishable Mid-Air Ultrasound Tactons with Temporal Parameters},
  author={Lim, Chungman and Park, Gunhyuk and Seifi, Hasti},
  booktitle={Proceedings of the CHI Conference on Human Factors in Computing Systems},
  pages={1--18},
  year={2024}
}

@inproceedings{sun2017revisiting,
  title={Revisiting unreasonable effectiveness of data in deep learning era},
  author={Sun, Chen and Shrivastava, Abhinav and Singh, Saurabh and Gupta, Abhinav},
  booktitle={Proceedings of the IEEE international conference on computer vision},
  pages={843--852},
  year={2017}
}

@book{goodfellow2016deep,
  title={Deep Learning},
  author={Goodfellow, Ian},
  year={2016},
  publisher={MIT Press}
}

@article{halevy2009unreasonable,
  title={The unreasonable effectiveness of data},
  author={Halevy, Alon and Norvig, Peter and Pereira, Fernando},
  journal={IEEE intelligent systems},
  volume={24},
  number={2},
  pages={8--12},
  year={2009},
  publisher={IEEE}
}

@article{gescheider1996effects,
  title={Effects of stimulus duration on the amplitude difference limen for vibrotaction},
  author={Gescheider, George A and Zwislocki, Jozef J and Rasmussen, Alicia},
  journal={The Journal of the Acoustical Society of America},
  volume={100},
  number={4},
  pages={2312--2319},
  year={1996},
  publisher={Acoustical Society of America}
}

@article{ryu2010psychophysical,
  title={Psychophysical model for vibrotactile rendering in mobile devices},
  author={Ryu, Jonghyun},
  journal={Presence},
  volume={19},
  number={4},
  pages={364--387},
  year={2010},
  publisher={MIT Press}
}

@book{jones2006human,
  title={Human hand function},
  author={Jones, Lynette A and Lederman, Susan J},
  year={2006},
  publisher={Oxford university press}
}

@inproceedings{shen2018natural,
  title={Natural tts synthesis by conditioning wavenet on mel spectrogram predictions},
  author={Shen, Jonathan and Pang, Ruoming and Weiss, Ron J and Schuster, Mike and Jaitly, Navdeep and Yang, Zongheng and Chen, Zhifeng and Zhang, Yu and Wang, Yuxuan and Skerrv-Ryan, Rj and others},
  booktitle={2018 IEEE international conference on acoustics, speech and signal processing (ICASSP)},
  pages={4779--4783},
  year={2018},
  organization={IEEE}
}

@article{meng2019speech,
  title={Speech emotion recognition from 3D log-mel spectrograms with deep learning network},
  author={Meng, Hao and Yan, Tianhao and Yuan, Fei and Wei, Hongwei},
  journal={IEEE access},
  volume={7},
  pages={125868--125881},
  year={2019},
  publisher={IEEE}
}

@article{bowmaker1980visual,
  title={Visual pigments of rods and cones in a human retina.},
  author={Bowmaker, James K and Dartnall, HJk},
  journal={The Journal of physiology},
  volume={298},
  number={1},
  pages={501--511},
  year={1980},
  publisher={Wiley Online Library}
}

@article{krizhevsky2012imagenet,
  title={Imagenet classification with deep convolutional neural networks},
  author={Krizhevsky, Alex and Sutskever, Ilya and Hinton, Geoffrey E},
  journal={Advances in neural information processing systems},
  volume={25},
  year={2012}
}

@article{simonyan2014very,
  title={Very deep convolutional networks for large-scale image recognition},
  author={Simonyan, Karen and Zisserman, Andrew},
  journal={arXiv preprint arXiv:1409.1556},
  year={2014}
}

@inproceedings{obrist2013talking,
  title={Talking about tactile experiences},
  author={Obrist, Marianna and Seah, Sue Ann and Subramanian, Sriram},
  booktitle={Proceedings of the SIGCHI conference on human factors in computing systems},
  pages={1659--1668},
  year={2013}
}

@article{johnson2001roles,
  title={The roles and functions of cutaneous mechanoreceptors},
  author={Johnson, Kenneth O},
  journal={Current opinion in neurobiology},
  volume={11},
  number={4},
  pages={455--461},
  year={2001},
  publisher={Elsevier}
}

@article{kingma2014adam,
  title={Adam: A method for stochastic optimization},
  author={Kingma, Diederik P and Ba, Jimmy},
  journal={arXiv preprint arXiv:1412.6980},
  year={2014}
}

@inproceedings{kohavi1995study,
  title={A study of cross-validation and bootstrap for accuracy estimation and model selection},
  author={Kohavi, Ron and others},
  booktitle={Ijcai},
  volume={14},
  number={2},
  pages={1137--1145},
  year={1995},
  organization={Montreal, Canada}
}

@inproceedings{gao2016deep,
  title={Deep learning for tactile understanding from visual and haptic data},
  author={Gao, Yang and Hendricks, Lisa Anne and Kuchenbecker, Katherine J and Darrell, Trevor},
  booktitle={2016 IEEE international conference on robotics and automation (ICRA)},
  pages={536--543},
  year={2016},
  organization={IEEE}
}

@inproceedings{schneider2016studying,
  title={Studying design process and example use with Macaron, a web-based vibrotactile effect editor},
  author={Schneider, Oliver S and MacLean, Karon E},
  booktitle={2016 IEEE Haptics Symposium (Haptics)},
  pages={52--58},
  year={2016},
  organization={IEEE}
}

@inproceedings{paneels2013tactiped,
  title={TactiPEd: Easy prototyping of tactile patterns},
  author={Pan{\"e}els, Sabrina and Anastassova, Margarita and Brunet, Lucie},
  booktitle={Human-Computer Interaction--INTERACT 2013: 14th IFIP TC 13 International Conference, Cape Town, South Africa, September 2-6, 2013, Proceedings, Part II 14},
  pages={228--245},
  year={2013},
  organization={Springer}
}

@inproceedings{cuartielles2012developing,
  title={Developing visual editors for high-resolution haptic patterns},
  author={Cuartielles, David and G{\"o}ransson, Andreas and Olsson, Tony and Stenslie, St{\aa}le},
  booktitle={The Seventh International Workshop on Haptic and Audio Interaction Design},
  pages={42--44},
  year={2012}
}

@inproceedings{enriquez2003hapticon,
  title={The hapticon editor: a tool in support of haptic communication research},
  author={Enriquez, Mario J and MacLean, Karon E},
  booktitle={11th Symposium on Haptic Interfaces for Virtual Environment and Teleoperator Systems, 2003. HAPTICS 2003. Proceedings.},
  pages={356--362},
  year={2003},
  organization={IEEE}
}

@inproceedings{simard2003best,
  title={Best practices for convolutional neural networks applied to visual document analysis.},
  author={Simard, Patrice Y and Steinkraus, David and Platt, John C and others},
  booktitle={Icdar},
  volume={3},
  number={2003},
  year={2003},
  organization={Edinburgh}
}

@inproceedings{ko2015audio,
  title={Audio augmentation for speech recognition.},
  author={Ko, Tom and Peddinti, Vijayaditya and Povey, Daniel and Khudanpur, Sanjeev},
  booktitle={Interspeech},
  volume={2015},
  pages={3586},
  year={2015}
}

@article{goodfellow2020generative,
  title={Generative adversarial networks},
  author={Goodfellow, Ian and Pouget-Abadie, Jean and Mirza, Mehdi and Xu, Bing and Warde-Farley, David and Ozair, Sherjil and Courville, Aaron and Bengio, Yoshua},
  journal={Communications of the ACM},
  volume={63},
  number={11},
  pages={139--144},
  year={2020},
  publisher={ACM New York, NY, USA}
}

@inproceedings{cubuk2019autoaugment,
  title={Autoaugment: Learning augmentation strategies from data},
  author={Cubuk, Ekin D and Zoph, Barret and Mane, Dandelion and Vasudevan, Vijay and Le, Quoc V},
  booktitle={Proceedings of the IEEE/CVF conference on computer vision and pattern recognition},
  pages={113--123},
  year={2019}
}

@article{park2019specaugment,
  title={Specaugment: A simple data augmentation method for automatic speech recognition},
  author={Park, Daniel S and Chan, William and Zhang, Yu and Chiu, Chung-Cheng and Zoph, Barret and Cubuk, Ekin D and Le, Quoc V},
  journal={arXiv preprint arXiv:1904.08779},
  year={2019}
}

@article{friesen2023perceived,
  title={Perceived realism of virtual textures rendered by a vibrotactile wearable ring display},
  author={Friesen, Rebecca Fenton and Vardar, Yasemin},
  journal={IEEE Transactions on Haptics},
  year={2023},
  publisher={IEEE}
}

@article{jung2024hapmotion,
  title={HapMotion: motion-to-tactile framework with wearable haptic devices for immersive VR performance experience},
  author={Jung, Kyungeun and Kim, Sangpil and Oh, Seungjae and Yoon, Sang Ho},
  journal={Virtual Reality},
  volume={28},
  number={1},
  pages={13},
  year={2024},
  publisher={Springer}
}

@inproceedings{lee2017exploring,
  title={Exploring the effect of vibrotactile feedback through the floor on social presence in an immersive virtual environment},
  author={Lee, Myungho and Bruder, Gerd and Welch, Gregory F},
  booktitle={2017 IEEE Virtual Reality (VR)},
  pages={105--111},
  year={2017},
  organization={IEEE}
}

@inproceedings{seo2018substituting,
  title={Substituting motion effects with vibrotactile effects for 4D experiences},
  author={Seo, Jongman and Mun, Sunung and Lee, Jaebong and Choi, Seungmoon},
  booktitle={Proceedings of the 2018 CHI conference on human factors in computing systems},
  pages={1--6},
  year={2018}
}

@inproceedings{pezent2019tasbi,
  title={Tasbi: Multisensory squeeze and vibrotactile wrist haptics for augmented and virtual reality},
  author={Pezent, Evan and Israr, Ali and Samad, Majed and Robinson, Shea and Agarwal, Priyanshu and Benko, Hrvoje and Colonnese, Nick},
  booktitle={2019 IEEE World Haptics Conference (WHC)},
  pages={1--6},
  year={2019},
  organization={IEEE}
}

@article{seo2013perceptual,
  title={Perceptual analysis of vibrotactile flows on a mobile device},
  author={Seo, Jongman and Choi, Seungmoon},
  journal={IEEE transactions on haptics},
  volume={6},
  number={4},
  pages={522--527},
  year={2013},
  publisher={IEEE}
}

@inproceedings{singhal2021juicy,
  title={Juicy haptic design: Vibrotactile embellishments can improve player experience in games},
  author={Singhal, Tanay and Schneider, Oliver},
  booktitle={Proceedings of the 2021 chi conference on human factors in computing systems},
  pages={1--11},
  year={2021}
}

@book{brown2007tactons,
  title={Tactons: structured vibrotactile messages for non-visual information display},
  author={Brown, Lorna Margaret},
  year={2007},
  publisher={University of Glasgow (United Kingdom)}
}

@article{turchet2012haptic,
  title={Haptic feedback for enhancing realism of walking simulations},
  author={Turchet, Luca and Burelli, Paolo and Serafin, Stefania},
  journal={IEEE transactions on haptics},
  volume={6},
  number={1},
  pages={35--45},
  year={2012},
  publisher={IEEE}
}

@article{gaffary2018use,
  title={The use of haptic and tactile information in the car to improve driving safety: A review of current technologies},
  author={Gaffary, Yoren and L{\'e}cuyer, Anatole},
  journal={Frontiers in ICT},
  volume={5},
  pages={5},
  year={2018},
  publisher={Frontiers Media SA}
}

@article{ryu2010vibrotactile,
  title={Vibrotactile feedback for information delivery in the vehicle},
  author={Ryu, Jonghyun and Chun, Jaemin and Park, Gunhyuk and Choi, Seungmoon and Han, Sung H},
  journal={IEEE Transactions on Haptics},
  volume={3},
  number={2},
  pages={138--149},
  year={2010},
  publisher={IEEE}
}

@article{katzschmann2018safe,
  title={Safe local navigation for visually impaired users with a time-of-flight and haptic feedback device},
  author={Katzschmann, Robert K and Araki, Brandon and Rus, Daniela},
  journal={IEEE Transactions on Neural Systems and Rehabilitation Engineering},
  volume={26},
  number={3},
  pages={583--593},
  year={2018},
  publisher={IEEE}
}

@inproceedings{schirmer2015shoe,
  title={Shoe me the way: A shoe-based tactile interface for eyes-free urban navigation},
  author={Schirmer, Maximilian and Hartmann, Johannes and Bertel, Sven and Echtler, Florian},
  booktitle={Proceedings of the 17th International Conference on Human-Computer Interaction with Mobile Devices and Services},
  pages={327--336},
  year={2015}
}

@inproceedings{ju2021haptic,
  title={Haptic empathy: Conveying emotional meaning through vibrotactile feedback},
  author={Ju, Yulan and Zheng, Dingding and Hynds, Danny and Chernyshov, George and Kunze, Kai and Minamizawa, Kouta},
  booktitle={Extended Abstracts of the 2021 CHI Conference on Human Factors in Computing Systems},
  pages={1--7},
  year={2021}
}

@inproceedings{changeon2012tactile,
  title={Tactile emotions: A vibrotactile tactile gamepad for transmitting emotional messages to children with autism},
  author={Changeon, Gw{\'e}na{\"e}l and Graeff, Delphine and Anastassova, Margarita and Lozada, Jos{\'e}},
  booktitle={Haptics: Perception, Devices, Mobility, and Communication: International Conference, EuroHaptics 2012, Tampere, Finland, June 13-15, 2012. Proceedings, Part I},
  pages={79--90},
  year={2012},
  organization={Springer}
}

@inproceedings{park2013roles,
  title={The roles of touch during phone conversations: long-distance couples' use of POKE in their homes},
  author={Park, Young-Woo and Baek, Kyoung-Min and Nam, Tek-Jin},
  booktitle={Proceedings of the SIGCHI conference on human factors in computing systems},
  pages={1679--1688},
  year={2013}
}

@inproceedings{van2003distilling,
  title={Distilling the underlying dimensions of tactile melodies},
  author={van Erp, Jan BF and Spap{\'e}, Michiel MA and others},
  booktitle={Proceedings of Eurohaptics},
  volume={2003},
  pages={111--120},
  year={2003}
}

@inproceedings{brown2006multidimensional,
  title={Multidimensional tactons for non-visual information presentation in mobile devices},
  author={Brown, Lorna M and Brewster, Stephen A and Purchase, Helen C},
  booktitle={Proceedings of the 8th conference on Human-computer interaction with mobile devices and services},
  pages={231--238},
  year={2006}
}

@article{maclean2008foundations,
  title={Foundations of transparency in tactile information design},
  author={MacLean, Karon E},
  journal={IEEE Transactions on Haptics},
  volume={1},
  number={2},
  pages={84--95},
  year={2008},
  publisher={IEEE}
}

@article{hassan2019authoring,
  title={Authoring new haptic textures based on interpolation of real textures in affective space},
  author={Hassan, Waseem and Abdulali, Arsen and Jeon, Seokhee},
  journal={IEEE transactions on industrial electronics},
  volume={67},
  number={1},
  pages={667--676},
  year={2019},
  publisher={IEEE}
}

@article{ito2021model,
  title={A model for estimating tactile sensation by machine learning based on vibration information obtained while touching an object},
  author={Ito, Fumiya and Takemura, Kenjiro},
  journal={Sensors},
  volume={21},
  number={23},
  pages={7772},
  year={2021},
  publisher={MDPI}
}

@article{joolee2022deep,
  title={Deep multi-model fusion network based real object tactile understanding from haptic data},
  author={Joolee, Joolekha Bibi and Uddin, Md Azher and Jeon, Seokhee},
  journal={Applied Intelligence},
  volume={52},
  number={14},
  pages={16605--16620},
  year={2022},
  publisher={Springer}
}

@inproceedings{hwang2010perceptual,
  title={Perceptual space and adjective rating of sinusoidal vibrations perceived via mobile device},
  author={Hwang, Inwook and Choi, Seungmoon},
  booktitle={2010 IEEE Haptics Symposium},
  pages={1--8},
  year={2010},
  organization={IEEE}
}

@article{israr2006frequency,
  title={Frequency and amplitude discrimination along the kinesthetic-cutaneous continuum in the presence of masking stimuli},
  author={Israr, Ali and Tan, Hong Z and Reed, Charlotte M},
  journal={The Journal of the Acoustical society of America},
  volume={120},
  number={5},
  pages={2789--2800},
  year={2006},
  publisher={Acoustical Society of America}
}

@inproceedings{tan2019user,
  title={User experience of tactile feedback on a smartphone: Effects of vibration intensity, times and interval},
  author={Tan, Jun and Ge, Yan and Sun, Xianghong and Zhang, Yubo and Liu, Yanfang},
  booktitle={Cross-Cultural Design. Methods, Tools and User Experience: 11th International Conference, CCD 2019, Held as Part of the 21st HCI International Conference, HCII 2019, Orlando, FL, USA, July 26--31, 2019, Proceedings, Part I 21},
  pages={397--406},
  year={2019},
  organization={Springer}
}

@article{yoo2022perceived,
  title={Perceived intensity model of dual-frequency superimposed vibration: Pythagorean sum},
  author={Yoo, Yongjae and Hwang, Inwook and Choi, Seungmoon},
  journal={IEEE Transactions on Haptics},
  volume={15},
  number={2},
  pages={405--415},
  year={2022},
  publisher={IEEE}
}

@article{hwang2017perceptual,
  title={Perceptual space of superimposed dual-frequency vibrations in the hands},
  author={Hwang, Inwook and Seo, Jeongil and Choi, Seungmoon},
  journal={PloS one},
  volume={12},
  number={1},
  pages={e0169570},
  year={2017},
  publisher={Public Library of Science San Francisco, CA USA}
}

@inproceedings{chan2005learning,
  title={Learning and identifying haptic icons under workload},
  author={Chan, Andrew and MacLean, Karon and McGrenere, Joanna},
  booktitle={First Joint Eurohaptics Conference and Symposium on Haptic Interfaces for Virtual Environment and Teleoperator Systems. World Haptics Conference},
  pages={432--439},
  year={2005},
  organization={IEEE}
}

@article{chan2008designing,
  title={Designing haptic icons to support collaborative turn-taking},
  author={Chan, Andrew and MacLean, Karon and McGrenere, Joanna},
  journal={International Journal of Human-Computer Studies},
  volume={66},
  number={5},
  pages={333--355},
  year={2008},
  publisher={Elsevier}
}

@inproceedings{kwon2023can,
  title={Can we crowdsource Tacton similarity perception and metaphor ratings?},
  author={Kwon, Dongjae and Abou Chahine, Ramzi and Lim, Chungman and Seifi, Hasti and Park, Gunhyuk},
  booktitle={Proceedings of the 2023 CHI Conference on Human Factors in Computing Systems},
  pages={1--13},
  year={2023}
}

@inproceedings{brown2005first,
  title={A first investigation into the effectiveness of tactons},
  author={Brown, Lorna M and Brewster, Stephen A and Purchase, Helen C},
  booktitle={First joint eurohaptics conference and symposium on haptic interfaces for virtual environment and teleoperator systems. world haptics conference},
  pages={167--176},
  year={2005},
  organization={IEEE}
}

@inproceedings{pasquero2006perceptual,
  title={Perceptual analysis of haptic icons: an investigation into the validity of cluster sorted mds},
  author={Pasquero, Jerome and Luk, Joseph and Little, Shannon and MacLean, Karon},
  booktitle={2006 14th Symposium on Haptic Interfaces for Virtual Environment and Teleoperator Systems},
  pages={437--444},
  year={2006},
  organization={IEEE}
}

@inproceedings{enriquez2006haptic,
  title={Haptic phonemes: basic building blocks of haptic communication},
  author={Enriquez, Mario and MacLean, Karon and Chita, Christian},
  booktitle={Proceedings of the 8th international conference on Multimodal interfaces},
  pages={302--309},
  year={2006}
}

@inproceedings{kaaresoja2011effect,
  title={The effect of tactile feedback latency in touchscreen interaction},
  author={Kaaresoja, Topi and Anttila, Emilia and Hoggan, Eve},
  booktitle={2011 IEEE world haptics conference},
  pages={65--70},
  year={2011},
  organization={IEEE}
}

@article{israr2014feel,
  title={Feel effects: enriching storytelling with haptic feedback},
  author={Israr, Ali and Zhao, Siyan and Schwalje, Kaitlyn and Klatzky, Roberta and Lehman, Jill},
  journal={ACM Transactions on Applied Perception (TAP)},
  volume={11},
  number={3},
  pages={1--17},
  year={2014},
  publisher={ACM New York, NY, USA}
}

@misc{kandel2000principles,
  title={Principles of neural science},
  author={Kandel, ER},
  year={2000},
  publisher={McGraw-Hill}
}

@book{gescheider2013psychophysics,
  title={Psychophysics: the fundamentals},
  author={Gescheider, George A},
  year={2013},
  publisher={Psychology Press}
}

@article{franzen1975vibrotactile,
  title={Vibrotactile frequency discrimination},
  author={Franz{\'e}n, Ove and Nordmark, Jan},
  journal={Perception \& Psychophysics},
  volume={17},
  pages={480--484},
  year={1975},
  publisher={Springer}
}

@article{goble1994vibrotactile,
  title={Vibrotactile adaptation enhances frequency discrimination},
  author={Goble, Alan K and Hollins, Mark},
  journal={The Journal of the Acoustical Society of America},
  volume={96},
  number={2},
  pages={771--780},
  year={1994},
  publisher={Acoustical Society of America}
}

@article{goff1967differential,
  title={Differential discrimination of frequency of cutaneous mechanical vibration.},
  author={Goff, Genevieve D},
  journal={Journal of experimental psychology},
  volume={74},
  number={2p1},
  pages={294},
  year={1967},
  publisher={American Psychological Association}
}

@article{holliins1993perceptual,
  title={Perceptual dimensions of tactile surface texture: A multidimensional scaling analysis},
  author={Holliins, Mark and Faldowski, Richard and Rao, Suman and Young, Forrest},
  journal={Perception \& psychophysics},
  volume={54},
  pages={697--705},
  year={1993},
  publisher={Springer}
}

@article{hollins2000individual,
  title={Individual differences in perceptual space for tactile textures: Evidence from multidimensional scaling},
  author={Hollins, Mark and Bensma{\"\i}a, Sliman and Karlof, Kristie and Young, Forrest},
  journal={Perception \& psychophysics},
  volume={62},
  pages={1534--1544},
  year={2000},
  publisher={Springer}
}

@article{soufflet2004comparison,
  title={A comparison between industrial experts' and novices' haptic perceptual organization: A tool to identify descriptors of the handle of fabrics},
  author={Soufflet, Ivanne and Calonnier, Maurice and Dacremont, Catherine},
  journal={Food quality and preference},
  volume={15},
  number={7-8},
  pages={689--699},
  year={2004},
  publisher={Elsevier}
}

@article{tiest2006analysis,
  title={Analysis of haptic perception of materials by multidimensional scaling and physical measurements of roughness and compressibility},
  author={Tiest, Wouter M Bergmann and Kappers, Astrid ML},
  journal={Acta psychologica},
  volume={121},
  number={1},
  pages={1--20},
  year={2006},
  publisher={Elsevier}
}

@article{russell1980circumplex,
  title={A circumplex model of affect.},
  author={Russell, James A},
  journal={Journal of personality and social psychology},
  volume={39},
  number={6},
  pages={1161},
  year={1980},
  publisher={American Psychological Association}
}

@article{guest2011development,
  title={The development and validation of sensory and emotional scales of touch perception},
  author={Guest, Steve and Dessirier, Jean Marc and Mehrabyan, Anahit and McGlone, Francis and Essick, Greg and Gescheider, George and Fontana, Anne and Xiong, Rui and Ackerley, Rochelle and Blot, Kevin},
  journal={Attention, Perception, \& Psychophysics},
  volume={73},
  pages={531--550},
  year={2011},
  publisher={Springer}
}

@inproceedings{schneider2016hapturk,
  title={HapTurk: Crowdsourcing affective ratings of vibrotactile icons},
  author={Schneider, Oliver S and Seifi, Hasti and Kashani, Salma and Chun, Matthew and MacLean, Karon E},
  booktitle={Proceedings of the 2016 CHI Conference on Human Factors in Computing Systems},
  pages={3248--3260},
  year={2016}
}

@article{chu2015robotic,
  title={Robotic learning of haptic adjectives through physical interaction},
  author={Chu, Vivian and McMahon, Ian and Riano, Lorenzo and McDonald, Craig G and He, Qin and Perez-Tejada, Jorge Martinez and Arrigo, Michael and Darrell, Trevor and Kuchenbecker, Katherine J},
  journal={Robotics and Autonomous Systems},
  volume={63},
  pages={279--292},
  year={2015},
  publisher={Elsevier}
}

@article{richardson2022learning,
  title={Learning to feel textures: Predicting perceptual similarities from unconstrained finger-surface interactions},
  author={Richardson, Benjamin A and Vardar, Yasemin and Wallraven, Christian and Kuchenbecker, Katherine J},
  journal={IEEE Transactions on Haptics},
  volume={15},
  number={4},
  pages={705--717},
  year={2022},
  publisher={IEEE}
}

@inproceedings{park2019objective,
  title={Objective and subjective assessment of algorithms for reducing three-axis vibrations to one-axis vibrations},
  author={Park, Gunhyuk and Kuchenbecker, Katherine J},
  booktitle={2019 IEEE World Haptics Conference (WHC)},
  pages={467--472},
  year={2019},
  organization={IEEE}
}

@article{hassen2019subjective,
  title={Subjective evaluation of the spectral temporal similarity (ST-SIM) measure for vibrotactile quality assessment},
  author={Hassen, Rania and Steinbach, Eckehard},
  journal={IEEE Transactions on Haptics},
  volume={13},
  number={1},
  pages={25--31},
  year={2019},
  publisher={IEEE}
}

@inproceedings{hassen2019vibrotactile,
  title={Vibrotactile signal compression based on sparse linear prediction and human tactile sensitivity function},
  author={Hassen, Rania and Steinbach, Eckehard},
  booktitle={2019 IEEE World Haptics Conference (WHC)},
  pages={301--306},
  year={2019},
  organization={IEEE}
}

@article{muschter2021perceptual,
  title={Perceptual quality assessment of compressed vibrotactile signals through comparative judgment},
  author={Muschter, Evelyn and Noll, Andreas and Zhao, Jinting and Hassen, Rania and Strese, Matti and G{\"u}lecy{\"u}z, Basak and Li, Shu-Chen and Steinbach, Eckehard},
  journal={IEEE Transactions on Haptics},
  volume={14},
  number={2},
  pages={291--296},
  year={2021},
  publisher={IEEE}
}

@inproceedings{noll2022automated,
  title={Automated quality assessment for compressed vibrotactile signals using multi-method assessment fusion},
  author={Noll, Andreas and Hofbauer, Markus and Muschter, Evelyn and Li, Shu-Chen and Steinbach, Eckehard},
  booktitle={2022 IEEE Haptics Symposium (HAPTICS)},
  pages={1--6},
  year={2022},
  organization={IEEE}
}

@inproceedings{berndt1994using,
  title={Using dynamic time warping to find patterns in time series},
  author={Berndt, Donald J and Clifford, James},
  booktitle={Proceedings of the 3rd international conference on knowledge discovery and data mining},
  pages={359--370},
  year={1994}
}

@inproceedings{schneider2015tactile,
  title={Tactile animation by direct manipulation of grid displays},
  author={Schneider, Oliver S and Israr, Ali and MacLean, Karon E},
  booktitle={Proceedings of the 28th annual ACM symposium on user interface software \& technology},
  pages={21--30},
  year={2015}
}

@inproceedings{israr2011tactile,
  title={Tactile brush: drawing on skin with a tactile grid display},
  author={Israr, Ali and Poupyrev, Ivan},
  booktitle={Proceedings of the SIGCHI Conference on Human Factors in Computing Systems},
  pages={2019--2028},
  year={2011}
}

@article{tan1999information,
  title={Information transmission with a multifinger tactual display},
  author={Tan, Hong Z and Durlach, Nathaniel I and Reed, Charlotte M and Rabinowitz, William M},
  journal={Perception \& psychophysics},
  volume={61},
  number={6},
  pages={993--1008},
  year={1999},
  publisher={Springer}
}

@book{goldstein1989sensation,
  title={Sensation and perception},
  author={Goldstein, E Bruce},
  year={1989},
  publisher={Wadsworth/Thomson Learning}
}

@article{kingma2014adam,
  title={Adam: A method for stochastic optimization},
  author={Kingma, Diederik P},
  journal={arXiv preprint arXiv:1412.6980},
  year={2014}
}

@misc{sheikholeslami2019ablation,
  title={Ablation programming for machine learning},
  author={Sheikholeslami, Sina},
  year={2019}
}

@article{vaswani2017attention,
  title={Attention is all you need},
  author={Vaswani, A},
  journal={Advances in Neural Information Processing Systems},
  year={2017}
}