@inproceedings{abou2022vibrotactile,
  title={Vibrotactile similarity perception in crowdsourced and lab studies},
  author={Abou Chahine, Ramzi and Kwon, Dongjae and Lim, Chungman and Park, Gunhyuk and Seifi, Hasti},
  booktitle={International Conference on Human Haptic Sensing and Touch Enabled Computer Applications},
  pages={255--263},
  year={2022},
  organization={Springer}
}

@inproceedings{awan2023predicting,
  title={Predicting Perceptual Haptic Attributes of Textured Surface from Tactile Data Based on Deep CNN-LSTM Network},
  author={Awan, Mudassir Ibrahim and Hassan, Waseem and Jeon, Seokhee},
  booktitle={Proceedings of the 29th ACM Symposium on Virtual Reality Software and Technology},
  pages={1--9},
  year={2023}
}

@inproceedings{berndt1994using,
  title={Using dynamic time warping to find patterns in time series},
  author={Berndt, Donald J and Clifford, James},
  booktitle={Proceedings of the 3rd international conference on knowledge discovery and data mining},
  pages={359--370},
  year={1994}
}

@inproceedings{brown2005first,
  title={A first investigation into the effectiveness of tactons},
  author={Brown, Lorna M and Brewster, Stephen A and Purchase, Helen C},
  booktitle={First joint eurohaptics conference and symposium on haptic interfaces for virtual environment and teleoperator systems. world haptics conference},
  pages={167--176},
  year={2005},
  organization={IEEE}
}

@inproceedings{brown2006multidimensional,
  title={Multidimensional tactons for non-visual information presentation in mobile devices},
  author={Brown, Lorna M and Brewster, Stephen A and Purchase, Helen C},
  booktitle={Proceedings of the 8th conference on Human-computer interaction with mobile devices and services},
  pages={231--238},
  year={2006}
}

@book{brown2007tactons,
  title={Tactons: structured vibrotactile messages for non-visual information display},
  author={Brown, Lorna Margaret},
  year={2007},
  publisher={University of Glasgow (United Kingdom)}
}

@article{choi2012vibrotactile,
  title={Vibrotactile display: Perception, technology, and applications},
  author={Choi, Seungmoon and Kuchenbecker, Katherine J},
  journal={Proceedings of the IEEE},
  volume={101},
  number={9},
  pages={2093--2104},
  year={2012},
  publisher={IEEE}
}

@article{chu2015robotic,
  title={Robotic learning of haptic adjectives through physical interaction},
  author={Chu, Vivian and McMahon, Ian and Riano, Lorenzo and McDonald, Craig G and He, Qin and Perez-Tejada, Jorge Martinez and Arrigo, Michael and Darrell, Trevor and Kuchenbecker, Katherine J},
  journal={Robotics and Autonomous Systems},
  volume={63},
  pages={279--292},
  year={2015},
  publisher={Elsevier}
}

@article{franzen1975vibrotactile,
  title={Vibrotactile frequency discrimination},
  author={Franz{\'e}n, Ove and Nordmark, Jan},
  journal={Perception \& Psychophysics},
  volume={17},
  pages={480--484},
  year={1975},
  publisher={Springer}
}

@inproceedings{gao2016deep,
  title={Deep learning for tactile understanding from visual and haptic data},
  author={Gao, Yang and Hendricks, Lisa Anne and Kuchenbecker, Katherine J and Darrell, Trevor},
  booktitle={2016 IEEE international conference on robotics and automation (ICRA)},
  pages={536--543},
  year={2016},
  organization={IEEE}
}

@article{gescheider1996effects,
  title={Effects of stimulus duration on the amplitude difference limen for vibrotaction},
  author={Gescheider, George A and Zwislocki, Jozef J and Rasmussen, Alicia},
  journal={The Journal of the Acoustical Society of America},
  volume={100},
  number={4},
  pages={2312--2319},
  year={1996},
  publisher={Acoustical Society of America}
}

@book{gescheider2013psychophysics,
  title={Psychophysics: the fundamentals},
  author={Gescheider, George A},
  year={2013},
  publisher={Psychology Press}
}

@article{goble1994vibrotactile,
  title={Vibrotactile adaptation enhances frequency discrimination},
  author={Goble, Alan K and Hollins, Mark},
  journal={The Journal of the Acoustical Society of America},
  volume={96},
  number={2},
  pages={771--780},
  year={1994},
  publisher={Acoustical Society of America}
}

@article{goff1967differential,
  title={Differential discrimination of frequency of cutaneous mechanical vibration.},
  author={Goff, Genevieve D},
  journal={Journal of experimental psychology},
  volume={74},
  number={2p1},
  pages={294},
  year={1967},
  publisher={American Psychological Association}
}

@book{goldstein1989sensation,
  title={Sensation and perception},
  author={Goldstein, E Bruce},
  year={1989},
  publisher={Wadsworth/Thomson Learning}
}

@article{guest2011development,
  title={The development and validation of sensory and emotional scales of touch perception},
  author={Guest, Steve and Dessirier, Jean Marc and Mehrabyan, Anahit and McGlone, Francis and Essick, Greg and Gescheider, George and Fontana, Anne and Xiong, Rui and Ackerley, Rochelle and Blot, Kevin},
  journal={Attention, Perception, \& Psychophysics},
  volume={73},
  pages={531--550},
  year={2011},
  publisher={Springer}
}

@article{hassen2019subjective,
  title={Subjective evaluation of the spectral temporal similarity (ST-SIM) measure for vibrotactile quality assessment},
  author={Hassen, Rania and Steinbach, Eckehard},
  journal={IEEE Transactions on Haptics},
  volume={13},
  number={1},
  pages={25--31},
  year={2019},
  publisher={IEEE}
}

@article{holliins1993perceptual,
  title={Perceptual dimensions of tactile surface texture: A multidimensional scaling analysis},
  author={Holliins, Mark and Faldowski, Richard and Rao, Suman and Young, Forrest},
  journal={Perception \& psychophysics},
  volume={54},
  pages={697--705},
  year={1993},
  publisher={Springer}
}

@article{hollins2000individual,
  title={Individual differences in perceptual space for tactile textures: Evidence from multidimensional scaling},
  author={Hollins, Mark and Bensma{\"\i}a, Sliman and Karlof, Kristie and Young, Forrest},
  journal={Perception \& psychophysics},
  volume={62},
  pages={1534--1544},
  year={2000},
  publisher={Springer}
}

@inproceedings{hwang2010perceptual,
  title={Perceptual space and adjective rating of sinusoidal vibrations perceived via mobile device},
  author={Hwang, Inwook and Choi, Seungmoon},
  booktitle={2010 IEEE Haptics Symposium},
  pages={1--8},
  year={2010},
  organization={IEEE}
}

@article{hwang2017perceptual,
  title={Perceptual space of superimposed dual-frequency vibrations in the hands},
  author={Hwang, Inwook and Seo, Jeongil and Choi, Seungmoon},
  journal={PloS one},
  volume={12},
  number={1},
  pages={e0169570},
  year={2017},
  publisher={Public Library of Science San Francisco, CA USA}
}

@article{israr2006frequency,
  title={Frequency and amplitude discrimination along the kinesthetic-cutaneous continuum in the presence of masking stimuli},
  author={Israr, Ali and Tan, Hong Z and Reed, Charlotte M},
  journal={The Journal of the Acoustical society of America},
  volume={120},
  number={5},
  pages={2789--2800},
  year={2006},
  publisher={Acoustical Society of America}
}

@article{israr2014feel,
  title={Feel effects: enriching storytelling with haptic feedback},
  author={Israr, Ali and Zhao, Siyan and Schwalje, Kaitlyn and Klatzky, Roberta and Lehman, Jill},
  journal={ACM Transactions on Applied Perception (TAP)},
  volume={11},
  number={3},
  pages={1--17},
  year={2014},
  publisher={ACM New York, NY, USA}
}

@article{ito2021model,
  title={A model for estimating tactile sensation by machine learning based on vibration information obtained while touching an object},
  author={Ito, Fumiya and Takemura, Kenjiro},
  journal={Sensors},
  volume={21},
  number={23},
  pages={7772},
  year={2021},
  publisher={MDPI}
}

@book{jones2006human,
  title={Human hand function},
  author={Jones, Lynette A and Lederman, Susan J},
  year={2006},
  publisher={Oxford university press}
}

@misc{kandel2000principles,
  title={Principles of neural science},
  author={Kandel, ER},
  year={2000},
  publisher={McGraw-Hill}
}

@inproceedings{kwon2023can,
  title={Can we crowdsource Tacton similarity perception and metaphor ratings?},
  author={Kwon, Dongjae and Abou Chahine, Ramzi and Lim, Chungman and Seifi, Hasti and Park, Gunhyuk},
  booktitle={Proceedings of the 2023 CHI Conference on Human Factors in Computing Systems},
  pages={1--13},
  year={2023}
}

@inproceedings{lim2023can,
  title={Can a computer tell differences between vibrations?: Physiology-based computational model for perceptual dissimilarity prediction},
  author={Lim, Chungman and Park, Gunhyuk},
  booktitle={Proceedings of the 2023 CHI Conference on Human Factors in Computing Systems},
  pages={1--15},
  year={2023}
}

@article{lim4785071emotional,
  title={Emotional and Sensory Ratings of Vibration Tactons in the Lab and Crowdsourced Settings},
  author={Lim, Chungman and Kim, Gyeongdeok and Shetty, Yatiraj and McDaniel, Troy and Seifi, Hasti and Park, Gunhyuk},
    year={2024},
  journal={Available at SSRN 4785071}
}

@article{maclean2008foundations,
  title={Foundations of transparency in tactile information design},
  author={MacLean, Karon E},
  journal={IEEE Transactions on Haptics},
  volume={1},
  number={2},
  pages={84--95},
  year={2008},
  publisher={IEEE}
}

@article{muschter2021perceptual,
  title={Perceptual quality assessment of compressed vibrotactile signals through comparative judgment},
  author={Muschter, Evelyn and Noll, Andreas and Zhao, Jinting and Hassen, Rania and Strese, Matti and G{\"u}lecy{\"u}z, Basak and Li, Shu-Chen and Steinbach, Eckehard},
  journal={IEEE Transactions on Haptics},
  volume={14},
  number={2},
  pages={291--296},
  year={2021},
  publisher={IEEE}
}

@inproceedings{noll2022automated,
  title={Automated quality assessment for compressed vibrotactile signals using multi-method assessment fusion},
  author={Noll, Andreas and Hofbauer, Markus and Muschter, Evelyn and Li, Shu-Chen and Steinbach, Eckehard},
  booktitle={2022 IEEE Haptics Symposium (HAPTICS)},
  pages={1--6},
  year={2022},
  organization={IEEE}
}

@inproceedings{park2011perceptual,
  title={Perceptual space of amplitude-modulated vibrotactile stimuli},
  author={Park, Gunhyuk and Choi, Seungmoon},
  booktitle={2011 IEEE world haptics conference},
  pages={59--64},
  year={2011},
  organization={IEEE}
}

@inproceedings{park2019objective,
  title={Objective and subjective assessment of algorithms for reducing three-axis vibrations to one-axis vibrations},
  author={Park, Gunhyuk and Kuchenbecker, Katherine J},
  booktitle={2019 IEEE World Haptics Conference (WHC)},
  pages={467--472},
  year={2019},
  organization={IEEE}
}

@article{richardson2020learning,
  title={Learning to predict perceptual distributions of haptic adjectives},
  author={Richardson, Benjamin A and Kuchenbecker, Katherine J},
  journal={Frontiers in Neurorobotics},
  volume={13},
  pages={116},
  year={2020},
  publisher={Frontiers Media SA}
}

@article{richardson2022learning,
  title={Learning to feel textures: Predicting perceptual similarities from unconstrained finger-surface interactions},
  author={Richardson, Benjamin A and Vardar, Yasemin and Wallraven, Christian and Kuchenbecker, Katherine J},
  journal={IEEE Transactions on Haptics},
  volume={15},
  number={4},
  pages={705--717},
  year={2022},
  publisher={IEEE}
}

@article{russell1980circumplex,
  title={A circumplex model of affect.},
  author={Russell, James A},
  journal={Journal of personality and social psychology},
  volume={39},
  number={6},
  pages={1161},
  year={1980},
  publisher={American Psychological Association}
}

@article{ryu2010psychophysical,
  title={Psychophysical model for vibrotactile rendering in mobile devices},
  author={Ryu, Jonghyun},
  journal={Presence},
  volume={19},
  number={4},
  pages={364--387},
  year={2010},
  publisher={MIT Press}
}

@inproceedings{schneider2016hapturk,
  title={HapTurk: Crowdsourcing affective ratings of vibrotactile icons},
  author={Schneider, Oliver S and Seifi, Hasti and Kashani, Salma and Chun, Matthew and MacLean, Karon E},
  booktitle={Proceedings of the 2016 CHI Conference on Human Factors in Computing Systems},
  pages={3248--3260},
  year={2016}
}

@inproceedings{schneider2016studying,
  title={Studying design process and example use with Macaron, a web-based vibrotactile effect editor},
  author={Schneider, Oliver S and MacLean, Karon E},
  booktitle={2016 IEEE Haptics Symposium (Haptics)},
  pages={52--58},
  year={2016},
  organization={IEEE}
}

@inproceedings{seifi2013first,
  title={A first look at individuals' affective ratings of vibrations},
  author={Seifi, Hasti and Maclean, Karon E},
  booktitle={2013 World Haptics Conference (WHC)},
  pages={605--610},
  year={2013},
  organization={IEEE}
}

@inproceedings{seifi2015vibviz,
  title={VibViz: Organizing, visualizing and navigating vibration libraries},
  author={Seifi, Hasti and Zhang, Kailun and MacLean, Karon E},
  booktitle={2015 IEEE World Haptics Conference (WHC)},
  pages={254--259},
  year={2015},
  organization={IEEE}
}

@article{soufflet2004comparison,
  title={A comparison between industrial experts' and novices' haptic perceptual organization: A tool to identify descriptors of the handle of fabrics},
  author={Soufflet, Ivanne and Calonnier, Maurice and Dacremont, Catherine},
  journal={Food quality and preference},
  volume={15},
  number={7-8},
  pages={689--699},
  year={2004},
  publisher={Elsevier}
}

@inproceedings{tan2019user,
  title={User experience of tactile feedback on a smartphone: Effects of vibration intensity, times and interval},
  author={Tan, Jun and Ge, Yan and Sun, Xianghong and Zhang, Yubo and Liu, Yanfang},
  booktitle={Cross-Cultural Design. Methods, Tools and User Experience: 11th International Conference, CCD 2019, Held as Part of the 21st HCI International Conference, HCII 2019, Orlando, FL, USA, July 26--31, 2019, Proceedings, Part I 21},
  pages={397--406},
  year={2019},
  organization={Springer}
}

@inproceedings{ternes2008designing,
  title={Designing large sets of haptic icons with rhythm},
  author={Ternes, David and MacLean, Karon E},
  booktitle={Haptics: Perception, Devices and Scenarios: 6th International Conference, EuroHaptics 2008 Madrid, Spain, June 10-13, 2008 Proceedings 6},
  pages={199--208},
  year={2008},
  organization={Springer}
}

@article{tiest2006analysis,
  title={Analysis of haptic perception of materials by multidimensional scaling and physical measurements of roughness and compressibility},
  author={Tiest, Wouter M Bergmann and Kappers, Astrid ML},
  journal={Acta psychologica},
  volume={121},
  number={1},
  pages={1--20},
  year={2006},
  publisher={Elsevier}
}

@inproceedings{van2003distilling,
  title={Distilling the underlying dimensions of tactile melodies},
  author={van Erp, Jan BF and Spap{\'e}, Michiel MA and others},
  booktitle={Proceedings of Eurohaptics},
  volume={2003},
  pages={111--120},
  year={2003}
}

@inproceedings{yoo2015emotional,
  title={Emotional responses of tactile icons: Effects of amplitude, frequency, duration, and envelope},
  author={Yoo, Yongjae and Yoo, Taekbeom and Kong, Jihyun and Choi, Seungmoon},
  booktitle={2015 IEEE World Haptics Conference (WHC)},
  pages={235--240},
  year={2015},
  organization={IEEE}
}

@article{yoo2022perceived,
  title={Perceived intensity model of dual-frequency superimposed vibration: Pythagorean sum},
  author={Yoo, Yongjae and Hwang, Inwook and Choi, Seungmoon},
  journal={IEEE Transactions on Haptics},
  volume={15},
  number={2},
  pages={405--415},
  year={2022},
  publisher={IEEE}
}

