@inproceedings{agrigoroaie2016developing,
  title={Developing a healthcare robot with personalized behaviors and social skills for the elderly},
  author={Agrigoroaie, Roxana M and Tapus, Adriana},
  booktitle={2016 11th ACM/IEEE International Conference on Human-Robot Interaction (HRI)},
  pages={589--590},
  year={2016},
  organization={IEEE}
}

@inproceedings{alaluf2025myvlm,
  title={Myvlm: Personalizing vlms for user-specific queries},
  author={Alaluf, Yuval and Richardson, Elad and Tulyakov, Sergey and Aberman, Kfir and Cohen-Or, Daniel},
  booktitle={European Conference on Computer Vision},
  pages={73--91},
  year={2025},
  organization={Springer}
}

@article{an2024mc,
  title={MC-LLaVA: Multi-Concept Personalized Vision-Language Model},
  author={An, Ruichuan and Yang, Sihan and Lu, Ming and Zeng, Kai and Luo, Yulin and Chen, Ying and Cao, Jiajun and Liang, Hao and She, Qi and Zhang, Shanghang and others},
  journal={arXiv preprint arXiv:2411.11706},
  year={2024}
}

@article{chen2024alignbot,
  title={AlignBot: Aligning VLM-powered Customized Task Planning with User Reminders Through Fine-Tuning for Household Robots},
  author={Chen, Pengan and Wu, Ziniu and Sun, Jiawei and Wang, Dong and Zhou, Peng and Cao, Nieqing and Ding, Yan and Zhao, Bin and Li, Xuelong and others},
  journal={arXiv preprint arXiv:2409.11905},
  year={2024}
}

@article{deruyttere2019talk2car,
  title={Talk2car: Taking control of your self-driving car},
  author={Deruyttere, Thierry and Vandenhende, Simon and Grujicic, Dusan and Van Gool, Luc and Moens, Marie-Francine},
  journal={arXiv preprint arXiv:1909.10838},
  year={2019}
}

@article{dong2023hubo,
  title={HuBo-VLM: Unified Vision-Language Model designed for HUman roBOt interaction tasks},
  author={Dong, Zichao and Zhang, Weikun and Huang, Xufeng and Ji, Hang and Zhan, Xin and Chen, Junbo},
  journal={arXiv preprint arXiv:2308.12537},
  year={2023}
}

@inproceedings{irfan2021lifelong,
  title={Lifelong learning and personalization in long-term human-robot interaction (leap-hri)},
  author={Irfan, Bahar and Ramachandran, Aditi and Spaulding, Samuel and Kalkan, Sinan and Parisi, German I and Gunes, Hatice},
  booktitle={Companion of the 2021 ACM/IEEE international conference on human-robot interaction},
  pages={724--727},
  year={2021}
}

@article{jevtic2018personalized,
  title={Personalized robot assistant for support in dressing},
  author={Jevti{\'c}, Aleksandar and Valle, Andr{\'e}s Flores and Aleny{\`a}, Guillem and Chance, Greg and Caleb-Solly, Praminda and Dogramadzi, Sanja and Torras, Carme},
  journal={IEEE transactions on cognitive and developmental systems},
  volume={11},
  number={3},
  pages={363--374},
  year={2018},
  publisher={IEEE}
}

@article{lewis2020retrieval,
  title={Retrieval-augmented generation for knowledge-intensive nlp tasks},
  author={Lewis, Patrick and Perez, Ethan and Piktus, Aleksandra and Petroni, Fabio and Karpukhin, Vladimir and Goyal, Naman and K{\"u}ttler, Heinrich and Lewis, Mike and Yih, Wen-tau and Rockt{\"a}schel, Tim and others},
  journal={Advances in Neural Information Processing Systems},
  volume={33},
  pages={9459--9474},
  year={2020}
}

@article{ning2024user,
  title={User-LLM: Efficient LLM Contextualization with User Embeddings},
  author={Ning, Lin and Liu, Luyang and Wu, Jiaxing and Wu, Neo and Berlowitz, Devora and Prakash, Sushant and Green, Bradley and O'Banion, Shawn and Xie, Jun},
  journal={arXiv preprint arXiv:2402.13598},
  year={2024}
}

@article{tanevska2020socially,
  title={A socially adaptable framework for human-robot interaction},
  author={Tanevska, Ana and Rea, Francesco and Sandini, Giulio and Ca{\~n}amero, Lola and Sciutti, Alessandra},
  journal={Frontiers in Robotics and AI},
  volume={7},
  pages={121},
  year={2020},
  publisher={Frontiers Media SA}
}

@article{wang2024vlm,
  title={Vlm see, robot do: Human demo video to robot action plan via vision language model},
  author={Wang, Beichen and Zhang, Juexiao and Dong, Shuwen and Fang, Irving and Feng, Chen},
  journal={arXiv preprint arXiv:2410.08792},
  year={2024}
}

@inproceedings{yeh2023meta,
  title={Meta-Personalizing Vision-Language Models to Find Named Instances in Video},
  author={Yeh, Chun-Hsiao and Russell, Bryan and Sivic, Josef and Heilbron, Fabian Caba and Jenni, Simon},
  booktitle={Proceedings of the IEEE/CVF Conference on Computer Vision and Pattern Recognition},
  pages={19123--19132},
  year={2023}
}

@article{zhuang2024hydra,
  title={Hydra: Model factorization framework for black-box llm personalization},
  author={Zhuang, Yuchen and Sun, Haotian and Yu, Yue and Qiang, Rushi and Wang, Qifan and Zhang, Chao and Dai, Bo},
  journal={arXiv preprint arXiv:2406.02888},
  year={2024}
}

