@inproceedings{langley00,
 author    = {P. Langley},
 title     = {Crafting Papers on Machine Learning},
 year      = {2000},
 pages     = {1207--1216},
 editor    = {Pat Langley},
 booktitle     = {Proceedings of the 17th International Conference
              on Machine Learning (ICML 2000)},
 address   = {Stanford, CA},
 publisher = {Morgan Kaufmann}
}
@phdthesis{chisty2024smart,
  title={Smart sheba: an investigation on the effectiveness of integrating LLM enabled chatbots and using a user-centred design strategy to enhance user experience of older adults},
  author={Chisty, Sharfuddin Khan and Abbasi, Khaled Imtiaz and Afsana, Fairana and Shefa, Sanjida Afroz},
  year={2024},
  school={Brac University}
}
@TechReport{mitchell80,
  author = 	 "T. M. Mitchell",
  title = 	 "The Need for Biases in Learning Generalizations",
  institution =  "Computer Science Department, Rutgers University",
  year = 	 "1980",
  address =	 "New Brunswick, MA",
}

@phdthesis{kearns89,
  author = {M. J. Kearns},
  title =  {Computational Complexity of Machine Learning},
  school = {Department of Computer Science, Harvard University},
  year =   {1989}
}

@Book{MachineLearningI,
  editor = 	 "R. S. Michalski and J. G. Carbonell and T.
		  M. Mitchell",
  title = 	 "Machine Learning: An Artificial Intelligence
		  Approach, Vol. I",
  publisher = 	 "Tioga",
  year = 	 "1983",
  address =	 "Palo Alto, CA"
}

@Book{DudaHart2nd,
  author =       "R. O. Duda and P. E. Hart and D. G. Stork",
  title =        "Pattern Classification",
  publisher =    "John Wiley and Sons",
  edition =      "2nd",
  year =         "2000"
}

@misc{anonymous,
  title= {Suppressed for Anonymity},
  author= {Author, N. N.},
  year= {2021}
}

@InCollection{Newell81,
  author =       "A. Newell and P. S. Rosenbloom",
  title =        "Mechanisms of Skill Acquisition and the Law of
                  Practice", 
  booktitle =    "Cognitive Skills and Their Acquisition",
  pages =        "1--51",
  publisher =    "Lawrence Erlbaum Associates, Inc.",
  year =         "1981",
  editor =       "J. R. Anderson",
  chapter =      "1",
  address =      "Hillsdale, NJ"
}


@Article{Samuel59,
  author = 	 "A. L. Samuel",
  title = 	 "Some Studies in Machine Learning Using the Game of
		  Checkers",
  journal =	 "IBM Journal of Research and Development",
  year =	 "1959",
  volume =	 "3",
  number =	 "3",
  pages =	 "211--229"
}


@article{purificato2024user,
  title={User Modeling and User Profiling: A Comprehensive Survey},
  author={Purificato, Erasmo and Boratto, Ludovico and De Luca, Ernesto William},
  journal={arXiv preprint arXiv:2402.09660},
  year={2024}
}


@inproceedings{radford2021learning,
  title={Learning transferable visual models from natural language supervision},
  author={Radford, Alec and Kim, Jong Wook and Hallacy, Chris and Ramesh, Aditya and Goh, Gabriel and Agarwal, Sandhini and Sastry, Girish and Askell, Amanda and Mishkin, Pamela and Clark, Jack and others},
  booktitle={International conference on machine learning},
  pages={8748--8763},
  year={2021},
  organization={PMLR}
}

@inproceedings{karkkainen2021fairface,
  title={Fairface: Face attribute dataset for balanced race, gender, and age for bias measurement and mitigation},
  author={Karkkainen, Kimmo and Joo, Jungseock},
  booktitle={Proceedings of the IEEE/CVF winter conference on applications of computer vision},
  pages={1548--1558},
  year={2021}
}

@inproceedings{yuan2021multimodal,
  title={Multimodal contrastive training for visual representation learning},
  author={Yuan, Xin and Lin, Zhe and Kuen, Jason and Zhang, Jianming and Wang, Yilin and Maire, Michael and Kale, Ajinkya and Faieta, Baldo},
  booktitle={Proceedings of the IEEE/CVF Conference on Computer Vision and Pattern Recognition},
  pages={6995--7004},
  year={2021}
}


@inproceedings{romeo2022exploring,
  title={Exploring theory of mind for human-robot collaboration},
  author={Romeo, Marta and McKenna, Peter E and Robb, David A and Rajendran, Gnanathusharan and Nesset, Birthe and Cangelosi, Angelo and Hastie, Helen},
  booktitle={2022 31st IEEE International Conference on Robot and Human Interactive Communication (RO-MAN)},
  pages={461--468},
  year={2022},
  organization={IEEE}
}

@article{yu2024adaptssr,
  title={AdaptSSR: pre-training user model with augmentation-adaptive self-supervised ranking},
  author={Yu, Yang and Liu, Qi and Zhang, Kai and Zhang, Yuren and Song, Chao and Hou, Min and Yuan, Yuqing and Ye, Zhihao and Zhang, Zaixi and Yu, Sanshi Lei},
  journal={Advances in Neural Information Processing Systems},
  volume={36},
  year={2024}
}

@inproceedings{chopra2005learning,
  title={Learning a similarity metric discriminatively, with application to face verification},
  author={Chopra, Sumit and Hadsell, Raia and LeCun, Yann},
  booktitle={2005 IEEE computer society conference on computer vision and pattern recognition (CVPR'05)},
  volume={1},
  pages={539--546},
  year={2005},
  organization={IEEE}
}

@article{liu2024fairlisa,
  title={FairLISA: Fair User Modeling with Limited Sensitive Attributes Information},
  author={Liu, Qi and Jiang, Hao and Wang, Fei and Zhuang, Yan and Wu, Le and Gao, Weibo and Chen, Enhong and others},
  journal={Advances in Neural Information Processing Systems},
  volume={36},
  year={2024}
}

@article{kristen2014theory,
  title={Theory of Mind (ToM) in early education},
  author={Kristen, Susanne and Sodian, Beate},
  journal={Contemporary perspectives on research in theory of mind in early childhood education},
  pages={291--320},
  year={2014},
  publisher={Library of Congress Cataloging-in-Publication Data United States}
}

@article{cavallini2021can,
  title={Can theory of mind of healthy older adults living in a nursing home be improved? A randomized controlled trial},
  author={Cavallini, Elena and Ceccato, Irene and Bertoglio, Silvana and Francescani, Andrea and Vigato, Federico and Ianes, Aladar Bruno and Lecce, Serena},
  journal={Aging Clinical and Experimental Research},
  volume={33},
  pages={3029--3037},
  year={2021},
  publisher={Springer}
}
@article{frith2005theory,
  title={Theory of mind},
  author={Frith, Chris and Frith, Uta},
  journal={Current biology},
  volume={15},
  number={17},
  pages={R644--R645},
  year={2005},
  publisher={Elsevier}
}

@article{schuhmann2022laion,
  title={Laion-5b: An open large-scale dataset for training next generation image-text models},
  author={Schuhmann, Christoph and Beaumont, Romain and Vencu, Richard and Gordon, Cade and Wightman, Ross and Cherti, Mehdi and Coombes, Theo and Katta, Aarush and Mullis, Clayton and Wortsman, Mitchell and others},
  journal={Advances in Neural Information Processing Systems},
  volume={35},
  pages={25278--25294},
  year={2022}
}

@article{ning2024user,
  title={User-LLM: Efficient LLM Contextualization with User Embeddings},
  author={Ning, Lin and Liu, Luyang and Wu, Jiaxing and Wu, Neo and Berlowitz, Devora and Prakash, Sushant and Green, Bradley and O'Banion, Shawn and Xie, Jun},
  journal={arXiv preprint arXiv:2402.13598},
  year={2024}
}

@article{wu2020ptum,
  title={PTUM: Pre-training user model from unlabeled user behaviors via self-supervision},
  author={Wu, Chuhan and Wu, Fangzhao and Qi, Tao and Lian, Jianxun and Huang, Yongfeng and Xie, Xing},
  journal={arXiv preprint arXiv:2010.01494},
  year={2020}
}

@inproceedings{wu2022userbert,
  title={Userbert: Pre-training user model with contrastive self-supervision},
  author={Wu, Chuhan and Wu, Fangzhao and Qi, Tao and Huang, Yongfeng},
  booktitle={Proceedings of the 45th International ACM SIGIR Conference on Research and Development in Information Retrieval},
  pages={2087--2092},
  year={2022}
}

@inproceedings{zheng2022general,
  title={General facial representation learning in a visual-linguistic manner},
  author={Zheng, Yinglin and Yang, Hao and Zhang, Ting and Bao, Jianmin and Chen, Dongdong and Huang, Yangyu and Yuan, Lu and Chen, Dong and Zeng, Ming and Wen, Fang},
  booktitle={Proceedings of the IEEE/CVF conference on computer vision and pattern recognition},
  pages={18697--18709},
  year={2022}
}

@inproceedings{jia2021scaling,
  title={Scaling up visual and vision-language representation learning with noisy text supervision},
  author={Jia, Chao and Yang, Yinfei and Xia, Ye and Chen, Yi-Ting and Parekh, Zarana and Pham, Hieu and Le, Quoc and Sung, Yun-Hsuan and Li, Zhen and Duerig, Tom},
  booktitle={International conference on machine learning},
  pages={4904--4916},
  year={2021},
  organization={PMLR}
}

@article{zhang2024mm,
  title={Mm-llms: Recent advances in multimodal large language models},
  author={Zhang, Duzhen and Yu, Yahan and Li, Chenxing and Dong, Jiahua and Su, Dan and Chu, Chenhui and Yu, Dong},
  journal={arXiv preprint arXiv:2401.13601},
  year={2024}
}
@article{nocentini2019survey,
  title={A survey of behavioral models for social robots},
  author={Nocentini, Olivia and Fiorini, Laura and Acerbi, Giorgia and Sorrentino, Alessandra and Mancioppi, Gianmaria and Cavallo, Filippo},
  journal={Robotics},
  volume={8},
  number={3},
  pages={54},
  year={2019},
  publisher={MDPI}
}
@article{xie2024large,
  title={Large multimodal agents: A survey},
  author={Xie, Junlin and Chen, Zhihong and Zhang, Ruifei and Wan, Xiang and Li, Guanbin},
  journal={arXiv preprint arXiv:2402.15116},
  year={2024}
}

@article{zhao2023survey,
  title={A survey of large language models},
  author={Zhao, Wayne Xin and Zhou, Kun and Li, Junyi and Tang, Tianyi and Wang, Xiaolei and Hou, Yupeng and Min, Yingqian and Zhang, Beichen and Zhang, Junjie and Dong, Zican and others},
  journal={arXiv preprint arXiv:2303.18223},
  year={2023}
}

@article{liu2024visual,
  title={Visual instruction tuning},
  author={Liu, Haotian and Li, Chunyuan and Wu, Qingyang and Lee, Yong Jae},
  journal={Advances in neural information processing systems},
  volume={36},
  year={2024}
}

@article{wang2023parameter,
  title={Parameter-efficient tuning of large-scale multimodal foundation model},
  author={Wang, Haixin and Yang, Xinlong and Chang, Jianlong and Jin, Dian and Sun, Jinan and Zhang, Shikun and Luo, Xiao and Tian, Qi},
  journal={Advances in Neural Information Processing Systems},
  volume={36},
  pages={15752--15774},
  year={2023}
}

@article{he2024pefomed,
  title={Pefomed: Parameter efficient fine-tuning on multimodal large language models for medical visual question answering},
  author={He, Jinlong and Li, Pengfei and Liu, Gang and Zhao, Zixu and Zhong, Shenjun},
  journal={arXiv preprint arXiv:2401.02797},
  year={2024}
}

@article{chen2024diversity,
  title={On the Diversity of Synthetic Data and its Impact on Training Large Language Models},
  author={Chen, Hao and Waheed, Abdul and Li, Xiang and Wang, Yidong and Wang, Jindong and Raj, Bhiksha and Abdin, Marah I},
  journal={arXiv preprint arXiv:2410.15226},
  year={2024}
}

@article{park2024building,
  title={Building trust in mental health chatbots: safety metrics and LLM-based evaluation tools},
  author={Park, Jung In and Abbasian, Mahyar and Azimi, Iman and Bounds, Dawn and Jun, Angela and Han, Jaesu and McCarron, Robert and Borelli, Jessica and Li, Jia and Mahmoudi, Mona and others},
  journal={arXiv preprint arXiv:2408.04650},
  year={2024}
}
@article{touvron2023llama,
  title={Llama: Open and efficient foundation language models},
  author={Touvron, Hugo and Lavril, Thibaut and Izacard, Gautier and Martinet, Xavier and Lachaux, Marie-Anne and Lacroix, Timoth{\'e}e and Rozi{\`e}re, Baptiste and Goyal, Naman and Hambro, Eric and Azhar, Faisal and others},
  journal={arXiv preprint arXiv:2302.13971},
  year={2023}
}

@inproceedings{jafari2023ethical,
  title={Ethical issues in explanations of personalized recommender systems},
  author={Jafari, Elaheh and Vassileva, Julita},
  booktitle={Adjunct Proceedings of the 31st ACM Conference on User Modeling, Adaptation and Personalization},
  pages={215--219},
  year={2023}
}

@phdthesis{chisty2024smart,
  title={Smart sheba: an investigation on the effectiveness of integrating LLM enabled chatbots and using a user-centred design strategy to enhance user experience of older adults},
  author={Chisty, Sharfuddin Khan and Abbasi, Khaled Imtiaz and Afsana, Fairana and Shefa, Sanjida Afroz},
  year={2024},
  school={Brac University}
}

@article{li2024satori,
  title={Satori: Towards Proactive AR Assistant with Belief-Desire-Intention User Modeling},
  author={Li, Chenyi and Wu, Guande and Chan, Gromit Yeuk-Yin and Turakhia, Dishita G and Quispe, Sonia Castelo and Li, Dong and Welch, Leslie and Silva, Claudio and Qian, Jing},
  journal={arXiv preprint arXiv:2410.16668},
  year={2024}
}
@article{zhang2024vision,
  title={Vision-language models for vision tasks: A survey},
  author={Zhang, Jingyi and Huang, Jiaxing and Jin, Sheng and Lu, Shijian},
  journal={IEEE Transactions on Pattern Analysis and Machine Intelligence},
  year={2024},
  publisher={IEEE}
}

@article{dong2023hubo,
  title={HuBo-VLM: Unified Vision-Language Model designed for HUman roBOt interaction tasks},
  author={Dong, Zichao and Zhang, Weikun and Huang, Xufeng and Ji, Hang and Zhan, Xin and Chen, Junbo},
  journal={arXiv preprint arXiv:2308.12537},
  year={2023}
}

@article{song2024vlm,
  title={VLM-Social-Nav: Socially Aware Robot Navigation through Scoring using Vision-Language Models},
  author={Song, Daeun and Liang, Jing and Payandeh, Amirreza and Raj, Amir Hossain and Xiao, Xuesu and Manocha, Dinesh},
  journal={IEEE Robotics and Automation Letters},
  year={2024},
  publisher={IEEE}
}

@article{eapen2023personalization,
  title={Personalization and customization of llm responses},
  author={Eapen, Joel and Adhithyan, VS},
  journal={International Journal of Research Publication and Reviews},
  volume={4},
  number={12},
  pages={2617--2627},
  year={2023}
}

@inproceedings{zhai2023sigmoid,
  title={Sigmoid loss for language image pre-training},
  author={Zhai, Xiaohua and Mustafa, Basil and Kolesnikov, Alexander and Beyer, Lucas},
  booktitle={Proceedings of the IEEE/CVF International Conference on Computer Vision},
  pages={11975--11986},
  year={2023}
}

@article{hu2021lora,
  title={Lora: Low-rank adaptation of large language models},
  author={Hu, Edward J and Shen, Yelong and Wallis, Phillip and Allen-Zhu, Zeyuan and Li, Yuanzhi and Wang, Shean and Wang, Lu and Chen, Weizhu},
  journal={arXiv preprint arXiv:2106.09685},
  year={2021}
}

@misc{generatedphotos,
  author       = {Generated Photos},
  title        = {Generated Photos: Unique, worry-free model photos},
  year         = {2024},
  url          = {https://generated.photos/},
  note         = {Accessed: 2025-01-29}
}

@article{chen2023alpagasus,
  title={Alpagasus: Training a better alpaca with fewer data},
  author={Chen, Lichang and Li, Shiyang and Yan, Jun and Wang, Hai and Gunaratna, Kalpa and Yadav, Vikas and Tang, Zheng and Srinivasan, Vijay and Zhou, Tianyi and Huang, Heng and others},
  journal={arXiv preprint arXiv:2307.08701},
  year={2023}
}

@article{li2023seed,
  title={Seed-bench: Benchmarking multimodal llms with generative comprehension},
  author={Li, Bohao and Wang, Rui and Wang, Guangzhi and Ge, Yuying and Ge, Yixiao and Shan, Ying},
  journal={arXiv preprint arXiv:2307.16125},
  year={2023}
}

@inproceedings{goyal2017making,
  title={Making the v in vqa matter: Elevating the role of image understanding in visual question answering},
  author={Goyal, Yash and Khot, Tejas and Summers-Stay, Douglas and Batra, Dhruv and Parikh, Devi},
  booktitle={Proceedings of the IEEE conference on computer vision and pattern recognition},
  pages={6904--6913},
  year={2017}
}

@article{zhang2019bertscore,
  title={Bertscore: Evaluating text generation with bert},
  author={Zhang, Tianyi and Kishore, Varsha and Wu, Felix and Weinberger, Kilian Q and Artzi, Yoav},
  journal={arXiv preprint arXiv:1904.09675},
  year={2019}
}

@inproceedings{lin-2004-rouge,
    title = "{ROUGE}: A Package for Automatic Evaluation of Summaries",
    author = "Lin, Chin-Yew",
    booktitle = "Text Summarization Branches Out",
    month = jul,
    year = "2004",
    address = "Barcelona, Spain",
    publisher = "Association for Computational Linguistics",
    url = "https://aclanthology.org/W04-1013/",
    pages = "74--81"
}



@article{jiang2023mistral,
  title={Mistral 7B},
  author={Jiang, Albert Q and Sablayrolles, Alexandre and Mensch, Arthur and Bamford, Chris and Chaplot, Devendra Singh and Casas, Diego de las and Bressand, Florian and Lengyel, Gianna and Lample, Guillaume and Saulnier, Lucile and others},
  journal={arXiv preprint arXiv:2310.06825},
  year={2023}
}

@inproceedings{liu2024improved,
  title={Improved baselines with visual instruction tuning},
  author={Liu, Haotian and Li, Chunyuan and Li, Yuheng and Lee, Yong Jae},
  booktitle={Proceedings of the IEEE/CVF Conference on Computer Vision and Pattern Recognition},
  pages={26296--26306},
  year={2024}
}

@misc{mistral_nemo,
  author       = {Mistral AI team},
  title        = {Mistral NeMo},
  year         = {2024},
  url          = {https://mistral.ai/news/mistral-nemo},
  note         = {Accessed: 2024-01-29}
}


@article{agrawal2024pixtral,
  title={Pixtral 12B},
  author={Agrawal, Pravesh and Antoniak, Szymon and Hanna, Emma Bou and Bout, Baptiste and Chaplot, Devendra and Chudnovsky, Jessica and Costa, Diogo and De Monicault, Baudouin and Garg, Saurabh and Gervet, Theophile and others},
  journal={arXiv preprint arXiv:2410.07073},
  year={2024}
}



@article{dubey2024llama,
  title={The llama 3 herd of models},
  author={Dubey, Abhimanyu and Jauhri, Abhinav and Pandey, Abhinav and Kadian, Abhishek and Al-Dahle, Ahmad and Letman, Aiesha and Mathur, Akhil and Schelten, Alan and Yang, Amy and Fan, Angela and others},
  journal={arXiv preprint arXiv:2407.21783},
  year={2024}
}

@article{wu2024mixture,
  title={Mixture of lora experts},
  author={Wu, Xun and Huang, Shaohan and Wei, Furu},
  journal={arXiv preprint arXiv:2404.13628},
  year={2024}
}

@article{steiner2024paligemma,
  title={PaliGemma 2: A Family of Versatile VLMs for Transfer},
  author={Steiner, Andreas and Pinto, Andr{\'e} Susano and Tschannen, Michael and Keysers, Daniel and Wang, Xiao and Bitton, Yonatan and Gritsenko, Alexey and Minderer, Matthias and Sherbondy, Anthony and Long, Shangbang and others},
  journal={arXiv preprint arXiv:2412.03555},
  year={2024}
}

@misc{vlm_dpo_example,
  author       = {Alex Chen},
  title        = {VLM-DPO-Example Dataset},
  year         = {2024},
  url          = {https://huggingface.co/datasets/alexchen4ai/vlm-dpo-example},
  note         = {Accessed: 2025-01-29}
}


@article{allam2024biasdpo,
  title={Biasdpo: Mitigating bias in language models through direct preference optimization},
  author={Allam, Ahmed},
  journal={arXiv preprint arXiv:2407.13928},
  year={2024}
}

@misc{vqa_nle_llava,
  author       = {Patrick Amadeus Irawan},
  title        = {VQA-NLE-LLaVA Dataset},
  year         = {2024},
  url          = {https://huggingface.co/datasets/patrickamadeus/vqa-nle-llava},
  note         = {Accessed: 2025-01-29}
}


@misc{alexa_qa,
  author       = {Zhi Rui Tam},
  title        = {Alexa-QA Dataset},
  year         = {2023},
  url          = {https://huggingface.co/datasets/theblackcat102/alexa-qa},
  note         = {Accessed: 2025-01-29}
}


@misc{face_bench_five_task_sample,
  author       = {Guruprasad Viswanathan Ramesh},
  title        = {Face_Bench_Five_Task_Sample},
  year         = {2024},
  url          = {https://huggingface.co/datasets/gp06aug/Face_Bench_Five_Task_Sample},
  note         = {Accessed: 2025-01-29}
}


@inproceedings{onoe2025docci,
  title={Docci: Descriptions of connected and contrasting images},
  author={Onoe, Yasumasa and Rane, Sunayana and Berger, Zachary and Bitton, Yonatan and Cho, Jaemin and Garg, Roopal and Ku, Alexander and Parekh, Zarana and Pont-Tuset, Jordi and Tanzer, Garrett and others},
  booktitle={European Conference on Computer Vision},
  pages={291--309},
  year={2025},
  organization={Springer}
}

@misc{human-face-emotions-roboflow,
  title = {Human Face Emotions Dataset},
  author = {Yuanjie (Tukey) Tu},
  year = {2024},
  month = {sep},
  howpublished = {\url{https://huggingface.co/datasets/tukey/human_face_emotions_roboflow}},
  note = {Accessed: 2025-01-29}
}




@article{laurenccon2024matters,
  title={What matters when building vision-language models?},
  author={Lauren{\c{c}}on, Hugo and Tronchon, L{\'e}o and Cord, Matthieu and Sanh, Victor},
  journal={arXiv preprint arXiv:2405.02246},
  year={2024}
}

@article{ouyang2022training,
  title={Training language models to follow instructions with human feedback},
  author={Ouyang, Long and Wu, Jeffrey and Jiang, Xu and Almeida, Diogo and Wainwright, Carroll and Mishkin, Pamela and Zhang, Chong and Agarwal, Sandhini and Slama, Katarina and Ray, Alex and others},
  journal={Advances in neural information processing systems},
  volume={35},
  pages={27730--27744},
  year={2022}
}

@article{rafailov2024direct,
  title={Direct preference optimization: Your language model is secretly a reward model},
  author={Rafailov, Rafael and Sharma, Archit and Mitchell, Eric and Manning, Christopher D and Ermon, Stefano and Finn, Chelsea},
  journal={Advances in Neural Information Processing Systems},
  volume={36},
  year={2024}
}

@article{chen2024llava,
  title={Llava-mole: Sparse mixture of lora experts for mitigating data conflicts in instruction finetuning mllms},
  author={Chen, Shaoxiang and Jie, Zequn and Ma, Lin},
  journal={arXiv preprint arXiv:2401.16160},
  year={2024}
}

@article{team2024gemma,
  title={Gemma 2: Improving open language models at a practical size},
  author={Team, Gemma and Riviere, Morgane and Pathak, Shreya and Sessa, Pier Giuseppe and Hardin, Cassidy and Bhupatiraju, Surya and Hussenot, L{\'e}onard and Mesnard, Thomas and Shahriari, Bobak and Ram{\'e}, Alexandre and others},
  journal={arXiv preprint arXiv:2408.00118},
  year={2024}
}

@article{rahimi2025user,
  title={User-VLM: LLM Contextualization with Multimodal Pre-trained User Models},
  author={Rahimi, Hamed and Abrini, Mouad and Khoramshahi, Mahdi and Chetouani, Mohamed},
  year={2025},
    journal={The 39th Annual AAAI Conference on Artificial Intelligence},
}

@article{zhou2022learning,
  title={Learning to prompt for vision-language models},
  author={Zhou, Kaiyang and Yang, Jingkang and Loy, Chen Change and Liu, Ziwei},
  journal={International Journal of Computer Vision},
  volume={130},
  number={9},
  pages={2337--2348},
  year={2022},
  publisher={Springer}
}

@inproceedings{ma2023crepe,
  title={Crepe: Can vision-language foundation models reason compositionally?},
  author={Ma, Zixian and Hong, Jerry and Gul, Mustafa Omer and Gandhi, Mona and Gao, Irena and Krishna, Ranjay},
  booktitle={Proceedings of the IEEE/CVF Conference on Computer Vision and Pattern Recognition},
  pages={10910--10921},
  year={2023}
}

@article{zhang2024cls,
  title={[CLS] Attention is All You Need for Training-Free Visual Token Pruning: Make VLM Inference Faster},
  author={Zhang, Qizhe and Cheng, Aosong and Lu, Ming and Zhuo, Zhiyong and Wang, Minqi and Cao, Jiajun and Guo, Shaobo and She, Qi and Zhang, Shanghang},
  journal={arXiv preprint arXiv:2412.01818},
  year={2024}
}

@article{li2024inference,
  title={Inference optimal vlms need only one visual token but larger models},
  author={Li, Kevin Y and Goyal, Sachin and Semedo, Joao D and Kolter, J Zico},
  journal={arXiv preprint arXiv:2411.03312},
  year={2024}
}

@article{andriella2020short,
  title={Short-term human--robot interaction adaptability in real-world environments},
  author={Andriella, Antonio and Torras, Carme and Alenya, Guillem},
  journal={International Journal of Social Robotics},
  volume={12},
  number={3},
  pages={639--657},
  year={2020},
  publisher={Springer}
}

@article{tanevska2020socially,
  title={A socially adaptable framework for human-robot interaction},
  author={Tanevska, Ana and Rea, Francesco and Sandini, Giulio and Ca{\~n}amero, Lola and Sciutti, Alessandra},
  journal={Frontiers in Robotics and AI},
  volume={7},
  pages={121},
  year={2020},
  publisher={Frontiers Media SA}
}

@article{oertel2020engagement,
  title={Engagement in human-agent interaction: An overview},
  author={Oertel, Catharine and Castellano, Ginevra and Chetouani, Mohamed and Nasir, Jauwairia and Obaid, Mohammad and Pelachaud, Catherine and Peters, Christopher},
  journal={Frontiers in Robotics and AI},
  volume={7},
  pages={92},
  year={2020},
  publisher={Frontiers Media SA}
}

@article{zhuang2024hydra,
  title={Hydra: Model factorization framework for black-box llm personalization},
  author={Zhuang, Yuchen and Sun, Haotian and Yu, Yue and Qiang, Rushi and Wang, Qifan and Zhang, Chao and Dai, Bo},
  journal={arXiv preprint arXiv:2406.02888},
  year={2024}
}

@article{deruyttere2019talk2car,
  title={Talk2car: Taking control of your self-driving car},
  author={Deruyttere, Thierry and Vandenhende, Simon and Grujicic, Dusan and Van Gool, Luc and Moens, Marie-Francine},
  journal={arXiv preprint arXiv:1909.10838},
  year={2019}
}
@inproceedings{yeh2023meta,
  title={Meta-Personalizing Vision-Language Models to Find Named Instances in Video},
  author={Yeh, Chun-Hsiao and Russell, Bryan and Sivic, Josef and Heilbron, Fabian Caba and Jenni, Simon},
  booktitle={Proceedings of the IEEE/CVF Conference on Computer Vision and Pattern Recognition},
  pages={19123--19132},
  year={2023}
}

@article{bu2024restory,
  title={ReStory: VLM-augmentation of Social Human-Robot Interaction Datasets},
  author={Bu, Fanjun and Ju, Wendy},
  journal={arXiv preprint arXiv:2412.20826},
  year={2024}
}

@article{chen2024alignbot,
  title={AlignBot: Aligning VLM-powered Customized Task Planning with User Reminders Through Fine-Tuning for Household Robots},
  author={Chen, Pengan and Wu, Ziniu and Sun, Jiawei and Wang, Dong and Zhou, Peng and Cao, Nieqing and Ding, Yan and Zhao, Bin and Li, Xuelong and others},
  journal={arXiv preprint arXiv:2409.11905},
  year={2024}
}
@article{wang2024vlm,
  title={Vlm see, robot do: Human demo video to robot action plan via vision language model},
  author={Wang, Beichen and Zhang, Juexiao and Dong, Shuwen and Fang, Irving and Feng, Chen},
  journal={arXiv preprint arXiv:2410.08792},
  year={2024}
}

@article{an2024mc,
  title={MC-LLaVA: Multi-Concept Personalized Vision-Language Model},
  author={An, Ruichuan and Yang, Sihan and Lu, Ming and Zeng, Kai and Luo, Yulin and Chen, Ying and Cao, Jiajun and Liang, Hao and She, Qi and Zhang, Shanghang and others},
  journal={arXiv preprint arXiv:2411.11706},
  year={2024}
}
@inproceedings{alaluf2025myvlm,
  title={Myvlm: Personalizing vlms for user-specific queries},
  author={Alaluf, Yuval and Richardson, Elad and Tulyakov, Sergey and Aberman, Kfir and Cohen-Or, Daniel},
  booktitle={European Conference on Computer Vision},
  pages={73--91},
  year={2025},
  organization={Springer}
}

@article{robinson2023robotic,
  title={Robotic vision for human-robot interaction and collaboration: A survey and systematic review},
  author={Robinson, Nicole and Tidd, Brendan and Campbell, Dylan and Kuli{\'c}, Dana and Corke, Peter},
  journal={ACM Transactions on Human-Robot Interaction},
  volume={12},
  number={1},
  pages={1--66},
  year={2023},
  publisher={ACM New York, NY}
}
@inproceedings{sahu2024pop,
  title={POP-VQA-Privacy Preserving, On-Device, Personalized Visual Question Answering},
  author={Sahu, Pragya Paramita and Raut, Abhishek and Samant, Jagdish Singh and Gorijala, Mahesh and Lakshminarayanan, Vignesh and Bhaskar, Pinaki},
  booktitle={Proceedings of the IEEE/CVF Winter Conference on Applications of Computer Vision},
  pages={8470--8479},
  year={2024}
}


@article{lewis2020retrieval,
  title={Retrieval-augmented generation for knowledge-intensive nlp tasks},
  author={Lewis, Patrick and Perez, Ethan and Piktus, Aleksandra and Petroni, Fabio and Karpukhin, Vladimir and Goyal, Naman and K{\"u}ttler, Heinrich and Lewis, Mike and Yih, Wen-tau and Rockt{\"a}schel, Tim and others},
  journal={Advances in Neural Information Processing Systems},
  volume={33},
  pages={9459--9474},
  year={2020}
}

@inproceedings{radford2023robust,
  title={Robust speech recognition via large-scale weak supervision},
  author={Radford, Alec and Kim, Jong Wook and Xu, Tao and Brockman, Greg and McLeavey, Christine and Sutskever, Ilya},
  booktitle={International conference on machine learning},
  pages={28492--28518},
  year={2023},
  organization={PMLR}
}

@inproceedings{mataric2023robot,
  title={A Robot Just for You: Multimodal Personalized Human-Robot Interaction and the Future of Work and Care},
  author={Mataric, Maja},
  booktitle={Proceedings of the 25th International Conference on Multimodal Interaction},
  pages={2--3},
  year={2023}
}

@article{bonci2023robot,
  title={Robot Operating System 2 (ROS2)-based frameworks for increasing robot autonomy: A survey},
  author={Bonci, Andrea and Gaudeni, Francesco and Giannini, Maria Cristina and Longhi, Sauro},
  journal={applied sciences},
  volume={13},
  number={23},
  pages={12796},
  year={2023},
  publisher={MDPI}
}

@inproceedings{shen2018natural,
  title={Natural tts synthesis by conditioning wavenet on mel spectrogram predictions},
  author={Shen, Jonathan and Pang, Ruoming and Weiss, Ron J and Schuster, Mike and Jaitly, Navdeep and Yang, Zongheng and Chen, Zhifeng and Zhang, Yu and Wang, Yuxuan and Skerrv-Ryan, Rj and others},
  booktitle={2018 IEEE international conference on acoustics, speech and signal processing (ICASSP)},
  pages={4779--4783},
  year={2018},
  organization={IEEE}
}

@article{magri2024upgrading,
  title={Upgrading Pepper Robot s Social Interaction with Advanced Hardware and Perception Enhancements},
  author={Magri, Paolo and Amirian, Javad and Chetouani, Mohamed},
  journal={arXiv preprint arXiv:2409.01036},
  year={2024}
}

@ARTICLE{8409927,
  author={Pandey, Amit Kumar and Gelin, Rodolphe},
  journal={IEEE Robotics \& Automation Magazine}, 
  title={A Mass-Produced Sociable Humanoid Robot: Pepper: The First Machine of Its Kind}, 
  year={2018},
  volume={25},
  number={3},
  pages={40-48},
  keywords={Humanoid robots;Shape;Service robots;Hardware;Safety;Software},
  doi={10.1109/MRA.2018.2833157}}

@article{jevtic2018personalized,
  title={Personalized robot assistant for support in dressing},
  author={Jevti{\'c}, Aleksandar and Valle, Andr{\'e}s Flores and Aleny{\`a}, Guillem and Chance, Greg and Caleb-Solly, Praminda and Dogramadzi, Sanja and Torras, Carme},
  journal={IEEE transactions on cognitive and developmental systems},
  volume={11},
  number={3},
  pages={363--374},
  year={2018},
  publisher={IEEE}
}

@inproceedings{irfan2021lifelong,
  title={Lifelong learning and personalization in long-term human-robot interaction (leap-hri)},
  author={Irfan, Bahar and Ramachandran, Aditi and Spaulding, Samuel and Kalkan, Sinan and Parisi, German I and Gunes, Hatice},
  booktitle={Companion of the 2021 ACM/IEEE international conference on human-robot interaction},
  pages={724--727},
  year={2021}
}

@inproceedings{agrigoroaie2016developing,
  title={Developing a healthcare robot with personalized behaviors and social skills for the elderly},
  author={Agrigoroaie, Roxana M and Tapus, Adriana},
  booktitle={2016 11th ACM/IEEE International Conference on Human-Robot Interaction (HRI)},
  pages={589--590},
  year={2016},
  organization={IEEE}
}

@inproceedings{gordon2025mismatch,
  title={Mismatch quest: Visual and textual feedback for image-text misalignment},
  author={Gordon, Brian and Bitton, Yonatan and Shafir, Yonatan and Garg, Roopal and Chen, Xi and Lischinski, Dani and Cohen-Or, Daniel and Szpektor, Idan},
  booktitle={European Conference on Computer Vision},
  pages={310--328},
  year={2025},
  organization={Springer}
}

@inproceedings{liu2024vision,
  title={Vision-language model-driven scene understanding and robotic object manipulation},
  author={Liu, Sichao and Zhang, Jianjing and Gao, Robert X and Wang, Xi Vincent and Wang, Lihui},
  booktitle={2024 IEEE 20th International Conference on Automation Science and Engineering (CASE)},
  pages={21--26},
  year={2024},
  organization={IEEE}
}