@misc{Leandojo,
      title={LeanDojo: Theorem Proving with Retrieval-Augmented Language Models}, 
      author={Kaiyu Yang and Aidan M. Swope and Alex Gu and Rahul Chalamala and Peiyang Song and Shixing Yu and Saad Godil and Ryan Prenger and Anima Anandkumar},
      year={2023},
      eprint={2306.15626},
      archivePrefix={arXiv},
      primaryClass={cs.LG}
}

@misc{mma,
      title={Multilingual Mathematical Autoformalization}, 
      author={Albert Q. Jiang and Wenda Li and Mateja Jamnik},
      year={2023},
      eprint={2311.03755},
      archivePrefix={arXiv},
      primaryClass={cs.CL}
}

