@String(PAMI = {IEEE Trans. Pattern Anal. Mach. Intell.})
@String(IJCV = {Int. J. Comput. Vis.})
@String(CVPR= {IEEE Conf. Comput. Vis. Pattern Recog.})
@String(ICCV= {Int. Conf. Comput. Vis.})
@String(ECCV= {Eur. Conf. Comput. Vis.})
@String(NIPS= {Adv. Neural Inform. Process. Syst.})
@String(ICPR = {Int. Conf. Pattern Recog.})
@String(BMVC= {Brit. Mach. Vis. Conf.})
@String(TOG= {ACM Trans. Graph.})
@String(TIP  = {IEEE Trans. Image Process.})
@String(TVCG  = {IEEE Trans. Vis. Comput. Graph.})
@String(TMM  = {IEEE Trans. Multimedia})
@String(ACMMM= {ACM Int. Conf. Multimedia})
@String(ICME = {Int. Conf. Multimedia and Expo})
@String(ICASSP=	{ICASSP})
@String(ICIP = {IEEE Int. Conf. Image Process.})
@String(ACCV  = {ACCV})
@String(ICLR = {Int. Conf. Learn. Represent.})
@String(IJCAI = {IJCAI})
@String(PR   = {Pattern Recognition})
@String(AAAI = {AAAI})
@String(CVPRW= {IEEE Conf. Comput. Vis. Pattern Recog. Worksh.})
@String(CSVT = {IEEE Trans. Circuit Syst. Video Technol.})

@String(SPL	= {IEEE Sign. Process. Letters})
@String(VR   = {Vis. Res.})
@String(JOV	 = {J. Vis.})
@String(TVC  = {The Vis. Comput.})
@String(JCST  = {J. Comput. Sci. Tech.})
@String(CGF  = {Comput. Graph. Forum})
@String(CVM = {Computational Visual Media})


@String(PAMI  = {IEEE TPAMI})
@String(IJCV  = {IJCV})
@String(CVPR  = {CVPR})
@String(ICCV  = {ICCV})
@String(ECCV  = {ECCV})
@String(NIPS  = {NeurIPS})
@String(ICPR  = {ICPR})
@String(BMVC  =	{BMVC})
@String(TOG   = {ACM TOG})
@String(TIP   = {IEEE TIP})
@String(TVCG  = {IEEE TVCG})
@String(TCSVT = {IEEE TCSVT})
@String(TMM   =	{IEEE TMM})
@String(ACMMM = {ACM MM})
@String(ICME  =	{ICME})
@String(ICASSP=	{ICASSP})
@String(ICIP  = {ICIP})
@String(ACCV  = {ACCV})
@String(ICLR  = {ICLR})
@String(IJCAI = {IJCAI})
@String(PR = {PR})
@String(AAAI = {AAAI})
@String(CVPRW= {CVPRW})
@String(CSVT = {IEEE TCSVT})

@article{minif2f,
  title={MiniF2F: a cross-system benchmark for formal Olympiad-level mathematics},
  author={Zheng, Kunhao and Han, Jesse Michael and Polu, Stanislas},
  journal={arXiv preprint arXiv:2109.00110},
  year={2021}
}
@inproceedings{
glue,
title={{GLUE}: A Multi-Task Benchmark and Analysis Platform for Natural Language Understanding},
author={Alex Wang and Amanpreet Singh and Julian Michael and Felix Hill and Omer Levy and Samuel R. Bowman},
booktitle={International Conference on Learning Representations},
year={2019},
url={https://openreview.net/forum?id=rJ4km2R5t7},
}
@article{generativeLM,
  author       = {Stanislas Polu and
                  Ilya Sutskever},
  title        = {Generative Language Modeling for Automated Theorem Proving},
  journal      = {CoRR},
  volume       = {abs/2009.03393},
  year         = {2020},
  url          = {https://arxiv.org/abs/2009.03393},
  eprinttype    = {arXiv},
  eprint       = {2009.03393},
  timestamp    = {Sat, 23 Jan 2021 01:12:25 +0100},
  biburl       = {https://dblp.org/rec/journals/corr/abs-2009-03393.bib},
  bibsource    = {dblp computer science bibliography, https://dblp.org}
}
@article{INT,
  author       = {Yuhuai Wu and
                  Albert Q. Jiang and
                  Jimmy Ba and
                  Roger B. Grosse},
  title        = {{INT:} An Inequality Benchmark for Evaluating Generalization in Theorem
                  Proving},
  journal      = {CoRR},
  volume       = {abs/2007.02924},
  year         = {2020},
  url          = {https://arxiv.org/abs/2007.02924},
  eprinttype    = {arXiv},
  eprint       = {2007.02924},
  timestamp    = {Mon, 30 May 2022 11:51:57 +0200},
  biburl       = {https://dblp.org/rec/journals/corr/abs-2007-02924.bib},
  bibsource    = {dblp computer science bibliography, https://dblp.org}
}
@inproceedings{
DeepLearningSymbolic,
title={Deep Learning For Symbolic Mathematics},
author={Guillaume Lample and François Charton},
booktitle={International Conference on Learning Representations},
year={2020},
url={https://openreview.net/forum?id=S1eZYeHFDS}
}

@inproceedings{sennrich-etal-2016-improving,
    title = "Improving Neural Machine Translation Models with Monolingual Data",
    author = "Sennrich, Rico  and
      Haddow, Barry  and
      Birch, Alexandra",
    editor = "Erk, Katrin  and
      Smith, Noah A.",
    booktitle = "Proceedings of the 54th Annual Meeting of the Association for Computational Linguistics (Volume 1: Long Papers)",
    month = aug,
    year = "2016",
    address = "Berlin, Germany",
    publisher = "Association for Computational Linguistics",
    url = "https://aclanthology.org/P16-1009",
    doi = "10.18653/v1/P16-1009",
    pages = "86--96",
}


@inproceedings{
LearningAMC,
title={Learning advanced mathematical computations from examples},
author={Francois Charton and Amaury Hayat and Guillaume Lample},
booktitle={International Conference on Learning Representations},
year={2021},
url={https://openreview.net/forum?id=-gfhS00XfKj}
}
@inproceedings{
TeachingLogics,
title={Teaching Temporal Logics to Neural Networks},
author={Christopher Hahn and Frederik Schmitt and Jens U. Kreber and Markus Norman Rabe and Bernd Finkbeiner},
booktitle={International Conference on Learning Representations},
year={2021},
url={https://openreview.net/forum?id=dOcQK-f4byz}
}
@inproceedings{isarstep,
title={IsarStep: a Benchmark for High-level Mathematical Reasoning},
author={Wenda Li and Lei Yu and Yuhuai Wu and Lawrence C. Paulson},
booktitle={International Conference on Learning Representations},
year={2021},
url={https://openreview.net/forum?id=Pzj6fzU6wkj}
}
@article{solvingQR,
  title={Solving quantitative reasoning problems with language models},
  author={Lewkowycz, Aitor and Andreassen, Anders and Dohan, David and Dyer, Ethan and Michalewski, Henryk and Ramasesh, Vinay and Slone, Ambrose and Anil, Cem and Schlag, Imanol and Gutman-Solo, Theo and others},
  journal={Advances in Neural Information Processing Systems},
  volume={35},
  pages={3843--3857},
  year={2022}
}
@misc{Leandojo,
      title={LeanDojo: Theorem Proving with Retrieval-Augmented Language Models}, 
      author={Kaiyu Yang and Aidan M. Swope and Alex Gu and Rahul Chalamala and Peiyang Song and Shixing Yu and Saad Godil and Ryan Prenger and Anima Anandkumar},
      year={2023},
      eprint={2306.15626},
      archivePrefix={arXiv},
      primaryClass={cs.LG}
}
@misc{autoformalization,
      title={Autoformalization with Large Language Models}, 
      author={Yuhuai Wu and Albert Q. Jiang and Wenda Li and Markus N. Rabe and Charles Staats and Mateja Jamnik and Christian Szegedy},
      year={2022},
      eprint={2205.12615},
      archivePrefix={arXiv},
      primaryClass={cs.LG}
}

@inproceedings{WangNMT,
	address = {Cham},
	author = {Wang, Qingxiang and Kaliszyk, Cezary and Urban, Josef},
	booktitle = {Intelligent Computer Mathematics},
	editor = {Rabe, Florian and Farmer, William M. and Passmore, Grant O. and Youssef, Abdou},
	isbn = {978-3-319-96812-4},
	pages = {255--270},
	publisher = {Springer International Publishing},
	title = {First Experiments with Neural Translation of Informal to Formal Mathematics},
	year = {2018}
}

@article{MMLU,
  author       = {Dan Hendrycks and
                  Collin Burns and
                  Steven Basart and
                  Andy Zou and
                  Mantas Mazeika and
                  Dawn Song and
                  Jacob Steinhardt},
  title        = {Measuring Massive Multitask Language Understanding},
  journal      = {CoRR},
  volume       = {abs/2009.03300},
  year         = {2020},
  url          = {https://arxiv.org/abs/2009.03300},
  eprinttype    = {arXiv},
  eprint       = {2009.03300},
  timestamp    = {Thu, 17 Sep 2020 12:49:52 +0200},
  biburl       = {https://dblp.org/rec/journals/corr/abs-2009-03300.bib},
  bibsource    = {dblp computer science bibliography, https://dblp.org}
}
@article{attention,
  author       = {Ashish Vaswani and
                  Noam Shazeer and
                  Niki Parmar and
                  Jakob Uszkoreit and
                  Llion Jones and
                  Aidan N. Gomez and
                  Lukasz Kaiser and
                  Illia Polosukhin},
  title        = {Attention Is All You Need},
  journal      = {CoRR},
  volume       = {abs/1706.03762},
  year         = {2017},
  url          = {http://arxiv.org/abs/1706.03762},
  eprinttype    = {arXiv},
  eprint       = {1706.03762},
  timestamp    = {Sat, 23 Jan 2021 01:20:40 +0100},
  biburl       = {https://dblp.org/rec/journals/corr/VaswaniSPUJGKP17.bib},
  bibsource    = {dblp computer science bibliography, https://dblp.org}
}
@misc{jiang2022thor,
      title={Thor: Wielding Hammers to Integrate Language Models and Automated Theorem Provers}, 
      author={Albert Q. Jiang and Wenda Li and Szymon Tworkowski and Konrad Czechowski and Tomasz Odrzygóźdź and Piotr Miłoś and Yuhuai Wu and Mateja Jamnik},
      year={2022},
      eprint={2205.10893},
      archivePrefix={arXiv},
      primaryClass={cs.AI}
}
@misc{azerbayev2023proofnet,
      title={ProofNet: Autoformalizing and Formally Proving Undergraduate-Level Mathematics}, 
      author={Zhangir Azerbayev and Bartosz Piotrowski and Hailey Schoelkopf and Edward W. Ayers and Dragomir Radev and Jeremy Avigad},
      year={2023},
      eprint={2302.12433},
      archivePrefix={arXiv},
      primaryClass={cs.CL}
}

@misc{azerbayev2023llemma,
      title={Llemma: An Open Language Model For Mathematics}, 
      author={Zhangir Azerbayev and Hailey Schoelkopf and Keiran Paster and Marco Dos Santos and Stephen McAleer and Albert Q. Jiang and Jia Deng and Stella Biderman and Sean Welleck},
      year={2023},
      eprint={2310.10631},
      archivePrefix={arXiv},
      primaryClass={cs.CL}
}

@misc{mma,
      title={Multilingual Mathematical Autoformalization}, 
      author={Albert Q. Jiang and Wenda Li and Mateja Jamnik},
      year={2023},
      eprint={2311.03755},
      archivePrefix={arXiv},
      primaryClass={cs.CL}
}

@misc{poncelas2018investigating,
      title={Investigating Backtranslation in Neural Machine Translation}, 
      author={Alberto Poncelas and Dimitar Shterionov and Andy Way and Gideon Maillette de Buy Wenniger and Peyman Passban},
      year={2018},
      eprint={1804.06189},
      archivePrefix={arXiv},
      primaryClass={cs.CL}
}

@inproceedings{lean4,
  title={The Lean 4 Theorem Prover and Programming Language},
  author={Leonardo Mendonça de Moura and Sebastian Ullrich},
  booktitle={CADE},
  year={2021},
  url={https://api.semanticscholar.org/CorpusID:235800962}
}

@misc{nmt2016google,
      title={Google's Neural Machine Translation System: Bridging the Gap between Human and Machine Translation}, 
      author={Yonghui Wu and Mike Schuster and Zhifeng Chen and Quoc V. Le and Mohammad Norouzi and Wolfgang Macherey and Maxim Krikun and Yuan Cao and Qin Gao and Klaus Macherey and Jeff Klingner and Apurva Shah and Melvin Johnson and Xiaobing Liu and Łukasz Kaiser and Stephan Gouws and Yoshikiyo Kato and Taku Kudo and Hideto Kazawa and Keith Stevens and George Kurian and Nishant Patil and Wei Wang and Cliff Young and Jason Smith and Jason Riesa and Alex Rudnick and Oriol Vinyals and Greg Corrado and Macduff Hughes and Jeffrey Dean},
      year={2016},
      eprint={1609.08144},
      archivePrefix={arXiv},
      primaryClass={cs.CL}
}

@inproceedings{nmt2015baidu,
author = {Dong, Daxiang and Wu, Hua and He, Wei and Yu, Dianhai and Wang, Haifeng},
year = {2015},
month = {01},
pages = {1723-1732},
title = {Multi-Task Learning for Multiple Language Translation},
doi = {10.3115/v1/P15-1166}
}

@inbook{itp2014harrison,
author = {Harrison, John and Urban, Josef and Wiedijk, Freek},
year = {2014},
month = {12},
pages = {135-214},
title = {History of Interactive Theorem Proving},
volume = {9},
isbn = {9780444516244},
journal = {Handbook of the History of Logic},
doi = {10.1016/B978-0-444-51624-4.50004-6}
}

@inproceedings{klein2009formalization,
    address          = {Big Sky, MT, USA},
    author           = {Klein, Gerwin and Elphinstone, Kevin and Heiser, Gernot and Andronick, June and Cock, David and
                        Derrin, Philip and Elkaduwe, Dhammika and Engelhardt, Kai and Kolanski, Rafal and Norrish, Michael
                        and Sewell, Thomas and Tuch, Harvey and Winwood, Simon},
    booktitle        = {ACM Symposium on Operating Systems Principles},
    keywords         = {sel4, microkernel, isabelle, formal verification},
    month            = oct,
    pages            = {207--220},
    paperurl         = {https://trustworthy.systems/publications/nicta_full_text/1852.pdf},
    publisher        = {ACM},
    slides           = {https://trustworthy.systems/publications/nicta_slides/1852.pdf},
    title            = {{seL4}: Formal Verification of an {OS} Kernel},
    video            = {https://www.sigops.org/s/conferences/sosp/2009/videos/15_gerwin_klein.ogg},
    year             = {2009}
  }

@misc{liu2021complementarity,
      title={On the Complementarity between Pre-Training and Back-Translation for Neural Machine Translation}, 
      author={Xuebo Liu and Longyue Wang and Derek F. Wong and Liang Ding and Lidia S. Chao and Shuming Shi and Zhaopeng Tu},
      year={2021},
      eprint={2110.01811},
      archivePrefix={arXiv},
      primaryClass={cs.CL}
}

@misc{han2021unsupervised,
      title={Unsupervised Neural Machine Translation with Generative Language Models Only}, 
      author={Jesse Michael Han and Igor Babuschkin and Harrison Edwards and Arvind Neelakantan and Tao Xu and Stanislas Polu and Alex Ray and Pranav Shyam and Aditya Ramesh and Alec Radford and Ilya Sutskever},
      year={2021},
      eprint={2110.05448},
      archivePrefix={arXiv},
      primaryClass={cs.CL}
}

@article{mathlib4,
  title={The lean mathematical library},
  author={The mathlib Community},
  journal={Proceedings of the 9th ACM SIGPLAN International Conference on Certified Programs and Proofs},
  year={2019},
  url={https://api.semanticscholar.org/CorpusID:204801213}
}

@misc{openai2023gpt4,
      title={GPT-4 Technical Report}, 
      author={OpenAI},
      year={2023},
      eprint={2303.08774},
      archivePrefix={arXiv},
      primaryClass={cs.CL}
}

@misc{wolf2020huggingfaces,
      title={HuggingFace's Transformers: State-of-the-art Natural Language Processing}, 
      author={Thomas Wolf and Lysandre Debut and Victor Sanh and Julien Chaumond and Clement Delangue and Anthony Moi and Pierric Cistac and Tim Rault and Rémi Louf and Morgan Funtowicz and Joe Davison and Sam Shleifer and Patrick von Platen and Clara Ma and Yacine Jernite and Julien Plu and Canwen Xu and Teven Le Scao and Sylvain Gugger and Mariama Drame and Quentin Lhoest and Alexander M. Rush},
      year={2020},
      eprint={1910.03771},
      archivePrefix={arXiv},
      primaryClass={cs.CL}
}

@misc{brown2020language,
      title={Language Models are Few-Shot Learners}, 
      author={Tom B. Brown and Benjamin Mann and Nick Ryder and Melanie Subbiah and Jared Kaplan and Prafulla Dhariwal and Arvind Neelakantan and Pranav Shyam and Girish Sastry and Amanda Askell and Sandhini Agarwal and Ariel Herbert-Voss and Gretchen Krueger and Tom Henighan and Rewon Child and Aditya Ramesh and Daniel M. Ziegler and Jeffrey Wu and Clemens Winter and Christopher Hesse and Mark Chen and Eric Sigler and Mateusz Litwin and Scott Gray and Benjamin Chess and Jack Clark and Christopher Berner and Sam McCandlish and Alec Radford and Ilya Sutskever and Dario Amodei},
      year={2020},
      eprint={2005.14165},
      archivePrefix={arXiv},
      primaryClass={cs.CL}
}