@inproceedings{bertrr,
  title={Deeper text understanding for IR with contextual neural language modeling},
  author={Dai, Zhuyun and Callan, Jamie},
  booktitle={Proceedings of the 42nd international ACM SIGIR conference on research and development in information retrieval},
  pages={985--988},
  year={2019}
}

@article{bm25,
  title={The probabilistic relevance framework: BM25 and beyond},
  author={Robertson, Stephen and Zaragoza, Hugo and others},
  journal={Foundations and Trends{\textregistered} in Information Retrieval},
  volume={3},
  number={4},
  pages={333--389},
  year={2009},
  publisher={Now Publishers, Inc.}
}

@misc{ccfinder,
      title={CoCoMIC: Code Completion By Jointly Modeling In-file and Cross-file Context}, 
      author={Yangruibo Ding and Zijian Wang and Wasi Uddin Ahmad and Murali Krishna Ramanathan and Ramesh Nallapati and Parminder Bhatia and Dan Roth and Bing Xiang},
      year={2023},
      eprint={2212.10007},
      archivePrefix={arXiv},
      primaryClass={cs.CL}
}

@misc{codebert,
      title={CodeBERT: A Pre-Trained Model for Programming and Natural Languages}, 
      author={Zhangyin Feng and Daya Guo and Duyu Tang and Nan Duan and Xiaocheng Feng and Ming Gong and Linjun Shou and Bing Qin and Ting Liu and Daxin Jiang and Ming Zhou},
      year={2020},
      eprint={2002.08155},
      archivePrefix={arXiv},
      primaryClass={cs.CL}
}

@misc{codesearchnet,
      title={CodeSearchNet Challenge: Evaluating the State of Semantic Code Search}, 
      author={Hamel Husain and Ho-Hsiang Wu and Tiferet Gazit and Miltiadis Allamanis and Marc Brockschmidt},
      year={2020},
      eprint={1909.09436},
      archivePrefix={arXiv},
      primaryClass={cs.LG}
}

@misc{codet5,
      title={CodeT5: Identifier-aware Unified Pre-trained Encoder-Decoder Models for Code Understanding and Generation}, 
      author={Yue Wang and Weishi Wang and Shafiq Joty and Steven C. H. Hoi},
      year={2021},
      eprint={2109.00859},
      archivePrefix={arXiv},
      primaryClass={cs.CL}
}

@misc{codexglue,
      title={CodeXGLUE: A Machine Learning Benchmark Dataset for Code Understanding and Generation}, 
      author={Shuai Lu and Daya Guo and Shuo Ren and Junjie Huang and Alexey Svyatkovskiy and Ambrosio Blanco and Colin Clement and Dawn Drain and Daxin Jiang and Duyu Tang and Ge Li and Lidong Zhou and Linjun Shou and Long Zhou and Michele Tufano and Ming Gong and Ming Zhou and Nan Duan and Neel Sundaresan and Shao Kun Deng and Shengyu Fu and Shujie Liu},
      year={2021},
      eprint={2102.04664},
      archivePrefix={arXiv},
      primaryClass={cs.SE}
}

@online{copilot_demo,
  author = {{GitHub Next}},
  title = {Copilot Workspace},
  year = {2023},
  url = {https://githubnext.com/projects/copilot-workspace/},
  urldate = {2023-12-14}
}

@inproceedings{densecode,
author = {Gu, Xiaodong and Zhang, Hongyu and Kim, Sunghun},
title = {Deep Code Search},
year = {2018},
isbn = {9781450356381},
publisher = {Association for Computing Machinery},
address = {New York, NY, USA},
url = {https://doi.org/10.1145/3180155.3180167},
doi = {10.1145/3180155.3180167},
pages = {933–944},
numpages = {12},
keywords = {code search, deep learning, joint embedding},
location = {Gothenburg, Sweden},
series = {ICSE '18}
}

@article{denserr,
  title={Dense passage retrieval for open-domain question answering},
  author={Karpukhin, Vladimir and O{\u{g}}uz, Barlas and Min, Sewon and Lewis, Patrick and Wu, Ledell and Edunov, Sergey and Chen, Danqi and Yih, Wen-tau},
  journal={arXiv preprint arXiv:2004.04906},
  year={2020}
}

@article{devlin2018bert,
  title={Bert: Pre-training of deep bidirectional transformers for language understanding},
  author={Devlin, Jacob and Chang, Ming-Wei and Lee, Kenton and Toutanova, Kristina},
  journal={arXiv preprint arXiv:1810.04805},
  year={2018}
}

@article{multistage,
  title={Multi-stage document ranking with BERT},
  author={Nogueira, Rodrigo and Yang, Wei and Cho, Kyunghyun and Lin, Jimmy},
  journal={arXiv preprint arXiv:1910.14424},
  year={2019}
}

@article{rag,
  title={Retrieval-augmented generation for knowledge-intensive nlp tasks},
  author={Lewis, Patrick and Perez, Ethan and Piktus, Aleksandra and Petroni, Fabio and Karpukhin, Vladimir and Goyal, Naman and K{\"u}ttler, Heinrich and Lewis, Mike and Yih, Wen-tau and Rockt{\"a}schel, Tim and others},
  journal={Advances in Neural Information Processing Systems},
  volume={33},
  pages={9459--9474},
  year={2020}
}

@misc{repobench,
      title={RepoBench: Benchmarking Repository-Level Code Auto-Completion Systems}, 
      author={Tianyang Liu and Canwen Xu and Julian McAuley},
      year={2023},
      eprint={2306.03091},
      archivePrefix={arXiv},
      primaryClass={cs.CL}
}

@misc{repocoder,
      title={RepoCoder: Repository-Level Code Completion Through Iterative Retrieval and Generation}, 
      author={Fengji Zhang and Bei Chen and Yue Zhang and Jacky Keung and Jin Liu and Daoguang Zan and Yi Mao and Jian-Guang Lou and Weizhu Chen},
      year={2023},
      eprint={2303.12570},
      archivePrefix={arXiv},
      primaryClass={cs.CL}
}

@misc{starcoder,
      title={StarCoder: may the source be with you!}, 
      author={Raymond Li and Loubna Ben Allal and Yangtian Zi and Niklas Muennighoff and Denis Kocetkov and Chenghao Mou and Marc Marone and Christopher Akiki and Jia Li and Jenny Chim and Qian Liu and Evgenii Zheltonozhskii and Terry Yue Zhuo and Thomas Wang and Olivier Dehaene and Mishig Davaadorj and Joel Lamy-Poirier and João Monteiro and Oleh Shliazhko and Nicolas Gontier and Nicholas Meade and Armel Zebaze and Ming-Ho Yee and Logesh Kumar Umapathi and Jian Zhu and Benjamin Lipkin and Muhtasham Oblokulov and Zhiruo Wang and Rudra Murthy and Jason Stillerman and Siva Sankalp Patel and Dmitry Abulkhanov and Marco Zocca and Manan Dey and Zhihan Zhang and Nour Fahmy and Urvashi Bhattacharyya and Wenhao Yu and Swayam Singh and Sasha Luccioni and Paulo Villegas and Maxim Kunakov and Fedor Zhdanov and Manuel Romero and Tony Lee and Nadav Timor and Jennifer Ding and Claire Schlesinger and Hailey Schoelkopf and Jan Ebert and Tri Dao and Mayank Mishra and Alex Gu and Jennifer Robinson and Carolyn Jane Anderson and Brendan Dolan-Gavitt and Danish Contractor and Siva Reddy and Daniel Fried and Dzmitry Bahdanau and Yacine Jernite and Carlos Muñoz Ferrandis and Sean Hughes and Thomas Wolf and Arjun Guha and Leandro von Werra and Harm de Vries},
      year={2023},
      eprint={2305.06161},
      archivePrefix={arXiv},
      primaryClass={cs.CL}
}

@misc{swebench,
      title={SWE-bench: Can Language Models Resolve Real-World GitHub Issues?}, 
      author={Carlos E. Jimenez and John Yang and Alexander Wettig and Shunyu Yao and Kexin Pei and Ofir Press and Karthik Narasimhan},
      year={2023},
      eprint={2310.06770},
      archivePrefix={arXiv},
      primaryClass={cs.CL}
}

@misc{yang2024sweagent,
      title={SWE-agent: Agent Computer Interfaces Enable Software Engineering Language Models},
      author={John Yang and Carlos E. Jimenez and Alexander Wettig and Kilian Lieret and Shunyu Yao and Karthik Narasimhan and Ofir Press},
      year={2024},
}

