@article {Jia2024medpodgpt,
    author       = {Jia, Shuyue  and  Bit, Subhrangshu  and  Searls, Edward  and  Claus, Lindsey  and  Fan, Pengrui  and  Jasodan and , Varuna H.  and  Lauber, Meagan V.  and  Veerapaneni, Divya  and  Wang, William M.  and  Au, Rhoda  and  Kolachalama, Vijaya B.},
    title        = {{MedPodGPT}: A multilingual audio-augmented large language model for medical research and education},
    year         = {2024},
    journal      = {medRxiv}
}

@inproceedings{seenivasan2022surgical,
    title={Surgical-vqa: Visual question answering in surgical scenes using transformer},
    author={Seenivasan, Lalithkumar  and  Islam, Mobarakol  and  Krishna, Adithya K.  and  Ren, Hongliang},
    booktitle={International Conference on Medical Image Computing and Computer-Assisted Intervention (MICCAI)},
    year={2022}
}

@article{yuan2024hecvl,
    title={HecVL: Hierarchical Video-Language Pretraining for Zero-shot Surgical Phase Recognition},
    author={Yuan, Kun  and  Srivastav, Vinkle  and  Navab, Nassir  and  Padoy, Nicolas},
    journal={arXiv preprint arXiv:2405.10075},
    year={2024}
}

@inproceedings{yuan2021surgical,
    title={Surgical workflow anticipation using instrument interaction},
    author={Yuan, Kun  and  Holden, Matthew  and  Gao, Shijian  and  Lee, Won-Sook},
    booktitle={International Conference on Medical Image Computing and Computer-Assisted Intervention (MICCAI)},
    year={2021}
}

@article{MLLM-survey,
    title={A Survey on Multimodal Large Language Models},
    author={Yin, Shukang  and  Fu, Chaoyou  and  Zhao, Sirui  and  Li, Ke  and  Sun, Xing  and  Xu, Tong  and  Chen, Enhong},
    journal={arXiv preprint arXiv:2306.13549},
    year={2023}
}

@article{gemini,
    title={Gemini: A Family of Highly Capable Multimodal Models},
    author={Team, Gemini  and  Anil, Rohan  and  Borgeaud, Sebastian  and  Wu, Yonghui  and  Alayrac, Jean-Baptiste  and  Yu, Jiahui  and  Soricut, Radu  and  Schalkwyk, Johan  and  Dai, Andrew M.  and  Hauth, Anja  and  others},
    journal={arXiv preprint arXiv:2312.11805},
    year={2023}
}

@misc{llavanext-strong,
    title={LLaVA-NeXT: Stronger LLMs Supercharge Multimodal Capabilities in the Wild},
    url={https://llava-vl.github.io/blog/2024-05-10-llava-next-stronger-llms/},
    author={Li, Bo  and  Zhang, Kaichen  and  Zhang, Hao  and  Guo, Dong  and  Zhang, Renrui  and  Li, Feng  and  Zhang, Yuanhan  and  Liu, Ziwei  and  Li, Chunyuan},
    month={May},
    year={2024}
}

@inproceedings{r2gen,
    title={Generating Radiology Reports via Memory-driven Transformer},
    author={Chen, Zhihong  and  Song, Yan  and  Chang, Tsung-Hui  and  Wan, Xiang},
    booktitle={the 2020 Conference on Empirical Methods in Natural Language Processing (EMNLP)},
    year={2020}
}

@inproceedings{metransformer,
    title={METransformer: Radiology Report Generation by Transformer with Multiple Learnable Expert Tokens},
    author={Wang, Zhanyu  and  Liu, Lingqiao  and  Wang, Lei  and  Zhou, Luping},
    booktitle={Conference on Computer Vision and Pattern Recognition (CVPR)},
    year={2023}
}

@article{radialog,
    title={RaDialog: A Large Vision-Language Model for Radiology Report Generation and Conversational Assistance},
    author={Pellegrini, Chantal  and  {\"O}zsoy, Ege  and  Busam, Benjamin  and  Navab, Nassir  and  Keicher, Matthias},
    journal={arXiv preprint arXiv:2311.18681},
    year={2023}
}

@inproceedings{llava-med,
    title={LLaVA-Med: Training a Large Language-and-Vision Assistant for Biomedicine in One Day},
    author={Li, Chunyuan  and  Wong, Cliff  and  Zhang, Sheng  and  Usuyama, Naoto  and  Liu, Haotian  and  Yang, Jianwei  and  Naumann, Tristan  and  Poon, Hoifung  and  Gao, Jianfeng},
    booktitle={Advances in Neural Information Processing Systems (NeurIPS)},
    year={2024}
}

@inproceedings{knockoff,
    title={Knockoff Nets: Stealing Functionality of Black-Box Models},
    author={Orekondy, Tribhuvanesh  and  Schiele, Bernt  and  Fritz, Mario},
    booktitle={Conference on Computer Vision and Pattern Recognition (CVPR)},
    year={2019}
}

@inproceedings{dfme,
    title={Data-Free Model Extraction},
    author={Truong, Jean-Baptiste  and  Maini, Pratyush  and  Walls, Robert J.  and  Papernot, Nicolas},
    booktitle={Conference on Computer Vision and Pattern Recognition (CVPR)},
    year={2021}
}

@inproceedings{steal-api,
    title={Stealing Machine Learning Models via Prediction {API}s},
    author={Tram{\`e}r, Florian  and  Zhang, Fan  and  Juels, Ari  and  Reiter, Michael K.  and  Ristenpart, Thomas},
    booktitle={USENIX Security},
    year={2016}
}

@inproceedings{fgsm,
    author       = {Ian J. Goodfellow and Jonathon Shlens and Christian Szegedy},
    title        = {Explaining and Harnessing Adversarial Examples},
    booktitle={International Conference on Learning Representations (ICLR)},
    year         = {2015}
}

@inproceedings{dfkd,
    title={Data-free network quantization with adversarial knowledge distillation},
    author={Choi, Yoojin  and  Choi, Jihwan  and  El-Khamy, Mostafa  and  Lee, Jungwon},
    booktitle={Conference on Computer Vision and Pattern Recognition (CVPR)},
    year={2020}
}

@inproceedings{zero-kd,
    title={Zero-shot knowledge transfer via adversarial belief matching},
    author={Micaelli, Paul  and  Storkey, Amos J.},
    booktitle={Advances in Neural Information Processing Systems (NeurIPS)},
    year={2019}
}

@article{dfad,
    title={Data-free adversarial distillation},
    author={Fang, Gongfan  and  Song, Jie  and  Shen, Chengchao  and  Wang, Xinchao  and  Chen, Da  and  Song, Mingli},
    journal={arXiv preprint arXiv:1912.11006},
    year={2019}
}

@article{steal-lm,
    title={Stealing Part of a Production Language Model},
    author={Carlini, Nicholas  and  Paleka, Daniel  and  Dvijotham, Krishnamurthy Dj  and  Steinke, Thomas  and  Hayase, Jonathan  and  Cooper, A. Feder  and  Lee, Katherine  and  Jagielski, Matthew  and  Nasr, Milad  and  Conmy, Arthur  and  others},
    journal={CoRR},
    year={2024}
}

@inproceedings{mllm-aa,
    title={On the adversarial robustness of multi-modal foundation models},
    author={Schlarmann, Christian  and  Hein, Matthias},
    booktitle={International Conference on Computer Vision (ICCV)},
    year={2023}
}

@inproceedings{idefics,
    title={Obelics: An open web-scale filtered dataset of interleaved image-text documents},
    author={Lauren{\c{c}}on, Hugo and Saulnier, Lucile and Tronchon, L{\'e}o and Bekman, Stas and Singh, Amanpreet and Lozhkov, Anton and Wang, Thomas and Karamcheti, Siddharth and Rush, Alexander and Kiela, Douwe and others},
    booktitle={Advances in Neural Information Processing Systems (NeurIPS)},
    year={2024}
}

@inproceedings{bert-score,
    title={BERTScore: Evaluating Text Generation with BERT},
    author={Zhang, Tianyi  and  Kishore, Varsha  and  Wu, Felix  and  Weinberger, Kilian Q.  and  Artzi, Yoav},
    booktitle={International Conference on Learning Representations (ICLR)},
    year={2019}
}

@inproceedings{zhuang2024stealthy,
    title={Stealthy Imitation: Reward-guided Environment-free Policy Stealing},
    author={Zhuang, Zhixiong  and  Nicolae, Maria-Irina  and  Fritz, Mario},
    booktitle={International Conference on Machine Learning (ICML)},
    year={2024}
}

@inproceedings{r2cmn,
  title={Cross-modal Memory Networks for Radiology Report Generation},
  author={Chen, Zhihong and Shen, Yaling and Song, Yan and Wan, Xiang},
  booktitle={Association for Computational Linguistics (ACL)},
  year={2021}
}

@inproceedings{model-compression,
  title={Model compression},
  author={Bucilu«é, Cristian and Caruana, Rich and Niculescu-Mizil, Alexandru},
  booktitle={ACM SIGKDD Conference on Knowledge Discovery and Data Mining (KDD)},
  year={2006}
}

@inproceedings{mllm-va,
  title={Visual adversarial examples jailbreak aligned large language models},
  author={Qi, Xiangyu and Huang, Kaixuan and Panda, Ashwinee and Henderson, Peter and Wang, Mengdi and Mittal, Prateek},
  booktitle={AAAI Conference on Artificial Intelligence (AAAI)},
  year={2024}
}

@inproceedings{rouge,
    title = {{ROUGE}: A Package for Automatic Evaluation of Summaries},
    author = {Lin, Chin-Yew},
    booktitle = {Association for Computational Linguistics (ACL)},
    year = {2004}
}

@article{t-sne,
  author  = {Laurens van der Maaten and Geoffrey Hinton},
  title   = {Visualizing Data using t-SNE},
  journal = {Journal of Machine Learning Research (JMLR)},
  year    = {2008},
}

@article{huang2024crossmodality,
  title={Cross-Modality Jailbreak and Mismatched Attacks on Medical Multimodal Large Language Models},
  author={Huang, Xijie and Wang, Xinyuan and Zhang, Hantao and Xi, Jiawen and An, Jingkun and Wang, Hao and Pan, Chengwei},
  journal={arXiv preprint arXiv:2405.20775},
  year={2024}
}


@article{zephyr,
  title={Zephyr: Direct distillation of lm alignment},
  author={Tunstall, Lewis and Beeching, Edward and Lambert, Nathan and Rajani, Nazneen and Rasul, Kashif and Belkada, Younes and Huang, Shengyi and von Werra, Leandro and Fourrier, Cl{\'e}mentine and Habib, Nathan and others},
  journal={arXiv preprint arXiv:2310.16944},
  year={2023}
}

% dataset track
@inproceedings{radgraph,
  title={Radgraph: Extracting clinical entities and relations from radiology reports},
  author={Jain, Saahil and Agrawal, Ashwin and Saporta, Adriel and Truong, Steven QH and Duong, Du Nguyen and Bui, Tan and Chambon, Pierre and Zhang, Yuhao and Lungren, Matthew P and Ng, Andrew Y and others},
  booktitle={Advances in Neural Information Processing Systems (NeurIPS)},
  year={2021}
}

@article{mimic-cxr,
  title={MIMIC-CXR, a de-identified publicly available database of chest radiographs with free-text reports},
  author={Johnson, Alistair EW and Pollard, Tom J and Berkowitz, Seth J and Greenbaum, Nathaniel R and Lungren, Matthew P and Deng, Chih-ying and Mark, Roger G and Horng, Steven},
  journal={Scientific data},
  year={2019},
}

@article{iux-ray,
  title={Preparing a collection of radiology examinations for distribution and retrieval},
  author={Demner-Fushman, Dina and Kohli, Marc D and Rosenman, Marc B and Shooshan, Sonya E and Rodriguez, Laritza and Antani, Sameer and Thoma, George R and McDonald, Clement J},
  journal={Journal of the American Medical Informatics Association (JAMIA)},
  year={2016},
}


@article{cifar,
  title={Learning multiple layers of features from tiny images},
  author={Krizhevsky, Alex},
  year={2009},
  journal={University of Toronto}
}




@inproceedings{steal-decoder,
  title={Stealing the decoding algorithms of language models},
  author={Naseh, Ali and Krishna, Kalpesh and Iyyer, Mohit and Houmansadr, Amir},
  booktitle={ACM SIGSAC Conference on Computer and Communications Security (CCS)},
  year={2023}
}

@article{medical-mllm,
  title={A medical multimodal large language model for future pandemics},
  author={Liu, Fenglin and Zhu, Tingting and Wu, Xian and Yang, Bang and You, Chenyu and Wang, Chenyang and Lu, Lei and Liu, Zhangdaihong and Zheng, Yefeng and Sun, Xu and others},
  journal={Nature Partner Journals (NPJ) Digital Medicine},
  year={2023},
}


@inproceedings{kd,
  title={Distilling the knowledge in a neural network},
  author={Hinton, Geoffrey and Vinyals, Oriol and Dean, Jeff},
  booktitle={Advances in Neural Information Processing Systems (NeurIPS) Deep Learning Workshop},
  year={2015}
}

@article{chexagent,
    title={CheXagent: Towards a Foundation Model for Chest X-Ray Interpretation},
    author={Chen, Zhihong and Varma, Maya and Delbrouck, Jean-Benoit and Paschali, Magdalini and Blankemeier, Louis and Veen, Dave Van and Valanarasu, Jeya Maria Jose and Youssef, Alaa and Cohen, Joseph Paul and Reis, Eduardo Pontes and Tsai, Emily B. and Johnston, Andrew and Olsen, Cameron and Abraham, Tanishq Mathew and Gatidis, Sergios and Chaudhari, Akshay S and Langlotz, Curtis},
    journal={arXiv preprint arXiv:2401.12208},
    year={2024}
}

@article{yuan2022anticipation,
  title={Anticipation for surgical workflow through instrument interaction and recognized signals},
  author={Yuan, Kun and Holden, Matthew and Gao, Shijian and Lee, Wonsook},
  journal={Medical Image Analysis},
  year={2022},
}

@article{chen2024vs,
  title={VS-Assistant: Versatile Surgery Assistant on the Demand of Surgeons},
  author={Chen, Zhen and Luo, Xingjian and Wu, Jinlin and Chan, Danny and Lei, Zhen and Wang, Jinqiao and Ourselin, Sebastien and Liu, Hongbin},
  journal={arXiv preprint arXiv:2405.08272},
  year={2024}
}


@article{yuan2023learning,
  title={Learning Multi-modal Representations by Watching Hundreds of Surgical Video Lectures},
  author={Yuan, Kun and Srivastav, Vinkle and Yu, Tong and Lavanchy, Joel and Mascagni, Pietro and Navab, Nassir and Padoy, Nicolas},
  journal={arXiv preprint arXiv:2307.15220},
  year={2023}
}

@inproceedings{ozsoy2024oracle,
  title={ORacle: Large Vision-Language Models for Knowledge-Guided Holistic OR Domain Modeling},
  author={{\"O}zsoy, Ege and Pellegrini, Chantal and Keicher, Matthias and Navab, Nassir},
  booktitle={International Conference on Medical Image Computing and Computer-Assisted Intervention (MICCAI)},
  year={2024}
}

@article{zhang2023biomedgpt,
  title={BiomedGPT: a unified and generalist biomedical generative pre-trained transformer for vision, language, and multimodal tasks},
  author={Zhang, Kai and Yu, Jun and Yan, Zhiling and Liu, Yixin and Adhikarla, Eashan and Fu, Sunyang and Chen, Xun and Chen, Chen and Zhou, Yuyin and Li, Xiang and others},
  journal={arXiv preprint arXiv:2305.17100},
  year={2023}
}

@article{zhang2024generalist,
  title={A generalist vision--language foundation model for diverse biomedical tasks},
  author={Zhang, Kai and Zhou, Rong and Adhikarla, Eashan and Yan, Zhiling and Liu, Yixin and Yu, Jun and Liu, Zhengliang and Chen, Xun and Davison, Brian D and Ren, Hui and others},
  journal={Nature Medicine},
  year={2024},
}

@article{yuan2024advancing,
  title={Advancing surgical VQA with scene graph knowledge},
  author={Yuan, Kun and Kattel, Manasi and Lavanchy, Jo{\"e}l L and Navab, Nassir and Srivastav, Vinkle and Padoy, Nicolas},
  journal={International Journal of Computer Assisted Radiology and Surgery},
  year={2024},
}

@article{gpt4-tech,
  title={GPT-4 Technical Report},
  author={Achiam, Josh and Adler, Steven and Agarwal, Sandhini and Ahmad, Lama and Akkaya, Ilge and Aleman, Florencia Leoni and Almeida, Diogo and Altenschmidt, Janko and Altman, Sam and Anadkat, Shyamal and others},
  journal={arXiv preprint arXiv:2303.08774},
  year={2023}
}

@article{huatuogpt,
  title={HuatuoGPT-Vision, Towards Injecting Medical Visual Knowledge into Multimodal LLMs at Scale},
  author={Chen, Junying and Ouyang, Ruyi and Gao, Anningzhe and Chen, Shunian and Chen, Guiming Hardy and Wang, Xidong and Zhang, Ruifei and Cai, Zhenyang and Ji, Ke and Yu, Guangjun and others},
  journal={arXiv preprint arXiv:2406.19280},
  year={2024}
}

@inproceedings{mllm-safety,
  title={Safety of Multimodal Large Language Models on Images and Text},
  author={Liu, Xin and Zhu, Yichen and Lan, Yunshi and Yang, Chao and Qiao, Yu},
  booktitle={International Joint Conference on Artificial Intelligence (IJCAI)},
  year={2024}
}

@inproceedings{wang2018stealing,
  title={Stealing hyperparameters in machine learning},
  author={Wang, Binghui and Gong, Neil Zhenqiang},
  booktitle={IEEE Symposium on Security and Privacy (IEEE S\&P)},
  year={2018}
}

@inproceedings{joon18iclr,
title = {Towards Reverse-Engineering Black-Box Neural Networks},
author = {Oh, Seong Joon and Augustin, Max and Schiele, Bernt and Fritz, Mario},
year = {2018},
booktitle = {International Conference on Learning Representations (ICLR)},
}


@inproceedings{krishna2019thieves,
  title={Thieves on sesame street! model extraction of bert-based apis},
  author={Krishna, Kalpesh and Tomar, Gaurav Singh and Parikh, Ankur P and Papernot, Nicolas and Iyyer, Mohit},
  booktitle = {International Conference on Learning Representations (ICLR)},
  year={2020}
}


@inproceedings{Orekondy2019PredictionPT,
  title={Prediction Poisoning: Towards Defenses Against DNN Model Stealing Attacks},
  author={Tribhuvanesh Orekondy  and  Bernt Schiele  and  Mario Fritz},
  booktitle={International Conference on Learning Representations (ICLR)},
  year={2019},
}

@inproceedings{kariyappa2020defending,
  title={Defending against model stealing attacks with adaptive misinformation},
  author={Kariyappa, Sanjay and Qureshi, Moinuddin K},
  booktitle={Conference on Computer Vision and Pattern Recognition (CVPR)},
  year={2020}
}

@inproceedings{mazeika2022steer,
  title={How to steer your adversary: Targeted and efficient model stealing defenses with gradient redirection},
  author={Mazeika, Mantas and Li, Bo and Forsyth, David},
  booktitle={International Conference on Machine Learning (ICML)},
  year={2022},
}

@inproceedings{imdb,
  title={Learning word vectors for sentiment analysis},
  author={Maas, Andrew and Daly, Raymond E and Pham, Peter T and Huang, Dan and Ng, Andrew Y and Potts, Christopher},
  booktitle={Association for Computational Linguistics (ACL)},
  pages={142--150},
  year={2011}
}

@inproceedings{chexbert,
  title={Combining Automatic Labelers and Expert Annotations for Accurate Radiology Report Labeling Using BERT},
  author={Smit, Akshay and Jain, Saahil and Rajpurkar, Pranav and Pareek, Anuj and Ng, Andrew Y and Lungren, Matthew},
  booktitle={Empirical Methods in Natural Language Processing (EMNLP)},
  year={2020}
}

@inproceedings{irvin2019chexpert,
  title={Chexpert: A large chest radiograph dataset with uncertainty labels and expert comparison},
  author={Irvin, Jeremy and Rajpurkar, Pranav and Ko, Michael and Yu, Yifan and Ciurea-Ilcus, Silviana and Chute, Chris and Marklund, Henrik and Haghgoo, Behzad and Ball, Robyn and Shpanskaya, Katie and others},
  booktitle={AAAI conference on artificial intelligence (AAAI)},
  year={2019}
}

@inproceedings{med-flamingo,
  title={Med-flamingo: a multimodal medical few-shot learner},
  author={Moor, Michael and Huang, Qian and Wu, Shirley and Yasunaga, Michihiro and Dalmia, Yash and Leskovec, Jure and Zakka, Cyril and Reis, Eduardo Pontes and Rajpurkar, Pranav},
  booktitle={Machine Learning for Health (ML4H)},
  year={2023},
  organization={PMLR}
}

@inproceedings{peskaVLP,
  title={Procedure-Aware Surgical Video-language Pretraining with Hierarchical Knowledge Augmentation},
  author={Yuan, Kun and Srivastav, Vinkle and Navab, Nassir and Padoy, Nicolas},
  booktitle={Advances in Neural Information Processing Systems (NeurIPS)},
    year={2024}
}