@article{dfad,
    title={Data-free adversarial distillation},
    author={Fang, Gongfan  and  Song, Jie  and  Shen, Chengchao  and  Wang, Xinchao  and  Chen, Da  and  Song, Mingli},
    journal={arXiv preprint arXiv:1912.11006},
    year={2019}
}

@inproceedings{dfkd,
    title={Data-free network quantization with adversarial knowledge distillation},
    author={Choi, Yoojin  and  Choi, Jihwan  and  El-Khamy, Mostafa  and  Lee, Jungwon},
    booktitle={Conference on Computer Vision and Pattern Recognition (CVPR)},
    year={2020}
}

@inproceedings{dfme,
    title={Data-Free Model Extraction},
    author={Truong, Jean-Baptiste  and  Maini, Pratyush  and  Walls, Robert J.  and  Papernot, Nicolas},
    booktitle={Conference on Computer Vision and Pattern Recognition (CVPR)},
    year={2021}
}

@inproceedings{joon18iclr,
title = {Towards Reverse-Engineering Black-Box Neural Networks},
author = {Oh, Seong Joon and Augustin, Max and Schiele, Bernt and Fritz, Mario},
year = {2018},
booktitle = {International Conference on Learning Representations (ICLR)},
}

@inproceedings{kd,
  title={Distilling the knowledge in a neural network},
  author={Hinton, Geoffrey and Vinyals, Oriol and Dean, Jeff},
  booktitle={Advances in Neural Information Processing Systems (NeurIPS) Deep Learning Workshop},
  year={2015}
}

@inproceedings{knockoff,
    title={Knockoff Nets: Stealing Functionality of Black-Box Models},
    author={Orekondy, Tribhuvanesh  and  Schiele, Bernt  and  Fritz, Mario},
    booktitle={Conference on Computer Vision and Pattern Recognition (CVPR)},
    year={2019}
}

@inproceedings{krishna2019thieves,
  title={Thieves on sesame street! model extraction of bert-based apis},
  author={Krishna, Kalpesh and Tomar, Gaurav Singh and Parikh, Ankur P and Papernot, Nicolas and Iyyer, Mohit},
  booktitle = {International Conference on Learning Representations (ICLR)},
  year={2020}
}

@inproceedings{mllm-aa,
    title={On the adversarial robustness of multi-modal foundation models},
    author={Schlarmann, Christian  and  Hein, Matthias},
    booktitle={International Conference on Computer Vision (ICCV)},
    year={2023}
}

@inproceedings{mllm-safety,
  title={Safety of Multimodal Large Language Models on Images and Text},
  author={Liu, Xin and Zhu, Yichen and Lan, Yunshi and Yang, Chao and Qiao, Yu},
  booktitle={International Joint Conference on Artificial Intelligence (IJCAI)},
  year={2024}
}

@inproceedings{model-compression,
  title={Model compression},
  author={Bucilu«é, Cristian and Caruana, Rich and Niculescu-Mizil, Alexandru},
  booktitle={ACM SIGKDD Conference on Knowledge Discovery and Data Mining (KDD)},
  year={2006}
}

@inproceedings{steal-api,
    title={Stealing Machine Learning Models via Prediction {API}s},
    author={Tram{\`e}r, Florian  and  Zhang, Fan  and  Juels, Ari  and  Reiter, Michael K.  and  Ristenpart, Thomas},
    booktitle={USENIX Security},
    year={2016}
}

@inproceedings{wang2018stealing,
  title={Stealing hyperparameters in machine learning},
  author={Wang, Binghui and Gong, Neil Zhenqiang},
  booktitle={IEEE Symposium on Security and Privacy (IEEE S\&P)},
  year={2018}
}

@inproceedings{zero-kd,
    title={Zero-shot knowledge transfer via adversarial belief matching},
    author={Micaelli, Paul  and  Storkey, Amos J.},
    booktitle={Advances in Neural Information Processing Systems (NeurIPS)},
    year={2019}
}

@inproceedings{zhuang2024stealthy,
    title={Stealthy Imitation: Reward-guided Environment-free Policy Stealing},
    author={Zhuang, Zhixiong  and  Nicolae, Maria-Irina  and  Fritz, Mario},
    booktitle={International Conference on Machine Learning (ICML)},
    year={2024}
}

