@article{Choi2021ILVRCM,
  title={ILVR: Conditioning Method for Denoising Diffusion Probabilistic Models},
  author={Jooyoung Choi and Sungwon Kim and Yonghyun Jeong and Youngjune Gwon and Sungroh Yoon},
  journal={2021 IEEE/CVF International Conference on Computer Vision (ICCV)},
  year={2021},
  pages={14347-14356},
}

@article{cardoso2023monte,
  title={Monte Carlo guided diffusion for Bayesian linear inverse problems},
  author={Cardoso, Gabriel and Idrissi, Yazid Janati El and Corff, Sylvain Le and Moulines, Eric},
  journal={arXiv preprint arXiv:2308.07983},
  year={2023}
}

@article{chung2023parallel,
  title={Parallel Diffusion Models of Operator and Image for Blind Inverse Problems},
  author={Chung, Hyungjin and Kim, Jeongsol and Kim, Sehui and Ye, Jong Chul},
  journal={IEEE/CVF Conference on Computer Vision and Pattern Recognition},
  year={2023}
}

@inproceedings{chungdiffusion,
  author       = {Hyungjin Chung and
                  Jeongsol Kim and
                  Michael Thompson McCann and
                  Marc Louis Klasky and
                  Jong Chul Ye},
  title        = {Diffusion Posterior Sampling for General Noisy Inverse Problems},
  booktitle    = {The Eleventh International Conference on Learning Representations
                  {ICLR}},
  publisher    = {OpenReview.net},
  year         = {2023},
}

@inproceedings{dou2024diffusion,
  title={Diffusion posterior sampling for linear inverse problem solving: A filtering perspective},
  author={Dou, Zehao and Song, Yang},
  booktitle={The Twelfth International Conference on Learning Representations},
  year={2024}
}

@article{ho2020denoising,
  title={Denoising diffusion probabilistic models},
  author={Ho, Jonathan and Jain, Ajay and Abbeel, Pieter},
  journal={Advances in Neural Information Processing Systems},
  volume={33},
  pages={6840--6851},
  year={2020}
}

@article{kawar2022denoising,
  title={Denoising diffusion restoration models},
  author={Kawar, Bahjat and Elad, Michael and Ermon, Stefano and Song, Jiaming},
  journal={Advances in Neural Information Processing Systems},
  volume={35},
  pages={23593--23606},
  year={2022}
}

@article{nazemi2024particle,
  title={Particle-Filtering-based Latent Diffusion for Inverse Problems},
  author={Nazemi, Amir and Sepanj, Mohammad Hadi and Pellegrino, Nicholas and Czarnecki, Chris and Fieguth, Paul},
  journal={arXiv preprint arXiv:2408.13868},
  year={2024}
}

@inproceedings{rout2024beyond,
  title={Beyond first-order tweedie: Solving inverse problems using latent diffusion},
  author={Rout, Litu and Chen, Yujia and Kumar, Abhishek and Caramanis, Constantine and Shakkottai, Sanjay and Chu, Wen-Sheng},
  booktitle={Proceedings of the IEEE/CVF Conference on Computer Vision and Pattern Recognition},
  pages={9472--9481},
  year={2024}
}

@inproceedings{rout2024solving,
  author       = {Litu Rout and
                  Negin Raoof and
                  Giannis Daras and
                  Constantine Caramanis and
                  Alex Dimakis and
                  Sanjay Shakkottai},
  title        = {Solving Linear Inverse Problems Provably via Posterior Sampling with
                  Latent Diffusion Models},
  booktitle    = {Advances in Neural Information Processing Systems 36: Annual Conference
                  on Neural Information Processing Systems (NeurIPS)},
  year         = {2023},
}

@book{sarkka2013bayesian,
  title={Bayesian filtering and smoothing},
  author={S{\"a}rkk{\"a}, Simo},
  year={2013},
  publisher={Cambridge university press}
}

@inproceedings{sohl2015deep,
  title={Deep unsupervised learning using nonequilibrium thermodynamics},
  author={Sohl-Dickstein, Jascha and Weiss, Eric and Maheswaranathan, Niru and Ganguli, Surya},
  booktitle={International conference on machine learning},
  pages={2256--2265},
  year={2015},
  organization={PMLR}
}

@inproceedings{song2023pseudoinverse,
  title={Pseudoinverse-guided diffusion models for inverse problems},
  author={Song, Jiaming and Vahdat, Arash and Mardani, Morteza and Kautz, Jan},
  booktitle={International Conference on Learning Representations},
  year={2023}
}

@inproceedings{song2023solving,
  author       = {Bowen Song and
                  Soo Min Kwon and
                  Zecheng Zhang and
                  Xinyu Hu and
                  Qing Qu and
                  Liyue Shen},
  title        = {Solving Inverse Problems with Latent Diffusion Models via Hard Data
                  Consistency},
  booktitle    = {The Twelfth International Conference on Learning Representations,
                  {ICLR}},
  publisher    = {OpenReview.net},
  year         = {2024},
}

@inproceedings{songscore,
  author       = {Yang Song and
                  Jascha Sohl{-}Dickstein and
                  Diederik P. Kingma and
                  Abhishek Kumar and
                  Stefano Ermon and
                  Ben Poole},
  title        = {Score-Based Generative Modeling through Stochastic Differential Equations},
  booktitle    = {9th International Conference on Learning Representations {ICLR}},
  publisher    = {OpenReview.net},
  year         = {2021}
}

@article{sun2024provable,
        title={Provable Probabilistic Imaging using Score-Based Generative Priors},
        author={Yu Sun and Zihui Wu and Yifan Chen and Berthy Feng and Katherine L. Bouman},
        journal={IEEE Transactions on Computational Imaging},
        year={2024},
        volume={10},
        pages={1290-1305},
}

@inproceedings{wangzero,
  title={Zero-Shot Image Restoration Using Denoising Diffusion Null-Space Model},
  author={Wang, Yinhuai and Yu, Jiwen and Zhang, Jian},
  booktitle={The Eleventh International Conference on Learning Representations},
  year = {2023}
}

@article{wu2024practical,
  title={Practical and asymptotically exact conditional sampling in diffusion models},
  author={Wu, Luhuan and Trippe, Brian and Naesseth, Christian and Blei, David and Cunningham, John P},
  journal={Advances in Neural Information Processing Systems},
  volume={36},
  year={2024}
}

