@inproceedings{songscore,
  author       = {Yang Song and
                  Jascha Sohl{-}Dickstein and
                  Diederik P. Kingma and
                  Abhishek Kumar and
                  Stefano Ermon and
                  Ben Poole},
  title        = {Score-Based Generative Modeling through Stochastic Differential Equations},
  booktitle    = {9th International Conference on Learning Representations {ICLR}},
  publisher    = {OpenReview.net},
  year         = {2021}
}

@article{poole2022dreamfusion,
  title={Dreamfusion: Text-to-3d using 2d diffusion},
  author={Poole, Ben and Jain, Ajay and Barron, Jonathan T and Mildenhall, Ben},
  journal={arXiv preprint arXiv:2209.14988},
  year={2022}
}

@article{ho2020denoising,
  title={Denoising diffusion probabilistic models},
  author={Ho, Jonathan and Jain, Ajay and Abbeel, Pieter},
  journal={Advances in Neural Information Processing Systems},
  volume={33},
  pages={6840--6851},
  year={2020}
}

@inproceedings{SongME21,
  author       = {Jiaming Song and
                  Chenlin Meng and
                  Stefano Ermon},
  title        = {Denoising Diffusion Implicit Models},
  booktitle    = {9th International Conference on Learning Representations, {ICLR}},
  year         = {2021},
}

@inproceedings{dou2024diffusion,
  title={Diffusion posterior sampling for linear inverse problem solving: A filtering perspective},
  author={Dou, Zehao and Song, Yang},
  booktitle={The Twelfth International Conference on Learning Representations},
  year={2024}
}

@techreport{NoML22,
     title       = {Numerics of Machine Learning},
     author      = {N. Bosch and J. Grosse and P. Hennig and A. Kristiadi and M. Pförtner 
                    and J. Schmidt and F. Schneider and L. Tatzel and J. Wenger},     
     series      = {Lecture Notes in Machine Learning},     
     year        = {2022},
     institution = {Tübingen AI Center},
}

@article{wu2024practical,
  title={Practical and asymptotically exact conditional sampling in diffusion models},
  author={Wu, Luhuan and Trippe, Brian and Naesseth, Christian and Blei, David and Cunningham, John P},
  journal={Advances in Neural Information Processing Systems},
  volume={36},
  year={2024}
}

@inproceedings{song2023solving,
  author       = {Bowen Song and
                  Soo Min Kwon and
                  Zecheng Zhang and
                  Xinyu Hu and
                  Qing Qu and
                  Liyue Shen},
  title        = {Solving Inverse Problems with Latent Diffusion Models via Hard Data
                  Consistency},
  booktitle    = {The Twelfth International Conference on Learning Representations,
                  {ICLR}},
  publisher    = {OpenReview.net},
  year         = {2024},
}

@article{cardoso2023monte,
  title={Monte Carlo guided diffusion for Bayesian linear inverse problems},
  author={Cardoso, Gabriel and Idrissi, Yazid Janati El and Corff, Sylvain Le and Moulines, Eric},
  journal={arXiv preprint arXiv:2308.07983},
  year={2023}
}

@inproceedings{rombach2022high,
  title={High-resolution image synthesis with latent diffusion models},
  author={Rombach, Robin and Blattmann, Andreas and Lorenz, Dominik and Esser, Patrick and Ommer, Bj{\"o}rn},
  booktitle={Proceedings of the IEEE/CVF conference on computer vision and pattern recognition},
  pages={10684--10695},
  year={2022}
}

@book{sarkka2013bayesian,
  title={Bayesian filtering and smoothing},
  author={S{\"a}rkk{\"a}, Simo},
  year={2013},
  publisher={Cambridge university press}
}

@article{kingma2021variational,
  title={Variational diffusion models},
  author={Kingma, Diederik and Salimans, Tim and Poole, Ben and Ho, Jonathan},
  journal={Advances in neural information processing systems},
  volume={34},
  pages={21696--21707},
  year={2021}
}

@book{tarantola2005inverse,
  title={Inverse problem theory and methods for model parameter estimation},
  author={Tarantola, Albert},
  year={2005},
  publisher={SIAM}
}

@inproceedings{sohl2015deep,
  title={Deep unsupervised learning using nonequilibrium thermodynamics},
  author={Sohl-Dickstein, Jascha and Weiss, Eric and Maheswaranathan, Niru and Ganguli, Surya},
  booktitle={International conference on machine learning},
  pages={2256--2265},
  year={2015},
  organization={PMLR}
}

@article{jalal2021robust,
  title={Robust compressed sensing {MRI} with deep generative priors},
  author={Jalal, Ajil and Arvinte, Marius and Daras, Giannis and Price, Eric and Dimakis, Alexandros G and Tamir, Jon},
  journal={Advances in Neural Information Processing Systems},
  volume={34},
  pages={14938--14954},
  year={2021}
}

@article{hinton2006reducing,
  title={Reducing the dimensionality of data with neural networks},
  author={Hinton, Geoffrey E and Salakhutdinov, Ruslan R},
  journal={science},
  volume={313},
  number={5786},
  pages={504--507},
  year={2006},
  publisher={American Association for the Advancement of Science}
}

@inproceedings{chungdiffusion,
  author       = {Hyungjin Chung and
                  Jeongsol Kim and
                  Michael Thompson McCann and
                  Marc Louis Klasky and
                  Jong Chul Ye},
  title        = {Diffusion Posterior Sampling for General Noisy Inverse Problems},
  booktitle    = {The Eleventh International Conference on Learning Representations
                  {ICLR}},
  publisher    = {OpenReview.net},
  year         = {2023},
}

@inproceedings{rout2024solving,
  author       = {Litu Rout and
                  Negin Raoof and
                  Giannis Daras and
                  Constantine Caramanis and
                  Alex Dimakis and
                  Sanjay Shakkottai},
  title        = {Solving Linear Inverse Problems Provably via Posterior Sampling with
                  Latent Diffusion Models},
  booktitle    = {Advances in Neural Information Processing Systems 36: Annual Conference
                  on Neural Information Processing Systems (NeurIPS)},
  year         = {2023},
}

@article{heusel2017gans,
  title={Gans trained by a two time-scale update rule converge to a local nash equilibrium},
  author={Heusel, Martin and Ramsauer, Hubert and Unterthiner, Thomas and Nessler, Bernhard and Hochreiter, Sepp},
  journal={Advances in neural information processing systems},
  volume={30},
  year={2017}
}

@article{mittal2012making,
  title={Making a “completely blind” image quality analyzer},
  author={Mittal, Anish and Soundararajan, Rajiv and Bovik, Alan C},
  journal={IEEE Signal processing letters},
  volume={20},
  number={3},
  pages={209--212},
  year={2012},
  publisher={IEEE}
}

@article{wang2004image,
  title={Image quality assessment: from error visibility to structural similarity},
  author={Wang, Zhou and Bovik, Alan C and Sheikh, Hamid R and Simoncelli, Eero P},
  journal={IEEE transactions on image processing},
  volume={13},
  number={4},
  pages={600--612},
  year={2004},
  publisher={IEEE}
}

@inproceedings{zhang2018unreasonable,
  title={The unreasonable effectiveness of deep features as a perceptual metric},
  author={Zhang, Richard and Isola, Phillip and Efros, Alexei A and Shechtman, Eli and Wang, Oliver},
  booktitle={Proceedings of the IEEE conference on computer vision and pattern recognition},
  pages={586--595},
  year={2018}
}

@article{efron2011tweedie,
  title={Tweedie’s formula and selection bias},
  author={Efron, Bradley},
  journal={Journal of the American Statistical Association},
  volume={106},
  number={496},
  pages={1602--1614},
  year={2011},
  publisher={Taylor \& Francis}
}

@inproceedings{robbins1956empirical,
  title={An Empirical Bayes Approach to Statistics},
  author={Robbins, Herbert},
  booktitle={Proceedings of the Third Berkeley Symposium on Mathematical Statistics and Probability, Volume 1: Contributions to the Theory of Statistics},
  volume={3},
  pages={157--164},
  year={1956},
  organization={University of California Press}
}


@article{naesseth2019elements,
  title={Elements of sequential monte carlo},
  author={Naesseth, Christian A and Lindsten, Fredrik and Sch{\"o}n, Thomas B and others},
  journal={Foundations and Trends{\textregistered} in Machine Learning},
  volume={12},
  number={3},
  pages={307--392},
  year={2019},
  publisher={Now Publishers, Inc.}
}

@article{van2001art,
  title={The art of data augmentation},
  author={Van Dyk, David A and Meng, Xiao-Li},
  journal={Journal of Computational and Graphical Statistics},
  volume={10},
  number={1},
  pages={1--50},
  year={2001},
  publisher={Taylor \& Francis}
}

@article{polson2013bayesian,
  title={Bayesian inference for logistic models using P{\'o}lya--Gamma latent variables},
  author={Polson, Nicholas G and Scott, James G and Windle, Jesse},
  journal={Journal of the American statistical Association},
  volume={108},
  number={504},
  pages={1339--1349},
  year={2013},
  publisher={Taylor \& Francis}
}

@inproceedings{murphy2001rao,
  author       = {Arnaud Doucet and
                  Nando de Freitas and
                  Kevin P. Murphy and
                  Stuart Russell},
  editor       = {Craig Boutilier and
                  Mois{\'{e}}s Goldszmidt},
  title        = {Rao-{B}lackwellised Particle Filtering for Dynamic {B}ayesian Networks},
  booktitle    = {Proceedings of the 16th Conference in Uncertainty in Artificial Intelligence (UAI)},
  pages        = {176--183},
  year         = {2000},
 }

@inproceedings{rout2024beyond,
  title={Beyond first-order tweedie: Solving inverse problems using latent diffusion},
  author={Rout, Litu and Chen, Yujia and Kumar, Abhishek and Caramanis, Constantine and Shakkottai, Sanjay and Chu, Wen-Sheng},
  booktitle={Proceedings of the IEEE/CVF Conference on Computer Vision and Pattern Recognition},
  pages={9472--9481},
  year={2024}
}

@inproceedings{esser2021taming,
  title={Taming transformers for high-resolution image synthesis},
  author={Esser, Patrick and Rombach, Robin and Ommer, Bjorn},
  booktitle={Proceedings of the IEEE/CVF conference on computer vision and pattern recognition},
  pages={12873--12883},
  year={2021}
}

@inproceedings{song2023pseudoinverse,
  title={Pseudoinverse-guided diffusion models for inverse problems},
  author={Song, Jiaming and Vahdat, Arash and Mardani, Morteza and Kautz, Jan},
  booktitle={International Conference on Learning Representations},
  year={2023}
}

@article{del2012adaptive,
  title={An adaptive sequential {M}onte {C}arlo method for approximate {B}ayesian computation},
  author={Del Moral, Pierre and Doucet, Arnaud and Jasra, Ajay},
  journal={Statistics and computing},
  volume={22},
  pages={1009--1020},
  year={2012},
  publisher={Springer}
}

@book{doucet2001sequential,
  title={Sequential {M}onte {C}arlo methods in practice},
  author={Doucet, Arnaud and De Freitas, Nando and Gordon, Neil James and others},
  volume={1},
  year={2001},
  publisher={Springer}
}

@book{chopin2020introduction,
  title={An introduction to sequential {M}onte {C}arlo},
  author={Chopin, Nicolas and Papaspiliopoulos, Omiros and others},
  volume={4},
  year={2020},
  publisher={Springer}
}

@article{nazemi2024particle,
  title={Particle-Filtering-based Latent Diffusion for Inverse Problems},
  author={Nazemi, Amir and Sepanj, Mohammad Hadi and Pellegrino, Nicholas and Czarnecki, Chris and Fieguth, Paul},
  journal={arXiv preprint arXiv:2408.13868},
  year={2024}
}

%%%%%%


@inproceedings{zhang2018learning,
  title={Learning a single convolutional super-resolution network for multiple degradations},
  author={Zhang, Kai and Zuo, Wangmeng and Zhang, Lei},
  booktitle={IEEE Conference on Computer Vision and Pattern Recognition},
  pages={3262-3271},
  year={2018}
}

@inproceedings{zhang2021designing,
  title={Designing a practical degradation model for deep blind image super-resolution},
  author={Zhang, Kai and Liang, Jingyun and Van Gool, Luc and Timofte, Radu},
  booktitle={Proceedings of the IEEE/CVF International Conference on Computer Vision},
  pages={4791--4800},
  year={2021}
}

@article{luo2020unfolding,
  title={Unfolding the Alternating Optimization for Blind Super Resolution},
  author={Luo, Zhengxiong and Huang, Yan and Li, Shang and Wang, Liang and Tan, Tieniu},
  journal={Advances in Neural Information Processing Systems (NeurIPS)},
  volume={33},
  year={2020}
}

@inproceedings{liang2021swinir,
  title={Swinir: Image restoration using swin transformer},
  author={Liang, Jingyun and Cao, Jiezhang and Sun, Guolei and Zhang, Kai and Van Gool, Luc and Timofte, Radu},
  booktitle={Proceedings of the IEEE/CVF international conference on computer vision},
  pages={1833--1844},
  year={2021}
}

@article{goodfellow2014generative,
  title={Generative adversarial nets},
  author={Goodfellow, Ian and Pouget-Abadie, Jean and Mirza, Mehdi and Xu, Bing and Warde-Farley, David and Ozair, Sherjil and Courville, Aaron and Bengio, Yoshua},
  journal={Advances in neural information processing systems},
  volume={27},
  year={2014}
}

@inproceedings{zhou2022codeformer,
    author = {Zhou, Shangchen and Chan, Kelvin C.K. and Li, Chongyi and Loy, Chen Change},
    title = {Towards Robust Blind Face Restoration with Codebook Lookup TransFormer},
    booktitle = {NeurIPS},
    year = {2022}
}

@article{lin2023diffbir,
  title={Diffbir: Towards blind image restoration with generative diffusion prior},
  author={Lin, Xinqi and He, Jingwen and Chen, Ziyan and Lyu, Zhaoyang and Dai, Bo and Yu, Fanghua and Ouyang, Wanli and Qiao, Yu and Dong, Chao},
  journal={arXiv preprint arXiv:2308.15070},
  year={2023}
}

@article{yue2024difface,
  title={Difface: Blind face restoration with diffused error contraction},
  author={Yue, Zongsheng and Loy, Chen Change},
  journal={IEEE Transactions on Pattern Analysis and Machine Intelligence},
  year={2024},
  publisher={IEEE}
}

@inproceedings{zhu2024flowie,
  title={FlowIE: Efficient Image Enhancement via Rectified Flow},
  author={Zhu, Yixuan and Zhao, Wenliang and Li, Ao and Tang, Yansong and Zhou, Jie and Lu, Jiwen},
  booktitle={Proceedings of the IEEE/CVF Conference on Computer Vision and Pattern Recognition},
  pages={13--22},
  year={2024}
}

@article{ohayon2024posterior,
  title={Posterior-Mean Rectified Flow: Towards Minimum MSE Photo-Realistic Image Restoration},
  author={Ohayon, Guy and Michaeli, Tomer and Elad, Michael},
  journal={arXiv preprint arXiv:2410.00418},
  year={2024}
}

@inproceedings{
lipman2023flow,
title={Flow Matching for Generative Modeling},
author={Yaron Lipman and Ricky T. Q. Chen and Heli Ben-Hamu and Maximilian Nickel and Matthew Le},
booktitle={The Eleventh International Conference on Learning Representations },
year={2023},
url={https://openreview.net/forum?id=PqvMRDCJT9t}
}

@InProceedings{wang2021realesrgan,
    author    = {Xintao Wang and Liangbin Xie and Chao Dong and Ying Shan},
    title     = {Real-ESRGAN: Training Real-World Blind Super-Resolution with Pure Synthetic Data},
    booktitle = {International Conference on Computer Vision Workshops (ICCVW)},
    date      = {2021}
}

@InProceedings{wang2021gfpgan,
    author = {Xintao Wang and Yu Li and Honglun Zhang and Ying Shan},
    title = {Towards Real-World Blind Face Restoration with Generative Facial Prior},
    booktitle={The IEEE Conference on Computer Vision and Pattern Recognition (CVPR)},
    year = {2021}
}

@inproceedings{yang2021gan,
  title={Gan prior embedded network for blind face restoration in the wild},
  author={Yang, Tao and Ren, Peiran and Xie, Xuansong and Zhang, Lei},
  booktitle={Proceedings of the IEEE/CVF conference on computer vision and pattern recognition},
  pages={672--681},
  year={2021}
}

@article{kawar2022denoising,
  title={Denoising diffusion restoration models},
  author={Kawar, Bahjat and Elad, Michael and Ermon, Stefano and Song, Jiaming},
  journal={Advances in Neural Information Processing Systems},
  volume={35},
  pages={23593--23606},
  year={2022}
}

@inproceedings{wangzero,
  title={Zero-Shot Image Restoration Using Denoising Diffusion Null-Space Model},
  author={Wang, Yinhuai and Yu, Jiwen and Zhang, Jian},
  booktitle={The Eleventh International Conference on Learning Representations},
  year = {2023}
}

@inproceedings{fei2023generative,
  title={Generative diffusion prior for unified image restoration and enhancement},
  author={Fei, Ben and Lyu, Zhaoyang and Pan, Liang and Zhang, Junzhe and Yang, Weidong and Luo, Tianyue and Zhang, Bo and Dai, Bo},
  booktitle={Proceedings of the IEEE/CVF Conference on Computer Vision and Pattern Recognition},
  pages={9935--9946},
  year={2023}
}

@inproceedings{
liu2023flow,
title={Flow Straight and Fast: Learning to Generate and Transfer Data with Rectified Flow},
author={Xingchao Liu and Chengyue Gong and qiang liu},
booktitle={The Eleventh International Conference on Learning Representations },
year={2023},
url={https://openreview.net/forum?id=XVjTT1nw5z}
}

@inproceedings{yu2023freedom,
  title={Freedom: Training-free energy-guided conditional diffusion model},
  author={Yu, Jiwen and Wang, Yinhuai and Zhao, Chen and Ghanem, Bernard and Zhang, Jian},
  booktitle={Proceedings of the IEEE/CVF International Conference on Computer Vision},
  pages={23174--23184},
  year={2023}
}

@article{ILSVRC15,
Author = {Olga Russakovsky and Jia Deng and Hao Su and Jonathan Krause and Sanjeev Satheesh and Sean Ma and Zhiheng Huang and Andrej Karpathy and Aditya Khosla and Michael Bernstein and Alexander C. Berg and Li Fei-Fei},
Title = {{ImageNet Large Scale Visual Recognition Challenge}},
Year = {2015},
journal   = {International Journal of Computer Vision (IJCV)},
doi = {10.1007/s11263-015-0816-y},
volume={115},
number={3},
pages={211-252}
}

@inproceedings{KarrasLA19,
  author       = {Tero Karras and
                  Samuli Laine and
                  Timo Aila},
  title        = {A Style-Based Generator Architecture for Generative Adversarial Networks},
  booktitle    = {{IEEE} Conference on Computer Vision and Pattern Recognition, {CVPR}},
  pages        = {4401--4410},
  publisher    = {Computer Vision Foundation / {IEEE}},
  year         = {2019},
}

@inproceedings{blau2018perception,
  title={The perception-distortion tradeoff},
  author={Blau, Yochai and Michaeli, Tomer},
  booktitle={Proceedings of the IEEE conference on computer vision and pattern recognition},
  pages={6228--6237},
  year={2018}
}

@inproceedings{esser2024scaling,
  title={Scaling rectified flow transformers for high-resolution image synthesis},
  author={Esser, Patrick and Kulal, Sumith and Blattmann, Andreas and Entezari, Rahim and M{\"u}ller, Jonas and Saini, Harry and Levi, Yam and Lorenz, Dominik and Sauer, Axel and Boesel, Frederic and others},
  booktitle={Forty-first International Conference on Machine Learning},
  year={2024}
}

@book{blackledge2005digital,
  title={Digital image processing: mathematical and computational methods},
  author={Blackledge, Jonathan M},
  year={2005},
  publisher={Elsevier}
}

%%%%%%%%%%%%%%%%

@article{daras2024survey,
  title={A Survey on Diffusion Models for Inverse Problems},
  author={Daras, Giannis and Chung, Hyungjin and Lai, Chieh-Hsin and Mitsufuji, Yuki and Ye, Jong Chul and Milanfar, Peyman and Dimakis, Alexandros G and Delbracio, Mauricio},
  journal={CoRR},
  year={2024}
}


@inproceedings{
trippe2023diffusion,
title={Diffusion probabilistic modeling of protein backbones in 3D for the motif-scaffolding problem},
  author={Trippe, Brian L and Yim, Jason and Tischer, Doug and Broderick, Tamara and Baker, David and Barzilay, Regina and Jaakkola, Tommi},
booktitle={The Eleventh International Conference on Learning Representations },
year={2023},
}

%%%%%%%%%%%

@article{sun2024provable,
        title={Provable Probabilistic Imaging using Score-Based Generative Priors},
        author={Yu Sun and Zihui Wu and Yifan Chen and Berthy Feng and Katherine L. Bouman},
        journal={IEEE Transactions on Computational Imaging},
        year={2024},
        volume={10},
        pages={1290-1305},
}

@article{Choi2021ILVRCM,
  title={ILVR: Conditioning Method for Denoising Diffusion Probabilistic Models},
  author={Jooyoung Choi and Sungwon Kim and Yonghyun Jeong and Youngjune Gwon and Sungroh Yoon},
  journal={2021 IEEE/CVF International Conference on Computer Vision (ICCV)},
  year={2021},
  pages={14347-14356},
}

@article{chung2023parallel,
  title={Parallel Diffusion Models of Operator and Image for Blind Inverse Problems},
  author={Chung, Hyungjin and Kim, Jeongsol and Kim, Sehui and Ye, Jong Chul},
  journal={IEEE/CVF Conference on Computer Vision and Pattern Recognition},
  year={2023}
}


@article{Virieux2009seismology,
author = {Virieux, Jean and Operto, Stéphane},
year = {2009},
month = {11},
pages = {WCC1-WCC26},
title = {An overview of full-waveform inversion in exploration geophysics},
volume = {74},
journal = {Geophysics},
}

@inproceedings{
  song2021scorebased,
  title={Score-Based Generative Modeling through Stochastic Differential Equations},
  author={Yang Song and Jascha Sohl-Dickstein and Diederik P Kingma and Abhishek Kumar and Stefano Ermon and Ben Poole},
  booktitle={International Conference on Learning Representations},
  year={2021},
  url={https://openreview.net/forum?id=PxTIG12RRHS}
}

@inproceedings{chung2023solving,
  author       = {Hyungjin Chung and
                  Dohoon Ryu and
                  Michael T. McCann and
                  Marc Louis Klasky and
                  Jong Chul Ye},
  title        = {Solving 3D Inverse Problems Using Pre-Trained 2D Diffusion Models},
  booktitle    = {{IEEE/CVF} Conference on Computer Vision and Pattern Recognition, {CVPR} },
  pages        = {22542--22551},
  publisher    = {{IEEE}},
  year         = {2023},
}

@inproceedings{Moliner2023audio,
  author       = {Eloi Moliner and
                  Jaakko Lehtinen and
                  Vesa V{\"{a}}lim{\"{a}}ki},
  title        = {Solving Audio Inverse Problems with a Diffusion Model},
  booktitle    = {{IEEE} International Conference on Acoustics, Speech and Signal Processing {ICASSP}},
  pages        = {1--5},
  publisher    = {{IEEE}},
  year         = {2023},
}

@article{Craig1986book,
  title={Inverse problems in astronomy. A guide to inversion strategies for remotely sensed data},
  author={Craig, IJD and Brown, JC},
  journal={Bristol: Hilger},
  year={1986}
}

@ARTICLE{Chen2021,
  author={Chen, Wei and Zhang, Bowen and Jin, Shi and Ai, Bo and Zhong, Zhangdui},
  journal={IEEE Journal on Selected Areas in Communications}, 
  title={Solving Sparse Linear Inverse Problems in Communication Systems: A Deep Learning Approach With Adaptive Depth}, 
  year={2021},
  volume={39},
  number={1},
  pages={4-17},
}

