@article{10063974,
  author={Zhao, Wenyu and Zhou, Dong and Cao, Buqing and Zhang, Kai and Chen, Jinjun},
  journal={IEEE Transactions on Artificial Intelligence}, 
  title={Adversarial Modality Alignment Network for Cross-Modal Molecule Retrieval}, 
  year={2024},
  volume={5},
  number={1},
  pages={278-289},
  keywords={Graph neural networks;Semantics;Representation learning;Adversarial machine learning;Information retrieval;Cross-modal molecule retrieval (Text2Mol);graph transformer network (GTN);modality alignment;molecule representation},
  doi={10.1109/TAI.2023.3254518}}

@inproceedings{10821722,
  author={Song, Jia and Zhuang, Wanru and Lin, Yujie and Zhang, Liang and Li, Chunyan and Su, Jinsong and He, Song and Bo, Xiaochen},
  booktitle={2024 IEEE International Conference on Bioinformatics and Biomedicine (BIBM)}, 
  title={Towards Cross-Modal Text-Molecule Retrieval with Better Modality Alignment}, 
  year={2024},
  volume={},
  number={},
  pages={1161-1168},
  keywords={Training;Drugs;Analytical models;Accuracy;Large language models;Biological system modeling;Contrastive learning;Feature extraction;Vectors;Bioinformatics;Text-molecule Retrieval;Multi-modality Representation Learning;Cross-modal Alignment;Second-order Similarity},
  doi={10.1109/BIBM62325.2024.10821722}}

@inproceedings{10822800,
  author={Min, Zijun and Liu, Bingshuai and Zhang, Liang and Song, Jia and Su, Jinsong and He, Song and Bo, Xiaochen},
  booktitle={2024 IEEE International Conference on Bioinformatics and Biomedicine (BIBM)}, 
  title={Exploring Optimal Transport-Based Multi-Grained Alignments for Text-Molecule Retrieval}, 
  year={2024},
  volume={},
  number={},
  pages={2317-2324},
  keywords={Proteins;Technological innovation;Protein engineering;Biological system modeling;Soft sensors;Contrastive learning;Biological systems;Feature extraction;Bioinformatics;Biomedical imaging;Text-molecule Retrieval;Multi-grained Representation Learning;Cross-modal Alignment;Optimal Transport},
  doi={10.1109/BIBM62325.2024.10822800}}

@inproceedings{andrew2013deep,
  title={Deep canonical correlation analysis},
  author={Andrew, Galen and Arora, Raman and Bilmes, Jeff and Livescu, Karen},
  booktitle={International conference on machine learning},
  pages={1247--1255},
  year={2013},
  organization={PMLR}
}

@article{gong2012iterative,
  title={Iterative quantization: A procrustean approach to learning binary codes for large-scale image retrieval},
  author={Gong, Yunchao and Lazebnik, Svetlana and Gordo, Albert and Perronnin, Florent},
  journal={IEEE transactions on pattern analysis and machine intelligence},
  volume={35},
  number={12},
  pages={2916--2929},
  year={2012},
  publisher={IEEE}
}

@article{hardoon2004canonical,
  title={Canonical correlation analysis: An overview with application to learning methods},
  author={Hardoon, David R and Szedmak, Sandor and Shawe-Taylor, John},
  journal={Neural computation},
  volume={16},
  number={12},
  pages={2639--2664},
  year={2004},
  publisher={MIT Press}
}

@article{lai2000kernel,
  title={Kernel and nonlinear canonical correlation analysis},
  author={Lai, Pei Ling and Fyfe, Colin},
  journal={International journal of neural systems},
  volume={10},
  number={05},
  pages={365--377},
  year={2000},
  publisher={World Scientific}
}

@inproceedings{li2021multi,
author = {Li, Lin and Li, Ming and Zan, Zichen and Xie, Qing and Liu, Jianquan},
title = {Multi-subspace Implicit Alignment for Cross-modal Retrieval on Cooking Recipes and Food Images},
year = {2021},
isbn = {9781450384469},
publisher = {Association for Computing Machinery},
address = {New York, NY, USA},
url = {https://doi.org/10.1145/3459637.3482149},
doi = {10.1145/3459637.3482149}

@article{su2022molecularmultimodalfoundationmodel,
      title={A Molecular Multimodal Foundation Model Associating Molecule Graphs with Natural Language}, 
      author={Bing Su and Dazhao Du and Zhao Yang and Yujie Zhou and Jiangmeng Li and Anyi Rao and Hao Sun and Zhiwu Lu and Ji-Rong Wen},
      year={2022},
      eprint={2209.05481},
      archivePrefix={arXiv},
      primaryClass={cs.LG},
      url={https://arxiv.org/abs/2209.05481}, 
      journal={CoRR},
      volume={abs/2209.05481}
}

@inproceedings{wang2019learning,
  title={Learning cross-modal embeddings with adversarial networks for cooking recipes and food images},
  author={Wang, Hao and Sahoo, Doyen and Liu, Chenghao and Lim, Ee-peng and Hoi, Steven CH},
  booktitle={Proceedings of the IEEE/CVF conference on computer vision and pattern recognition},
  pages={11572--11581},
  year={2019}
}

@article{weiss2008spectral,
  title={Spectral hashing},
  author={Weiss, Yair and Torralba, Antonio and Fergus, Rob},
  journal={Advances in neural information processing systems},
  volume={21},
  year={2008}
}

@inproceedings{zhang2010self,
  title={Self-taught hashing for fast similarity search},
  author={Zhang, Dell and Wang, Jun and Cai, Deng and Lu, Jinsong},
  booktitle={Proceedings of the 33rd international ACM SIGIR conference on Research and development in information retrieval},
  pages={18--25},
  year={2010}
}

