@inproceedings{Duan2020Minimax,
  title        = {Minimax-optimal off-policy evaluation with linear function approximation},
  author       = {Duan, Yaqi and Jia, Zeyu and Wang, Mengdi},
  booktitle    = {International Conference on Machine Learning},
  pages        = {2701--2709},
  year         = {2020},
  organization = {PMLR}
}

@inproceedings{Dudik2011Doubly,
  title     = {Doubly robust policy evaluation and learning},
  author    = {Dud{\'\i}k, Miroslav and Langford, John and Li, Lihong},
  booktitle = {Proceedings of the 28th International Conference on Machine Learning},
  pages     = {1097--1104},
  year      = {2011}
}

@article{Hadad2021Confidence,
  title     = {Confidence Intervals for Policy Evaluation in Adaptive Experiments},
  author    = {Hadad, Vitor and Hirshberg, David A and Zhan, Ruohan and Wager, Stefan and Athey, Susan},
  journal   = {Proceedings of the National Academy of Sciences},
  volume    = {118},
  number    = {15},
  pages     = {e2014602118},
  year      = {2021},
  publisher = {National Academy of Sciences}
}

@inproceedings{Hanna2017DataEfficientPE,
  title     = {Data-Efficient Policy Evaluation Through Behavior Policy Search},
  author    = {Josiah P. Hanna and Philip S. Thomas and Peter Stone and Scott Niekum},
  booktitle = {International Conference on Machine Learning},
  year      = {2017}
}

@article{Howard2018TimeUniform,
  title   = {Time-uniform, nonparametric, nonasymptotic confidence sequences},
  author  = {Steven R. Howard and Aaditya Ramdas and Jon D. McAuliffe and Jasjeet S. Sekhon},
  journal = {The Annals of Statistics},
  year    = {2021}
}

@article{Huang2021OffCB,
  title   = {Off-policy Risk Assessment in Contextual Bandits},
  author  = {Huang, Audrey and Leqi, Liu and Lipton, Zachary and Azizzadenesheli, Kamyar},
  journal = {Advances in Neural Information Processing Systems},
  volume  = {34},
  pages   = {23714--23726},
  year    = {2021}
}

@inproceedings{Huang2022OffRL,
  title        = {Off-policy risk assessment for markov decision processes},
  author       = {Huang, Audrey and Leqi, Liu and Lipton, Zachary and Azizzadenesheli, Kamyar},
  booktitle    = {International Conference on Artificial Intelligence and Statistics},
  pages        = {5022--5050},
  year         = {2022},
  organization = {PMLR}
}

@inproceedings{Jiang2016DoublyRO,
  title        = {Doubly robust off-policy value evaluation for reinforcement learning},
  author       = {Jiang, Nan and Li, Lihong},
  booktitle    = {International Conference on Machine Learning},
  pages        = {652--661},
  year         = {2016},
  organization = {PMLR}
}

@article{Konyushova2021Active,
  title   = {Active offline policy selection},
  author  = {Konyushova, Ksenia and Chen, Yutian and Paine, Thomas and Gulcehre, Caglar and Paduraru, Cosmin and Mankowitz, Daniel J. and Denil, Misha and de Freitas, Nando},
  journal = {Advances in Neural Information Processing Systems},
  volume  = {34},
  pages   = {24631--24644},
  year    = {2021}
}

@inproceedings{Li2011Unbiased,
  title     = {Unbiased Offline Evaluation of Contextual-Bandit-Based News Article Recommendation Algorithms},
  author    = {Li, Lihong and Chu, Wei and Langford, John and Wang, Xuanhui},
  booktitle = {Proceedings of the fourth ACM international conference on Web search and data mining},
  pages     = {297--306},
  year      = {2011}
}

@inproceedings{Li2015Toward,
  title        = {Toward minimax off-policy value estimation},
  author       = {Li, Lihong and Munos, R{\'e}mi and Szepesv{\'a}ri, Csaba},
  booktitle    = {Artificial Intelligence and Statistics},
  pages        = {608--616},
  year         = {2015},
  organization = {PMLR}
}

@article{Ma2021MinimaxOE,
  title   = {Minimax Off-Policy Evaluation for Multi-Armed Bandits},
  author  = {Ma, Cong and Zhu, Banghua and Jiao, Jiantao and Wainwright, Martin J},
  journal = {IEEE Transactions on Information Theory},
  year    = {2021},
  volume  = {68},
  pages   = {5314-5339}
}

@inproceedings{Wang2017OptimalAA,
  title        = {Optimal and Adaptive Off-policy Evaluation in Contextual Bandits},
  author       = {Wang, Yu-Xiang and Agarwal, Alekh and Dud{\i}k, Miroslav},
  booktitle    = {International Conference on Machine Learning},
  pages        = {3589--3597},
  year         = {2017},
  organization = {PMLR}
}

@article{Waudby2023Estimating,
  title   = {Estimating Means of Bounded Random Variables by Betting},
  author  = {Waudby-Smith, Ian and Ramdas, Aaditya},
  journal = {Journal of the Royal Statistical Society Series B Methodological},
  year    = {2023}
}

@article{WaudbySmith2022AnytimevalidOI,
  title     = {Anytime-Valid Off-Policy Inference for Contextual Bandits},
  author    = {Waudby-Smith, Ian and Wu, Lili and Ramdas, Aaditya and Karampatziakis, Nikos and Mineiro, Paul},
  journal   = {ACM/JMS Journal of Data Science},
  year      = {2022},
  publisher = {ACM New York, NY}
}

@article{Zhang2020Inference,
  title   = {Inference for Batched Bandits},
  author  = {Zhang, Kelly and Janson, Lucas and Murphy, Susan},
  journal = {Advances in Neural Information Processing Systems},
  volume  = {33},
  pages   = {9818--9829},
  year    = {2020}
}

@article{Zhang2021Statistical,
  title   = {Statistical Inference with M-estimators on Adaptively Collected Data},
  author  = {Zhang, Kelly and Janson, Lucas and Murphy, Susan},
  journal = {Advances in Neural Information Processing Systems},
  volume  = {34},
  pages   = {7460--7471},
  year    = {2021}
}

