@inproceedings{Antos2008ActiveLI,
  title     = {Active Learning in Multi-armed Bandits},
  author    = {Andr{\'a}s Antos and Varun Grover and Csaba Szepesvari},
  booktitle = {International Conference on Algorithmic Learning Theory},
  year      = {2008},
  url       = {https://api.semanticscholar.org/CorpusID:12265712}
}


@article{audibert2006use,
  title  = {Use of variance estimation in the multi-armed bandit problem},
  author = {Audibert, Jean-Yves and Munos, R{\'e}mi and Szepesv{\'a}ri, Csaba},
  year   = {2006}
}


@inproceedings{Auer1995Gambling,
  title        = {Gambling in a Rigged Casino: The Adversarial Multi-Armed Bandit Problem},
  author       = {Auer, Peter and Cesa-Bianchi, Nicolo and Freund, Yoav and Schapire, Robert E},
  booktitle    = {Proceedings of IEEE 36th Annual Foundations of Computer Science},
  pages        = {322--331},
  year         = {1995},
  organization = {IEEE}
}

@article{Auer2002Finite,
  title     = {Finite-Time Analysis of the Multi-Armed Bandit Problem},
  author    = {Auer, Peter and Cesa-Bianchi, Nicolo and Fischer, Paul},
  journal   = {Machine Learning},
  volume    = {47},
  pages     = {235--256},
  year      = {2002},
  publisher = {Springer}
}

@article{Bahadur1956TheNO,
  title     = {The Nonexistence of Certain Statistical Procedures in Nonparametric Problems},
  author    = {Bahadur, Raghu R and Savage, Leonard J},
  journal   = {The Annals of Mathematical Statistics},
  volume    = {27},
  number    = {4},
  pages     = {1115--1122},
  year      = {1956},
  publisher = {JSTOR}
}

@article{Banerjee2016Influence,
  title     = {The Influence of Randomized Controlled Trials on Development Economics Research and on Development Policy},
  author    = {Banerjee, Abhijit Vinayak and Duflo, Esther and Kremer, Michael},
  journal   = {The State of Economics, The State of the World},
  pages     = {482--488},
  year      = {2016},
  publisher = {PublicAffairs}
}

@book{Bickel1993Efficient,
  title     = {Efficient and adaptive estimation for semiparametric models},
  author    = {Bickel, Peter J and Klaassen, Chris AJ and Bickel, Peter J and Ritov, Ya’acov and Klaassen, J and Wellner, Jon A and Ritov, YA'Acov},
  volume    = {4},
  year      = {1993},
  publisher = {Springer}
}

@article{Carpentier2011FiniteTA,
  title   = {Finite time analysis of stratified sampling for Monte Carlo},
  author  = {Carpentier, Alexandra and Munos, R{\'e}mi},
  journal = {Advances in Neural Information Processing Systems},
  volume  = {24},
  year    = {2011}
}

@inproceedings{Carpentier2011UpperConfidenceBoundAF,
  title     = {Upper-Confidence-Bound Algorithms for Active Learning in Multi-Armed Bandits},
  author    = {Alexandra Carpentier and Alessandro Lazaric and Mohammad Ghavamzadeh and R{\'e}mi Munos and Peter Auer and Andr{\'a}s Antos},
  booktitle = {International Conference on Algorithmic Learning Theory},
  year      = {2011}
}

@article{Chow2005Statistical,
  title     = {Statistical Consideration of Adaptive Methods in Clinical Development},
  author    = {Chow, Shein-Chung and Chang, Mark and Pong, Annpey},
  journal   = {Journal of Biopharmaceutical Statistics},
  volume    = {15},
  number    = {4},
  pages     = {575--591},
  year      = {2005},
  publisher = {Taylor \& Francis}
}


@article{Chow2008Adaptive,
  title     = {Adaptive Design Methods in Clinical Trials--A Review},
  author    = {Chow, Shein-Chung and Chang, Mark},
  journal   = {Orphanet Journal of Rare Diseases},
  volume    = {3},
  pages     = {1--13},
  year      = {2008},
  publisher = {Springer}
}

@inproceedings{cook24semi,
  title     = {Semiparametric Efficient Inference in Adaptive Experiments},
  author    = {Cook, Thomas and Mishler, Alan and Ramdas, Aaditya},
  booktitle = {Proceedings of the Third Conference on Causal Learning and Reasoning},
  pages     = {1033--1064},
  year      = {2024},
  volume    = {236},
  series    = {Proceedings of Machine Learning Research},
  month     = {01--03 Apr},
  publisher = {PMLR},
}

@article{dai2023clip,
  title   = {Clip-{OGD}: An experimental design for adaptive {N}eyman allocation in sequential experiments},
  author  = {Dai, Jessica and Gradu, Paula and Harshaw, Christopher},
  journal = {Advances in Neural Information Processing Systems},
  volume  = {36},
  pages   = {32235--32269},
  year    = {2023}
}

@inproceedings{Duan2020Minimax,
  title        = {Minimax-optimal off-policy evaluation with linear function approximation},
  author       = {Duan, Yaqi and Jia, Zeyu and Wang, Mengdi},
  booktitle    = {International Conference on Machine Learning},
  pages        = {2701--2709},
  year         = {2020},
  organization = {PMLR}
}

@inproceedings{Dudik2011Doubly,
  title     = {Doubly robust policy evaluation and learning},
  author    = {Dud{\'\i}k, Miroslav and Langford, John and Li, Lihong},
  booktitle = {Proceedings of the 28th International Conference on Machine Learning},
  pages     = {1097--1104},
  year      = {2011}
}

@article{Garivier2016OnES,
  title   = {On explore-then-commit strategies},
  author  = {Garivier, Aur{\'e}lien and Lattimore, Tor and Kaufmann, Emilie},
  journal = {Advances in Neural Information Processing Systems},
  volume  = {29},
  year    = {2016}
}

@article{Hadad2021Confidence,
  title     = {Confidence Intervals for Policy Evaluation in Adaptive Experiments},
  author    = {Hadad, Vitor and Hirshberg, David A and Zhan, Ruohan and Wager, Stefan and Athey, Susan},
  journal   = {Proceedings of the National Academy of Sciences},
  volume    = {118},
  number    = {15},
  pages     = {e2014602118},
  year      = {2021},
  publisher = {National Academy of Sciences}
}

@article{Hahn2009AdaptiveED,
  title   = {Adaptive Experimental Design Using the Propensity Score},
  author  = {Jinyong Hahn and Keisuke Hirano and Dean S. Karlan},
  journal = {Journal of Business \& Economic Statistics},
  year    = {2009},
  volume  = {29},
  pages   = {108 - 96}
}


@inproceedings{Hanna2017DataEfficientPE,
  title     = {Data-Efficient Policy Evaluation Through Behavior Policy Search},
  author    = {Josiah P. Hanna and Philip S. Thomas and Peter Stone and Scott Niekum},
  booktitle = {International Conference on Machine Learning},
  year      = {2017}
}

@article{Hariton2018Randomised,
  title     = {Randomised Controlled Trials—The Gold Standard for Effectiveness Research},
  author    = {Hariton, Eduardo and Locascio, Joseph J},
  journal   = {BJOG: An International Journal of Obstetrics and Gynaecology},
  volume    = {125},
  number    = {13},
  pages     = {1716},
  year      = {2018},
  publisher = {NIH Public Access}
}

@article{Hollis1999Meant,
  title     = {What is Meant by Intention to Treat Analysis? Survey of Published Randomised Controlled Trials},
  author    = {Hollis, Sally and Campbell, Fiona},
  journal   = {The BMJ},
  volume    = {319},
  number    = {7211},
  pages     = {670--674},
  year      = {1999},
  publisher = {British Medical Journal Publishing Group}
}

@article{Howard2018TimeUniform,
  title   = {Time-uniform, nonparametric, nonasymptotic confidence sequences},
  author  = {Steven R. Howard and Aaditya Ramdas and Jon D. McAuliffe and Jasjeet S. Sekhon},
  journal = {The Annals of Statistics},
  year    = {2021}
}

@article{Huang2021OffCB,
  title   = {Off-policy Risk Assessment in Contextual Bandits},
  author  = {Huang, Audrey and Leqi, Liu and Lipton, Zachary and Azizzadenesheli, Kamyar},
  journal = {Advances in Neural Information Processing Systems},
  volume  = {34},
  pages   = {23714--23726},
  year    = {2021}
}

@inproceedings{Huang2022OffRL,
  title        = {Off-policy risk assessment for markov decision processes},
  author       = {Huang, Audrey and Leqi, Liu and Lipton, Zachary and Azizzadenesheli, Kamyar},
  booktitle    = {International Conference on Artificial Intelligence and Statistics},
  pages        = {5022--5050},
  year         = {2022},
  organization = {PMLR}
}


@book{Imbens2015Causal,
  title     = {Causal inference in statistics, social, and biomedical sciences},
  author    = {Imbens, Guido W and Rubin, Donald B},
  year      = {2015},
  publisher = {Cambridge University Rress}
}

@inproceedings{Jiang2016DoublyRO,
  title        = {Doubly robust off-policy value evaluation for reinforcement learning},
  author       = {Jiang, Nan and Li, Lihong},
  booktitle    = {International Conference on Machine Learning},
  pages        = {652--661},
  year         = {2016},
  organization = {PMLR}
}


@article{Kallus2019DoubleRL,
  title   = {Double Reinforcement Learning for Efficient Off-Policy Evaluation in Markov Decision Processes},
  author  = {Nathan Kallus and Masatoshi Uehara},
  journal = {Journal of Machine Learning Research},
  year    = {2019},
  volume  = {21},
  pages   = {167:1-167:63}
}

@inproceedings{Karampatziakis2021Off,
  title        = {Off-Policy Confidence Sequences},
  author       = {Karampatziakis, Nikos and Mineiro, Paul and Ramdas, Aaditya},
  booktitle    = {International Conference on Machine Learning},
  pages        = {5301--5310},
  year         = {2021},
  organization = {PMLR}
}

@article{Kato2020EfficientAE,
  title   = {Efficient adaptive experimental design for average treatment effect estimation},
  author  = {Kato, Masahiro and Ishihara, Takuya and Honda, Junya and Narita, Yusuke},
  journal = {arXiv preprint arXiv:2002.05308},
  year    = {2020}
}

@article{Konyushova2021Active,
  title   = {Active offline policy selection},
  author  = {Konyushova, Ksenia and Chen, Yutian and Paine, Thomas and Gulcehre, Caglar and Paduraru, Cosmin and Mankowitz, Daniel J. and Denil, Misha and de Freitas, Nando},
  journal = {Advances in Neural Information Processing Systems},
  volume  = {34},
  pages   = {24631--24644},
  year    = {2021}
}

@book{Lattimore2020BanditA,
  title     = {Bandit algorithms},
  author    = {Lattimore, Tor and Szepesv{\'a}ri, Csaba},
  year      = {2020},
  publisher = {Cambridge University Press}
}


@inproceedings{Li2011Unbiased,
  title     = {Unbiased Offline Evaluation of Contextual-Bandit-Based News Article Recommendation Algorithms},
  author    = {Li, Lihong and Chu, Wei and Langford, John and Wang, Xuanhui},
  booktitle = {Proceedings of the fourth ACM international conference on Web search and data mining},
  pages     = {297--306},
  year      = {2011}
}


@inproceedings{Li2015Toward,
  title        = {Toward minimax off-policy value estimation},
  author       = {Li, Lihong and Munos, R{\'e}mi and Szepesv{\'a}ri, Csaba},
  booktitle    = {Artificial Intelligence and Statistics},
  pages        = {608--616},
  year         = {2015},
  organization = {PMLR}
}



@article{Li2024OptimalTA,
  title   = {Optimal Treatment Allocation for Efficient Policy Evaluation in Sequential Decision Making},
  author  = {Li, Ting and Shi, Chengchun and Wang, Jianing and Zhou, Fan and others},
  journal = {Advances in Neural Information Processing Systems},
  volume  = {36},
  year    = {2024}
}


@article{Ma2021MinimaxOE,
  title   = {Minimax Off-Policy Evaluation for Multi-Armed Bandits},
  author  = {Ma, Cong and Zhu, Banghua and Jiao, Jiantao and Wainwright, Martin J},
  journal = {IEEE Transactions on Information Theory},
  year    = {2021},
  volume  = {68},
  pages   = {5314-5339}
}


@inproceedings{Mate2023ImprovedPE,
  title        = {Improved Policy Evaluation for Randomized Trials of Algorithmic Resource Allocation},
  author       = {Mate, Aditya and Wilder, Bryan and Taneja, Aparna and Tambe, Milind},
  booktitle    = {International Conference on Machine Learning},
  pages        = {24198--24213},
  year         = {2023},
  organization = {PMLR}
}

@inproceedings{Maurer2009EmpiricalBB,
  title     = {Empirical Bernstein Bounds and Sample-Variance Penalization},
  author    = {Maurer, Andreas and Pontil, Massimiliano},
  booktitle = {Annual Conference Computational Learning Theory},
  year      = {2009}
}


@article{neopane2024logarithmic,
  title   = {Logarithmic {N}eyman Regret for Adaptive Estimation of the Average Treatment Effect},
  author  = {Neopane, Ojash and Ramdas, Aaditya and Singh, Aarti},
  journal = {AISTATS},
  year    = {2025}
}

@article{Neyman1923Application,
  title   = {On the Application of Probability Theory to Agricultural Experiments. Essay on Principles},
  author  = {Neyman, Jerzy},
  journal = {Annals of Agricultural Sciences},
  pages   = {1--51},
  year    = {1923}
}

@article{Neyman1934OnTT,
  title   = {On the Two Different Aspects of the Representative Method: the Method of Stratified Sampling and the Method of Purposive Selection},
  author  = {Neyman, Jerzy},
  journal = {Journal of the Royal Statistical Society},
  year    = {1934},
  volume  = {97},
  pages   = {123-150}
}

@article{Pham2016Beyond,
  title     = {Beyond the Randomized Controlled Rrial: A Review of Alternatives in mHealth Clinical Trial Methods},
  author    = {Pham, Quynh and Wiljer, David and Cafazzo, Joseph A and others},
  journal   = {JMIR mHealth and uHealth},
  volume    = {4},
  number    = {3},
  pages     = {e5720},
  year      = {2016},
  publisher = {JMIR Publications Inc., Toronto, Canada}
}


@inproceedings{Riquelme2017ActiveLF,
  title        = {Active learning for accurate estimation of linear models},
  author       = {Riquelme, Carlos and Ghavamzadeh, Mohammad and Lazaric, Alessandro},
  booktitle    = {International Conference on Machine Learning},
  pages        = {2931--2939},
  year         = {2017},
  organization = {PMLR}
}


@article{Robbins1952SomeAO,
  title   = {Some Aspects of the Sequential Design of Experiments},
  author  = {Herbert E. Robbins},
  journal = {Bulletin of the American Mathematical Society},
  year    = {1952},
  volume  = {58},
  pages   = {527-535}
}

@article{Rubin1980Randomization,
  title     = {Randomization Analysis of Experimental Data: The Fisher Randomization Test Comment},
  author    = {Rubin, Donald B},
  journal   = {Journal of the American Statistical Association},
  volume    = {75},
  number    = {371},
  pages     = {591--593},
  year      = {1980},
  publisher = {JSTOR}
}

@article{Shekhar2023OnTN,
  title   = {On the Near-Optimality of Betting Confidence Sets for Bounded Means},
  author  = {Shubhanshu Shekhar and Aaditya Ramdas},
  journal = {ArXiv},
  year    = {2023},
  volume  = {abs/2310.01547}
}


@article{Soare2013ActiveLI,
  title   = {Active learning in linear stochastic bandits},
  author  = {Soare, Marta and Lazaric, Alessandro and Munos, R{\'e}mi},
  journal = {Bayesian Optimization in Theory and Practice},
  year    = {2013}
}

@article{Stang2011Randomized,
  title     = {Randomized Controlled Trials—An Indispensible Part of Clinical Research},
  author    = {Stang, Andreas},
  journal   = {Deutsches {\"A}rzteblatt International},
  volume    = {108},
  number    = {39},
  pages     = {661},
  year      = {2011},
  publisher = {Deutscher Arzte-Verlag GmbH}
}



@inproceedings{Tarbouriech2019ActiveEI,
  title        = {Active Exploration in Markov Decision Processes},
  author       = {Tarbouriech, Jean and Lazaric, Alessandro},
  booktitle    = {The 22nd International Conference on Artificial Intelligence and Statistics},
  pages        = {974--982},
  year         = {2019},
  organization = {PMLR}
}

@inproceedings{Tarbouriech2020ActiveME,
  title        = {Active model estimation in markov decision processes},
  author       = {Tarbouriech, Jean and Shekhar, Shubhanshu and Pirotta, Matteo and Ghavamzadeh, Mohammad and Lazaric, Alessandro},
  booktitle    = {Conference on Uncertainty in Artificial Intelligence},
  pages        = {1019--1028},
  year         = {2020},
  organization = {PMLR}
}


@article{Thompson1933ONTL,
  title     = {On the likelihood that one unknown probability exceeds another in view of the evidence of two samples},
  author    = {Thompson, William R},
  journal   = {Biometrika},
  volume    = {25},
  number    = {3-4},
  pages     = {285--294},
  year      = {1933},
  publisher = {Oxford University Press}
}


@article{US2019Adaptive,
  title   = {Adaptive designs for clinical trials of drugs and biologics: guidance for industry},
  author  = {{US Food and Drug Administration}},
  journal = {Rockville: Food and Drug Administration},
  pages   = {2020},
  year    = {2019}
}


@inproceedings{Wagenmaker2023Instance,
  title        = {Instance-Optimality in Interactive Decision Making: Toward a Non-Asymptotic theory},
  author       = {Wagenmaker, Andrew J and Foster, Dylan J},
  booktitle    = {The Thirty Sixth Annual Conference on Learning Theory},
  pages        = {1322--1472},
  year         = {2023},
  organization = {PMLR}
}


@inproceedings{Wang2017OptimalAA,
  title        = {Optimal and Adaptive Off-policy Evaluation in Contextual Bandits},
  author       = {Wang, Yu-Xiang and Agarwal, Alekh and Dud{\i}k, Miroslav},
  booktitle    = {International Conference on Machine Learning},
  pages        = {3589--3597},
  year         = {2017},
  organization = {PMLR}
}

@article{Waudby2023Estimating,
  title   = {Estimating Means of Bounded Random Variables by Betting},
  author  = {Waudby-Smith, Ian and Ramdas, Aaditya},
  journal = {Journal of the Royal Statistical Society Series B Methodological},
  year    = {2023}
}


@article{WaudbySmith2022AnytimevalidOI,
  title     = {Anytime-Valid Off-Policy Inference for Contextual Bandits},
  author    = {Waudby-Smith, Ian and Wu, Lili and Ramdas, Aaditya and Karampatziakis, Nikos and Mineiro, Paul},
  journal   = {ACM/JMS Journal of Data Science},
  year      = {2022},
  publisher = {ACM New York, NY}
}


@article{Wing2018Designing,
  title     = {Designing Difference in Difference Studies: Best Practices for Public Health Policy Research},
  author    = {Wing, Coady and Simon, Kosali and Bello-Gomez, Ricardo A},
  journal   = {Annual Review of Public Health},
  volume    = {39},
  pages     = {453--469},
  year      = {2018},
  publisher = {Annual Reviews}
}


@article{Zhang2020Inference,
  title   = {Inference for Batched Bandits},
  author  = {Zhang, Kelly and Janson, Lucas and Murphy, Susan},
  journal = {Advances in Neural Information Processing Systems},
  volume  = {33},
  pages   = {9818--9829},
  year    = {2020}
}

@article{Zhang2021Statistical,
  title   = {Statistical Inference with M-estimators on Adaptively Collected Data},
  author  = {Zhang, Kelly and Janson, Lucas and Murphy, Susan},
  journal = {Advances in Neural Information Processing Systems},
  volume  = {34},
  pages   = {7460--7471},
  year    = {2021}
}


