@article{cawthon2015assessment,
  title={Assessment of lean mass and physical performance in sarcopenia},
  author={Cawthon, Peggy M},
  journal={Journal of Clinical Densitometry},
  volume={18},
  number={4},
  pages={467--471},
  year={2015},
  publisher={Elsevier}
}

@article{cespedes2020evaluation,
  title={Evaluation of automated computed tomography segmentation to assess body composition and mortality associations in cancer patients},
  author={Cespedes Feliciano, Elizabeth M and Popuri, Karteek and Cobzas, Dana and Baracos, Vickie E and Beg, Mirza Faisal and Khan, Arafat Dad and Ma, Cydney and Chow, Vincent and Prado, Carla M and Xiao, Jingjie and others},
  journal={Journal of cachexia, sarcopenia and muscle},
  volume={11},
  number={5},
  pages={1258--1269},
  year={2020},
  publisher={Wiley Online Library}
}

@article{chang2024prognostic,
  title={Prognostic impact of myosteatosis in patients with colorectal cancer undergoing curative surgery: an updated systematic review and meta-analysis},
  author={Chang, Yu-Yao and Cheng, Bill},
  journal={Frontiers in Oncology},
  volume={14},
  pages={1388001},
  year={2024}
}

@article{chen2023really,
  title={What really matters mobility of middle-aged and older adults: low muscle mass or obesity?},
  author={Chen, Chiao-Nan and Hsu, Kuo-Jen and Chen, Shu-Chen and Chien, Kuei-Yu},
  journal={Physiology},
  volume={38},
  number={S1},
  pages={5730639},
  year={2023},
  publisher={American Physiological Society Rockville, MD}
}

@inproceedings{christ2011fuzzy,
  title={Fuzzy c-means algorithm for medical image segmentation},
  author={Christ, MC Jobin and Parvathi, RMS},
  booktitle={2011 3rd International conference on electronics computer technology},
  volume={4},
  pages={33--36},
  year={2011},
  organization={IEEE}
}

@article{cruz2019sarcopenia,
  title={Sarcopenia: revised European consensus on definition and diagnosis},
  author={Cruz-Jentoft, Alfonso J and Bahat, G{\"u}listan and Bauer, J{\"u}rgen and Boirie, Yves and Bruy{\`e}re, Olivier and Cederholm, Tommy and Cooper, Cyrus and Landi, Francesco and Rolland, Yves and Sayer, Avan Aihie and others},
  journal={Age and ageing},
  volume={48},
  number={1},
  pages={16--31},
  year={2019},
  publisher={Oxford University Press}
}

@article{diwakar2020ct,
  title={CT image denoising using NLM and its method noise thresholding},
  author={Diwakar, Manoj and Kumar, Pardeep and Singh, Amit Kumar},
  journal={Multimedia Tools and Applications},
  volume={79},
  pages={14449--14464},
  year={2020},
  publisher={Springer}
}

@article{dodds2015epidemiology,
  title={The epidemiology of sarcopenia},
  author={Dodds, Richard Matthew and Roberts, Helen Clare and Cooper, Cyrus and Sayer, Avan Aihie},
  journal={Journal of Clinical Densitometry},
  volume={18},
  number={4},
  pages={461--466},
  year={2015},
  publisher={Elsevier}
}

@article{dong2024segment,
  title={Segment anything model 2: an application to 2d and 3d medical images},
  author={Dong, Haoyu and Gu, Hanxue and Chen, Yaqian and Yang, Jichen and Chen, Yuwen and Mazurowski, Maciej A},
  journal={arXiv preprint arXiv:2408.00756},
  year={2024}
}

@article{engelke2018quantitative,
  title={Quantitative analysis of skeletal muscle by computed tomography imagingâ€”State of the art},
  author={Engelke, Klaus and Museyko, Oleg and Wang, Ling and Laredo, Jean-Denis},
  journal={Journal of orthopaedic translation},
  volume={15},
  pages={91--103},
  year={2018},
  publisher={Elsevier}
}

@article{falsarella2015body,
  title={Body composition as a frailty marker for the elderly community},
  author={Falsarella, Gl{\'a}ucia Regina and Gasparotto, L{\'\i}via Pimenta Ren{\'o} and Barcelos, Caroline Coutinho and Coimbra, Ibsen Bellini and Moretto, Maria Clara and Pascoa, Mauro Alexandre and Ferreira, Talita CB Rezende and Coimbra, Arlete Maria Valente},
  journal={Clinical interventions in aging},
  pages={1661--1667},
  year={2015},
  publisher={Taylor \& Francis}
}

@article{gu2024segmentanybone,
  title={SegmentAnyBone: A Universal Model that Segments Any Bone at Any Location on MRI},
  author={Gu, Hanxue and Colglazier, Roy and Dong, Haoyu and Zhang, Jikai and Chen, Yaqian and Yildiz, Zafer and Chen, Yuwen and Li, Lin and Yang, Jichen and Willhite, Jay and others},
  journal={arXiv preprint arXiv:2401.12974},
  year={2024}
}

@article{guenter2021malnutrition,
  title={Malnutrition diagnoses and associated outcomes in hospitalized patients: United States, 2018},
  author={Guenter, Peggi and Abdelhadi, Ruba and Anthony, Pat and Blackmer, Allison and Malone, Ainsley and Mirtallo, Jay M and Phillips, Wendy and Resnick, Helaine E},
  journal={Nutrition in Clinical Practice},
  volume={36},
  number={5},
  pages={957--969},
  year={2021},
  publisher={Wiley Online Library}
}

@article{hernandez2024relationship,
  title={Relationship between body composition and physical performance by sex in professional basketball players},
  author={Hernandez-Martinez, Jordan and Perez-Carcamo, Joaqu{\'\i}n and Co{\~n}api-Union, Bayron and Canales-Canales, Sebastian and Negron-Molina, Mario and Avila-Valencia, Sergio and Cid-Calfucura, Izham and Herrera-Valenzuela, Tomas and Cisterna, Diego and Branco, Braulio Henrique Magnani and others},
  journal={Applied Sciences},
  volume={14},
  number={20},
  pages={9165},
  year={2024},
  publisher={MDPI}
}

@article{hou2024enhanced,
  title={Enhanced muscle and fat segmentation for CT-based body composition analysis: a comparative study},
  author={Hou, Benjamin and Mathai, Tejas Sudharshan and Liu, Jianfei and Parnell, Christopher and Summers, Ronald M},
  journal={International journal of computer assisted radiology and surgery},
  pages={1--8},
  year={2024},
  publisher={Springer}
}

@article{iwase2016impact,
  title={Impact of body fat distribution on neoadjuvant chemotherapy outcomes in advanced breast cancer patients},
  author={Iwase, Toshiaki and Sangai, Takafumi and Nagashima, Takeshi and Sakakibara, Masahiro and Sakakibara, Junta and Hayama, Shouko and Ishigami, Emi and Masuda, Takahito and Miyazaki, Masaru},
  journal={Cancer medicine},
  volume={5},
  number={1},
  pages={41--48},
  year={2016},
  publisher={Wiley Online Library}
}

@article{ji2022thresholds,
  title={Thresholds of visceral fat area and percent of body fat to define sarcopenic obesity and its clinical consequences in Chinese cancer patients},
  author={Ji, Wei and Liu, XiangLiang and Zheng, KaiWen and Liu, PengFei and Zhao, YiXin and Lu, Jin and Zhao, LingLing and Liang, TingTing and Cui, JiuWei and Li, Wei},
  journal={Clinical Nutrition},
  volume={41},
  number={3},
  pages={737--745},
  year={2022},
  publisher={Elsevier}
}

@article{kaegi2021evaluation,
  title={Evaluation of nutritional support and in-hospital mortality in patients with malnutrition},
  author={Kaegi-Braun, Nina and Mueller, Marlena and Schuetz, Philipp and Mueller, Beat and Kutz, Alexander},
  journal={JAMA Network Open},
  volume={4},
  number={1},
  pages={e2033433--e2033433},
  year={2021},
  publisher={American Medical Association}
}

@article{kaess2012ratio,
  title={The ratio of visceral to subcutaneous fat, a metric of body fat distribution, is a unique correlate of cardiometabolic risk},
  author={Kaess, BM and Pedley, A and Massaro, JM and Murabito, J and Hoffmann, U and Fox, CS},
  journal={Diabetologia},
  volume={55},
  pages={2622--2630},
  year={2012},
  publisher={Springer}
}

@article{kakinami2022body,
  title={Body-composition phenotypes and their associations with cardiometabolic risks and health behaviours in a representative general US sample},
  author={Kakinami, Lisa and Plummer, Sabine and Cohen, Tamara R and Santosa, Sylvia and Murphy, Jessica},
  journal={Preventive Medicine},
  volume={164},
  pages={107282},
  year={2022},
  publisher={Elsevier}
}

@inproceedings{kamiya2009automated,
  title={Automated recognition of the psoas major muscles on X-ray CT images},
  author={Kamiya, N and Zhou, X and Chen, H and Hara, T and Hoshi, H and Yokoyama, R and Kanematsu, M and Fujita, H},
  booktitle={2009 Annual International Conference of the IEEE Engineering in Medicine and Biology Society},
  pages={3557--3560},
  year={2009},
  organization={IEEE}
}

@inproceedings{kamiya2011automated,
  title={Automated segmentation of recuts abdominis muscle using shape model in X-ray CT images},
  author={Kamiya, Naoki and Zhou, Xiangrong and Chen, H and Muramatsu, Chisako and Hara, Takeshi and Yokoyama, Ryujiro and Kanematsu, Masayuki and Hoshi, Hiroaki and Fujita, Hiroshi},
  booktitle={2011 Annual International Conference of the IEEE Engineering in Medicine and Biology Society},
  pages={7993--7996},
  year={2011},
  organization={IEEE}
}

@article{lee2017pixel,
  title={Pixel-level deep segmentation: artificial intelligence quantifies muscle on computed tomography for body morphometric analysis},
  author={Lee, Hyunkwang and Troschel, Fabian M and Tajmir, Shahein and Fuchs, Georg and Mario, Julia and Fintelmann, Florian J and Do, Synho},
  journal={Journal of digital imaging},
  volume={30},
  pages={487--498},
  year={2017},
  publisher={Springer}
}

@article{lee2021deep,
  title={Deep neural network for automatic volumetric segmentation of whole-body CT images for body composition assessment},
  author={Lee, Yoon Seong and Hong, Namki and Witanto, Joseph Nathanael and Choi, Ye Ra and Park, Junghoan and Decazes, Pierre and Eude, Florian and Kim, Chang Oh and Kim, Hyeon Chang and Goo, Jin Mo and others},
  journal={Clinical Nutrition},
  volume={40},
  number={8},
  pages={5038--5046},
  year={2021},
  publisher={Elsevier}
}

@article{mai2023systematic,
  title={A systematic review of automated segmentation of 3D computed-tomography scans for volumetric body composition analysis},
  author={Mai, Dinh Van Chi and Drami, Ioanna and Pring, Edward T and Gould, Laura E and Lung, Phillip and Popuri, Karteek and Chow, Vincent and Beg, Mirza F and Athanasiou, Thanos and Jenkins, John T and others},
  journal={Journal of Cachexia, Sarcopenia and Muscle},
  volume={14},
  number={5},
  pages={1973--1986},
  year={2023},
  publisher={Wiley Online Library}
}

@article{martin2013cancer,
  title={Cancer cachexia in the age of obesity: skeletal muscle depletion is a powerful prognostic factor, independent of body mass index},
  author={Martin, Lisa and Birdsell, Laura and MacDonald, Neil and Reiman, Tony and Clandinin, M Thomas and McCargar, Linda J and Murphy, Rachel and Ghosh, Sunita and Sawyer, Michael B and Baracos, Vickie E},
  journal={Journal of clinical oncology},
  volume={31},
  number={12},
  pages={1539--1547},
  year={2013},
  publisher={American Society of Clinical Oncology}
}

@article{mazurowski2023segment,
  title={Segment anything model for medical image analysis: an experimental study},
  author={Mazurowski, Maciej A and Dong, Haoyu and Gu, Hanxue and Yang, Jichen and Konz, Nicholas and Zhang, Yixin},
  journal={Medical Image Analysis},
  volume={89},
  pages={102918},
  year={2023},
  publisher={Elsevier}
}

@article{nowak2020fully,
  title={Fully automated segmentation of connective tissue compartments for CT-based body composition analysis: a deep learning approach},
  author={Nowak, Sebastian and Faron, Anton and Luetkens, Julian A and Gei{\ss}ler, Helena L and Praktiknjo, Michael and Block, Wolfgang and Thomas, Daniel and Sprinkart, Alois M},
  journal={Investigative radiology},
  volume={55},
  number={6},
  pages={357--366},
  year={2020},
  publisher={LWW}
}

@article{oh2017visceral,
  title={Visceral-to-subcutaneous fat ratio as a predictor of the multiple metabolic risk factors for subjects with normal waist circumference in Korea},
  author={Oh, Yun Hwan and Moon, Ji Hyun and Kim, Hyeon Ju and Kong, Mi Hee},
  journal={Diabetes, Metabolic Syndrome and Obesity: Targets and Therapy},
  pages={505--511},
  year={2017},
  publisher={Taylor \& Francis}
}

@article{paris2020body,
  title={Body composition analysis of computed tomography scans in clinical populations: the role of deep learning},
  author={Paris, Michael T},
  journal={Lifestyle genomics},
  volume={13},
  number={1},
  pages={28--31},
  year={2020},
  publisher={S. Karger AG}
}

@article{popuri2015body,
  title={Body composition assessment in axial CT images using FEM-based automatic segmentation of skeletal muscle},
  author={Popuri, Karteek and Cobzas, Dana and Esfandiari, Nina and Baracos, Vickie and J{\"a}gersand, Martin},
  journal={IEEE transactions on medical imaging},
  volume={35},
  number={2},
  pages={512--520},
  year={2015},
  publisher={IEEE}
}

@article{positano2004accurate,
  title={An accurate and robust method for unsupervised assessment of abdominal fat by MRI},
  author={Positano, Vincenzo and Gastaldelli, Amalia and Sironi, Anna maria and Santarelli, Maria Filomena and Lombardi, Massimo and Landini, Luigi},
  journal={Journal of Magnetic Resonance Imaging: An Official Journal of the International Society for Magnetic Resonance in Medicine},
  volume={20},
  number={4},
  pages={684--689},
  year={2004},
  publisher={Wiley Online Library}
}

@article{positano2009accurate,
  title={Accurate segmentation of subcutaneous and intermuscular adipose tissue from MR images of the thigh},
  author={Positano, Vincenzo and Christiansen, Tore and Santarelli, Maria Filomena and Ringgaard, Steffen and Landini, Luigi and Gastaldelli, Amalia},
  journal={Journal of Magnetic Resonance Imaging: An Official Journal of the International Society for Magnetic Resonance in Medicine},
  volume={29},
  number={3},
  pages={677--684},
  year={2009},
  publisher={Wiley Online Library}
}

@article{prado2014lean,
  title={Lean tissue imaging: a new era for nutritional assessment and intervention},
  author={Prado, Carla MM and Heymsfield, Steven B},
  journal={Journal of Parenteral and Enteral Nutrition},
  volume={38},
  number={8},
  pages={940--953},
  year={2014},
  publisher={Wiley Online Library}
}

@article{risch2022assessment,
  title={Assessment of nutritional status and risk of malnutrition using adapted standard tools in patients with mental illness and in need of intensive psychiatric treatment},
  author={Risch, Ladina and Hotzy, Florian and Vetter, Stefan and Hiller, Sascha and Wallimann, Kathrin and Seifritz, Erich and M{\"o}tteli, Sonja},
  journal={International Journal of Environmental Research and Public Health},
  volume={20},
  number={1},
  pages={109},
  year={2022},
  publisher={MDPI}
}

@article{rutten2016loss,
  title={Loss of skeletal muscle during neoadjuvant chemotherapy is related to decreased survival in ovarian cancer patients},
  author={Rutten, Iris JG and van Dijk, David PJ and Kruitwagen, Roy FPM and Beets-Tan, Regina GH and Olde Damink, Steven WM and Van Gorp, Toon},
  journal={Journal of cachexia, sarcopenia and muscle},
  volume={7},
  number={4},
  pages={458--466},
  year={2016},
  publisher={Wiley Online Library}
}

@article{schuetz2021management,
  title={Management of disease-related malnutrition for patients being treated in hospital},
  author={Schuetz, Philipp and Seres, David and Lobo, Dileep N and Gomes, Filomena and Kaegi-Braun, Nina and Stanga, Zeno},
  journal={The Lancet},
  volume={398},
  number={10314},
  pages={1927--1938},
  year={2021},
  publisher={Elsevier}
}

@incollection{sehgal2022ct,
  title={CT Image Denoising Using Bilateral Filter and Method Noise Thresholding in Shearlet Domain},
  author={Sehgal, Rashmita and Kaushik, Vandana Dixit},
  booktitle={Emerging Technologies in Data Mining and Information Security: Proceedings of IEMIS 2022, Volume 1},
  pages={99--106},
  year={2022},
  publisher={Springer}
}

@article{sharafi2024quantitative,
  title={Quantitative MRI Assessment of Post-Surgical Spinal Cord Injury Through Radiomic Analysis},
  author={Sharafi, Azadeh and Klein, Andrew P and Koch, Kevin M},
  journal={Journal of Imaging},
  volume={10},
  number={12},
  pages={312},
  year={2024},
  publisher={MDPI}
}

@misc{staley2019visceral,
  title={Visceral adiposity as a predictor of survival in patients with epithelial ovarian cancer receiving platinum and taxane-based chemotherapy.},
  author={Staley, Stuart-Allison Moffat and Tucker, Katherine and Oldan, Jorge and Moore, Dominic T and Newton, Meredith and Ertel, Michelle and West, Lindsay and Bae-Jump, Victoria},
  year={2019},
  publisher={American Society of Clinical Oncology}
}

@article{tan2024quantitative,
  title={Quantitative Analysis of Complex Aluminum Electrolytes by X-Ray Fluorescence},
  author={Tan, Qi and Gao, Bingliang and Gao, Pengde and Fan, Chao and Li, Haijun},
  journal={Luminescence},
  volume={39},
  number={11},
  pages={e70013},
  year={2024},
  publisher={Wiley Online Library}
}

@article{torres2013nutritional,
  title={Nutritional status, CT body composition measures and survival in ovarian cancer},
  author={Torres, Michelle L and Hartmann, Lynn C and Cliby, William A and Kalli, Kimberly R and Young, Phillip M and Weaver, Amy L and Langstraat, Carrie L and Jatoi, Aminah and Kumar, Sanjeev and Mariani, Andrea},
  journal={Gynecologic oncology},
  volume={129},
  number={3},
  pages={548--553},
  year={2013},
  publisher={Elsevier}
}

@article{trouwborst2024body,
  title={Body composition and body fat distribution in tissue-specific insulin resistance and in response to a 12-week isocaloric dietary macronutrient intervention},
  author={Trouwborst, Inez and Jardon, Kelly M and Gijbels, Anouk and Hul, Gabby and Feskens, Edith JM and Afman, Lydia A and Linge, Jennifer and Goossens, Gijs H and Blaak, Ellen E},
  journal={Nutrition \& Metabolism},
  volume={21},
  number={1},
  pages={20},
  year={2024},
  publisher={Springer}
}

@article{vasamsetti2023regulation,
  title={Regulation of cardiovascular health and disease by visceral adipose tissue-derived metabolic hormones},
  author={Vasamsetti, Sathish Babu and Natarajan, Niranjana and Sadaf, Samreen and Florentin, Jonathan and Dutta, Partha},
  journal={The Journal of Physiology},
  volume={601},
  number={11},
  pages={2099--2120},
  year={2023},
  publisher={Wiley Online Library}
}

@article{wasserthal2023totalsegmentator,
  title={TotalSegmentator: robust segmentation of 104 anatomic structures in CT images},
  author={Wasserthal, Jakob and Breit, Hanns-Christian and Meyer, Manfred T and Pradella, Maurice and Hinck, Daniel and Sauter, Alexander W and Heye, Tobias and Boll, Daniel T and Cyriac, Joshy and Yang, Shan and others},
  journal={Radiology: Artificial Intelligence},
  volume={5},
  number={5},
  year={2023},
  publisher={Radiological Society of North America}
}

@article{wathen2013vivo,
  title={In vivo X-ray computed tomographic imaging of soft tissue with native, intravenous, or oral contrast},
  author={Wathen, Connor A and Foje, Nathan and van Avermaete, Tony and Miramontes, Bernadette and Chapaman, Sarah E and Sasser, Todd A and Kannan, Raghuraman and Gerstler, Steven and Leevy, W Matthew},
  journal={Sensors},
  volume={13},
  number={6},
  pages={6957--6980},
  year={2013},
  publisher={Molecular Diversity Preservation International (MDPI)}
}

@article{weston2019automated,
  title={Automated abdominal segmentation of CT scans for body composition analysis using deep learning},
  author={Weston, Alexander D and Korfiatis, Panagiotis and Kline, Timothy L and Philbrick, Kenneth A and Kostandy, Petro and Sakinis, Tomas and Sugimoto, Motokazu and Takahashi, Naoki and Erickson, Bradley J},
  journal={Radiology},
  volume={290},
  number={3},
  pages={669--679},
  year={2019},
  publisher={Radiological Society of North America}
}

@article{xu2024value,
  title={The value of quantitative contrast-enhanced ultrasonography analysis in evaluating central retinal artery microcirculation in patients with diabetes mellitus: comparison with colour Doppler imaging},
  author={Xu, Y and Zhu, XY and Feng, H and Yu, XP and Wang, Y and Rong, X and Qi, TY},
  journal={Clinical Radiology},
  volume={79},
  number={4},
  pages={e560--e566},
  year={2024},
  publisher={Elsevier}
}

@article{zhang2021improving,
  title={Improving spatial resolution with an edge-enhancement model for low-dose propagation-based X-ray phase-contrast computed tomography},
  author={Zhang, Lin and Zhao, Huijuan and Zhou, Zhongxing and Jia, Mengyu and Zhang, Limin and Jiang, Jingying and Gao, Feng},
  journal={Optics Express},
  volume={29},
  number={23},
  pages={37399--37417},
  year={2021},
  publisher={Optica Publishing Group}
}

