@article{rutten2016loss,
  title={Loss of skeletal muscle during neoadjuvant chemotherapy is related to decreased survival in ovarian cancer patients},
  author={Rutten, Iris JG and van Dijk, David PJ and Kruitwagen, Roy FPM and Beets-Tan, Regina GH and Olde Damink, Steven WM and Van Gorp, Toon},
  journal={Journal of cachexia, sarcopenia and muscle},
  volume={7},
  number={4},
  pages={458--466},
  year={2016},
  publisher={Wiley Online Library}
}

@article{kumar2016muscle,
  title={Muscle composition measured by CT scan is a measurable predictor of overall survival in advanced ovarian cancer},
  author={Kumar, Amanika and Moynagh, Michael R and Multinu, Francesco and Cliby, William A and McGree, Michaela E and Weaver, Amy L and Young, Phillip M and Bakkum-Gamez, Jamie N and Langstraat, Carrie L and Dowdy, Sean C and others},
  journal={Gynecologic oncology},
  volume={142},
  number={2},
  pages={311--316},
  year={2016},
  publisher={Elsevier}
}

@article{deluche2018impact,
  title={Impact of body composition on outcome in patients with early breast cancer},
  author={Deluche, Elise and Leobon, Sophie and Desport, Jean Claude and Venat-Bouvet, Laurence and Usseglio, Julie and Tubiana-Mathieu, Nicole},
  journal={Supportive Care in Cancer},
  volume={26},
  pages={861--868},
  year={2018},
  publisher={Springer}
}

@article{yoshikawa2020sarcopenia,
  title={Sarcopenia as a predictor of survival among patients with organ metastatic cervical cancer},
  author={Yoshikawa, Nobuhisa and Shirakawa, Akira and Yoshida, Kosuke and Tamauchi, Satoshi and Suzuki, Shiro and Kikkawa, Fumitaka and Kajiyama, Hiroaki},
  journal={Nutrition in Clinical Practice},
  volume={35},
  number={6},
  pages={1041--1046},
  year={2020},
  publisher={Wiley Online Library}
}

@article{iwase2016impact,
  title={Impact of body fat distribution on neoadjuvant chemotherapy outcomes in advanced breast cancer patients},
  author={Iwase, Toshiaki and Sangai, Takafumi and Nagashima, Takeshi and Sakakibara, Masahiro and Sakakibara, Junta and Hayama, Shouko and Ishigami, Emi and Masuda, Takahito and Miyazaki, Masaru},
  journal={Cancer medicine},
  volume={5},
  number={1},
  pages={41--48},
  year={2016},
  publisher={Wiley Online Library}
}

@article{boer2020impact,
  title={Impact on postoperative complications of changes in skeletal muscle mass during neoadjuvant chemotherapy for gastro-oesophageal cancer},
  author={Boer, RB and Jones, KI and Ash, S and Boxel, GI and Gillies, RS and O'Donnell, T and Ruurda, JP and Sgromo, B and Silva, MA and Maynard, ND},
  journal={BJS open},
  volume={4},
  number={5},
  pages={847--854},
  year={2020},
  publisher={Oxford University Press}
}

@article{ali2014sarcopenia,
  title={Sarcopenia, cachexia and aging: diagnosis, mechanisms and therapeutic options-a mini-review},
  author={Ali, Sumbul and Garcia, Jose M},
  journal={Gerontology},
  volume={60},
  number={4},
  pages={294--305},
  year={2014},
  publisher={S. Karger AG Basel, Switzerland}
}

@article{fearon1990body,
  title={Body composition in cancer cachexia},
  author={Fearon, KCH and Preston, T},
  journal={Transfusion Medicine and Hemotherapy},
  volume={17},
  number={Suppl. 3},
  pages={63--66},
  year={1990},
  publisher={Karger Publishers}
}

@article{al2023body,
  title={Body composition and lung cancer-associated cachexia in TRACERx},
  author={Al-Sawaf, Othman and Weiss, Jakob and Skrzypski, Marcin and Lam, Jie Min and Karasaki, Takahiro and Zambrana, Francisco and Kidd, Andrew C and Frankell, Alexander M and Watkins, Thomas BK and Mart{\'\i}nez-Ruiz, Carlos and others},
  journal={Nature medicine},
  volume={29},
  number={4},
  pages={846--858},
  year={2023},
  publisher={Nature Publishing Group US New York}
}

@article{baracos2010body,
  title={Body composition in patients with non- small cell lung cancer: a contemporary view of cancer cachexia with the use of computed tomography image analysis},
  author={Baracos, Vickie E and Reiman, Tony and Mourtzakis, Marina and Gioulbasanis, Ioannis and Antoun, Sami},
  journal={The American journal of clinical nutrition},
  volume={91},
  number={4},
  pages={1133S--1137S},
  year={2010},
  publisher={Elsevier}
}

@article{falsarella2015body,
  title={Body composition as a frailty marker for the elderly community},
  author={Falsarella, Gl{\'a}ucia Regina and Gasparotto, L{\'\i}via Pimenta Ren{\'o} and Barcelos, Caroline Coutinho and Coimbra, Ibsen Bellini and Moretto, Maria Clara and Pascoa, Mauro Alexandre and Ferreira, Talita CB Rezende and Coimbra, Arlete Maria Valente},
  journal={Clinical interventions in aging},
  pages={1661--1667},
  year={2015},
  publisher={Taylor \& Francis}
}

@article{reinders2017body,
  title={Body weight and body composition in old age and their relationship with frailty},
  author={Reinders, Ilse and Visser, Marjolein and Schaap, Laura},
  journal={Current Opinion in Clinical Nutrition \& Metabolic Care},
  volume={20},
  number={1},
  pages={11--15},
  year={2017},
  publisher={LWW}
}

@article{villareal2004physical,
  title={Physical frailty and body composition in obese elderly men and women},
  author={Villareal, Dennis T and Banks, Marian and Siener, Catherine and Sinacore, David R and Klein, Samuel},
  journal={Obesity research},
  volume={12},
  number={6},
  pages={913--920},
  year={2004},
  publisher={Wiley Online Library}
}

@article{tolonen2021methodology,
  title={Methodology, clinical applications, and future directions of body composition analysis using computed tomography (CT) images: a review},
  author={Tolonen, Antti and Pakarinen, Tomppa and Sassi, Antti and Kytt{\"a}, Jere and Cancino, William and Rinta-Kiikka, Irina and Pertuz, Said and Arponen, Otso},
  journal={European journal of radiology},
  volume={145},
  pages={109943},
  year={2021},
  publisher={Elsevier}
}

@article{degens2019prognostic,
  title={The prognostic value of early onset, CT derived loss of muscle and adipose tissue during chemotherapy in metastatic non-small cell lung cancer},
  author={Degens, Juliette HRJ and Sanders, Karin JC and de Jong, Evelyn EC and Groen, Harry JM and Smit, Egbert F and Aerts, Joachim G and Schols, Annemie MWJ and Dingemans, A-MC},
  journal={Lung Cancer},
  volume={133},
  pages={130--135},
  year={2019},
  publisher={Elsevier}
}

@article{chianca2022sarcopenia,
  title={Sarcopenia: imaging assessment and clinical application},
  author={Chianca, Vito and Albano, Domenico and Messina, Carmelo and Gitto, Salvatore and Ruffo, Gaetano and Guarino, Salvatore and Del Grande, Filippo and Sconfienza, Luca Maria},
  journal={Abdominal Radiology},
  volume={47},
  number={9},
  pages={3205--3216},
  year={2022},
  publisher={Springer}
}

@article{amini2019approaches,
  title={Approaches to assessment of muscle mass and myosteatosis on computed tomography: a systematic review},
  author={Amini, Behrang and Boyle, Sean P and Boutin, Robert D and Lenchik, Leon},
  journal={The Journals of Gerontology: Series A},
  volume={74},
  number={10},
  pages={1671--1678},
  year={2019},
  publisher={Oxford University Press US}
}

@article{kaess2012ratio,
  title={The ratio of visceral to subcutaneous fat, a metric of body fat distribution, is a unique correlate of cardiometabolic risk},
  author={Kaess, BM and Pedley, A and Massaro, JM and Murabito, J and Hoffmann, U and Fox, CS},
  journal={Diabetologia},
  volume={55},
  pages={2622--2630},
  year={2012},
  publisher={Springer}
}

@article{oh2017visceral,
  title={Visceral-to-subcutaneous fat ratio as a predictor of the multiple metabolic risk factors for subjects with normal waist circumference in Korea},
  author={Oh, Yun Hwan and Moon, Ji Hyun and Kim, Hyeon Ju and Kong, Mi Hee},
  journal={Diabetes, Metabolic Syndrome and Obesity: Targets and Therapy},
  pages={505--511},
  year={2017},
  publisher={Taylor \& Francis}
}

@inproceedings{wang2020artificial,
  title={Artificial intelligence in the evaluation of body composition},
  author={Wang, Benjamin and Torriani, Martin},
  booktitle={Seminars in Musculoskeletal Radiology},
  volume={24},
  pages={030--037},
  year={2020},
  organization={Thieme Medical Publishers}
}

@article{fu2020automatic,
  title={Automatic segmentation of CT images for ventral body composition analysis},
  author={Fu, Yabo and Ippolito, Joseph E and Ludwig, Daniel R and Nizamuddin, Rehan and Li, Harold H and Yang, Deshan},
  journal={Medical physics},
  volume={47},
  number={11},
  pages={5723--5730},
  year={2020},
  publisher={Wiley Online Library}
}

@article{lee2017pixel,
  title={Pixel-level deep segmentation: artificial intelligence quantifies muscle on computed tomography for body morphometric analysis},
  author={Lee, Hyunkwang and Troschel, Fabian M and Tajmir, Shahein and Fuchs, Georg and Mario, Julia and Fintelmann, Florian J and Do, Synho},
  journal={Journal of digital imaging},
  volume={30},
  pages={487--498},
  year={2017},
  publisher={Springer}
}

@article{weston2019automated,
  title={Automated abdominal segmentation of CT scans for body composition analysis using deep learning},
  author={Weston, Alexander D and Korfiatis, Panagiotis and Kline, Timothy L and Philbrick, Kenneth A and Kostandy, Petro and Sakinis, Tomas and Sugimoto, Motokazu and Takahashi, Naoki and Erickson, Bradley J},
  journal={Radiology},
  volume={290},
  number={3},
  pages={669--679},
  year={2019},
  publisher={Radiological Society of North America}
}

@article{wang2017two,
  title={A two-step convolutional neural network based computer-aided detection scheme for automatically segmenting adipose tissue volume depicting on CT images},
  author={Wang, Yunzhi and Qiu, Yuchen and Thai, Theresa and Moore, Kathleen and Liu, Hong and Zheng, Bin},
  journal={Computer methods and programs in biomedicine},
  volume={144},
  pages={97--104},
  year={2017},
  publisher={Elsevier}
}

@article{hemke2020deep,
  title={Deep learning for automated segmentation of pelvic muscles, fat, and bone from CT studies for body composition assessment},
  author={Hemke, Robert and Buckless, Colleen G and Tsao, Andrew and Wang, Benjamin and Torriani, Martin},
  journal={Skeletal radiology},
  volume={49},
  pages={387--395},
  year={2020},
  publisher={Springer}
}

@article{koitka2021fully,
  title={Fully automated body composition analysis in routine CT imaging using 3D semantic segmentation convolutional neural networks},
  author={Koitka, Sven and Kroll, Lennard and Malamutmann, Eugen and Oezcelik, Arzu and Nensa, Felix},
  journal={European radiology},
  volume={31},
  pages={1795--1804},
  year={2021},
  publisher={Springer}
}

@inproceedings{christ2011fuzzy,
  title={Fuzzy c-means algorithm for medical image segmentation},
  author={Christ, MC Jobin and Parvathi, RMS},
  booktitle={2011 3rd International conference on electronics computer technology},
  volume={4},
  pages={33--36},
  year={2011},
  organization={IEEE}
}

@misc{staley2019visceral,
  title={Visceral adiposity as a predictor of survival in patients with epithelial ovarian cancer receiving platinum and taxane-based chemotherapy.},
  author={Staley, Stuart-Allison Moffat and Tucker, Katherine and Oldan, Jorge and Moore, Dominic T and Newton, Meredith and Ertel, Michelle and West, Lindsay and Bae-Jump, Victoria},
  year={2019},
  publisher={American Society of Clinical Oncology}
}

@article{torres2013nutritional,
  title={Nutritional status, CT body composition measures and survival in ovarian cancer},
  author={Torres, Michelle L and Hartmann, Lynn C and Cliby, William A and Kalli, Kimberly R and Young, Phillip M and Weaver, Amy L and Langstraat, Carrie L and Jatoi, Aminah and Kumar, Sanjeev and Mariani, Andrea},
  journal={Gynecologic oncology},
  volume={129},
  number={3},
  pages={548--553},
  year={2013},
  publisher={Elsevier}
}

@article{prado2014lean,
  title={Lean tissue imaging: a new era for nutritional assessment and intervention},
  author={Prado, Carla MM and Heymsfield, Steven B},
  journal={Journal of Parenteral and Enteral Nutrition},
  volume={38},
  number={8},
  pages={940--953},
  year={2014},
  publisher={Wiley Online Library}
}

@article{baracos2013clinical,
  title={Clinical outcomes related to muscle mass in humans with cancer and catabolic illnesses},
  author={Baracos, Vickie and Kazemi-Bajestani, Seyyed Mohammad Reza},
  journal={The international journal of biochemistry \& cell biology},
  volume={45},
  number={10},
  pages={2302--2308},
  year={2013},
  publisher={Elsevier}
}

@article{bates2022ct,
  title={CT-derived body composition assessment as a prognostic tool in oncologic patients: from opportunistic research to artificial intelligence--based clinical implementation},
  author={Bates, David DB and Pickhardt, Perry J},
  journal={American Journal of Roentgenology},
  volume={219},
  number={4},
  pages={671--680},
  year={2022},
  publisher={Am Roentgen Ray Soc}
}

@article{engelke2018quantitative,
  title={Quantitative analysis of skeletal muscle by computed tomography imaging—State of the art},
  author={Engelke, Klaus and Museyko, Oleg and Wang, Ling and Laredo, Jean-Denis},
  journal={Journal of orthopaedic translation},
  volume={15},
  pages={91--103},
  year={2018},
  publisher={Elsevier}
}

@article{cawthon2015assessment,
  title={Assessment of lean mass and physical performance in sarcopenia},
  author={Cawthon, Peggy M},
  journal={Journal of Clinical Densitometry},
  volume={18},
  number={4},
  pages={467--471},
  year={2015},
  publisher={Elsevier}
}

@article{cruz2019sarcopenia,
  title={Sarcopenia: revised European consensus on definition and diagnosis},
  author={Cruz-Jentoft, Alfonso J and Bahat, G{\"u}listan and Bauer, J{\"u}rgen and Boirie, Yves and Bruy{\`e}re, Olivier and Cederholm, Tommy and Cooper, Cyrus and Landi, Francesco and Rolland, Yves and Sayer, Avan Aihie and others},
  journal={Age and ageing},
  volume={48},
  number={1},
  pages={16--31},
  year={2019},
  publisher={Oxford University Press}
}

@article{martin2013cancer,
  title={Cancer cachexia in the age of obesity: skeletal muscle depletion is a powerful prognostic factor, independent of body mass index},
  author={Martin, Lisa and Birdsell, Laura and MacDonald, Neil and Reiman, Tony and Clandinin, M Thomas and McCargar, Linda J and Murphy, Rachel and Ghosh, Sunita and Sawyer, Michael B and Baracos, Vickie E},
  journal={Journal of clinical oncology},
  volume={31},
  number={12},
  pages={1539--1547},
  year={2013},
  publisher={American Society of Clinical Oncology}
}

@article{dodds2015epidemiology,
  title={The epidemiology of sarcopenia},
  author={Dodds, Richard Matthew and Roberts, Helen Clare and Cooper, Cyrus and Sayer, Avan Aihie},
  journal={Journal of Clinical Densitometry},
  volume={18},
  number={4},
  pages={461--466},
  year={2015},
  publisher={Elsevier}
}

@article{piche2018overview,
  title={Overview of epidemiology and contribution of obesity and body fat distribution to cardiovascular disease: an update},
  author={Pich{\'e}, Marie-Eve and Poirier, Paul and Lemieux, Isabelle and Despr{\'e}s, Jean-Pierre},
  journal={Progress in cardiovascular diseases},
  volume={61},
  number={2},
  pages={103--113},
  year={2018},
  publisher={Elsevier}
}

@article{frank2019determinants,
  title={Determinants of body fat distribution in humans may provide insight about obesity-related health risks},
  author={Frank, Aaron P and de Souza Santos, Roberta and Palmer, Biff F and Clegg, Deborah J},
  journal={Journal of lipid research},
  volume={60},
  number={10},
  pages={1710--1719},
  year={2019},
  publisher={ASBMB}
}

@article{goossens2017metabolic,
  title={The metabolic phenotype in obesity: fat mass, body fat distribution, and adipose tissue function},
  author={Goossens, Gijs H},
  journal={Obesity facts},
  volume={10},
  number={3},
  pages={207--215},
  year={2017},
  publisher={S. Karger AG}
}

@article{isensee2021nnu,
  title={nnU-Net: a self-configuring method for deep learning-based biomedical image segmentation},
  author={Isensee, Fabian and Jaeger, Paul F and Kohl, Simon AA and Petersen, Jens and Maier-Hein, Klaus H},
  journal={Nature methods},
  volume={18},
  number={2},
  pages={203--211},
  year={2021},
  publisher={Nature Publishing Group}
}

@article{koitka2023saros,
  title={SAROS-A large, heterogeneous, and sparsely annotated segmentation dataset on CT imaging data (SAROS)},
  author={Koitka, Sven and Baldini, Giulia and Kroll, Lennard and van Landeghem, Natalie and Haubold, Johannes and others},
  journal={The Cancer Imaging Archive},
  year={2023}
}

@article{clark2013cancer,
  title={The Cancer Imaging Archive (TCIA): maintaining and operating a public information repository},
  author={Clark, Kenneth and Vendt, Bruce and Smith, Kirk and Freymann, John and Kirby, Justin and Koppel, Paul and Moore, Stephen and Phillips, Stanley and Maffitt, David and Pringle, Michael and others},
  journal={Journal of digital imaging},
  volume={26},
  pages={1045--1057},
  year={2013},
  publisher={Springer}
}

@inproceedings{isensee2024nnu,
  title={nnu-net revisited: A call for rigorous validation in 3d medical image segmentation},
  author={Isensee, Fabian and Wald, Tassilo and Ulrich, Constantin and Baumgartner, Michael and Roy, Saikat and Maier-Hein, Klaus and Jaeger, Paul F},
  booktitle={International Conference on Medical Image Computing and Computer-Assisted Intervention},
  pages={488--498},
  year={2024},
  organization={Springer}
}

@article{han2020association,
  title={Association of body composition with long-term survival in non-metastatic rectal cancer patients},
  author={Han, Jin Soo and Ryu, Hyoseon and Park, In Ja and Kim, Kyung Won and Shin, Yongbin and Kim, Sun Ok and Lim, Seok-Byung and Kim, Chan Wook and Yoon, Yong Sik and Lee, Jong Lyul and others},
  journal={Cancer Research and Treatment: Official Journal of Korean Cancer Association},
  volume={52},
  number={2},
  pages={563--572},
  year={2020},
  publisher={Korean Cancer Association}
}

@article{arayne2023comparison,
  title={Comparison of CT derived body composition at the thoracic T4 and T12 with lumbar L3 vertebral levels and their utility in patients with rectal cancer},
  author={Arayne, Aisha A and Gartrell, Richard and Qiao, Jing and Baird, Paul N and Yeung, Justin MC},
  journal={BMC cancer},
  volume={23},
  number={1},
  pages={56},
  year={2023},
  publisher={Springer}
}

@article{pickhardt2020automated,
  title={Automated abdominal CT imaging biomarkers for opportunistic prediction of future major osteoporotic fractures in asymptomatic adults},
  author={Pickhardt, Perry J and Graffy, Peter M and Zea, Ryan and Lee, Scott J and Liu, Jiamin and Sandfort, Veit and Summers, Ronald M},
  journal={Radiology},
  volume={297},
  number={1},
  pages={64--72},
  year={2020},
  publisher={Radiological Society of North America}
}

@article{pickhardt2020automate,
  title={Automated CT biomarkers for opportunistic prediction of future cardiovascular events and mortality in an asymptomatic screening population: a retrospective cohort study},
  author={Pickhardt, Perry J and Graffy, Peter M and Zea, Ryan and Lee, Scott J and Liu, Jiamin and Sandfort, Veit and Summers, Ronald M},
  journal={The Lancet Digital Health},
  volume={2},
  number={4},
  pages={e192--e200},
  year={2020},
  publisher={Elsevier}
}

@article{liu2023fully,
  title={Fully automated CT-based adiposity assessment: comparison of the L1 and L3 vertebral levels for opportunistic prediction},
  author={Liu, Daniel and Garrett, John W and Lee, Matt H and Zea, Ryan and Summers, Ronald M and Pickhardt, Perry J},
  journal={Abdominal Radiology},
  volume={48},
  number={2},
  pages={787--795},
  year={2023},
  publisher={Springer}
}

@article{malietzis2015role,
  title={The role of body composition evaluation by computerized tomography in determining colorectal cancer treatment outcomes: a systematic review},
  author={Malietzis, George and Aziz, Omer and Bagnall, Nigel M and Johns, N and Fearon, KC and Jenkins, JT},
  journal={European Journal of Surgical Oncology (EJSO)},
  volume={41},
  number={2},
  pages={186--196},
  year={2015},
  publisher={Elsevier}
}

@article{wasserthal2023totalsegmentator,
  title={TotalSegmentator: robust segmentation of 104 anatomic structures in CT images},
  author={Wasserthal, Jakob and Breit, Hanns-Christian and Meyer, Manfred T and Pradella, Maurice and Hinck, Daniel and Sauter, Alexander W and Heye, Tobias and Boll, Daniel T and Cyriac, Joshy and Yang, Shan and others},
  journal={Radiology: Artificial Intelligence},
  volume={5},
  number={5},
  year={2023},
  publisher={Radiological Society of North America}
}

@article{fernandez2024ia,
  title={IA-Body Composition CT at T12 in Idiopathic Pulmonary Fibrosis: Diagnosing Sarcopenia and Correlating with Other Morphofunctional Assessment Techniques},
  author={Fern{\'a}ndez-Jim{\'e}nez, Roc{\'\i}o and Sanmart{\'\i}n-S{\'a}nchez, Alicia and Cabrera-C{\'e}sar, Eva and Esp{\'\i}ldora-Hern{\'a}ndez, Francisco and Vegas-Aguilar, Isabel and Amaya-Campos, Mar{\'\i}a del Mar and Palmas-Candia, Fiorella Ximena and Claro-Brandner, Mar{\'\i}a and Olivares-Alcolea, Josefina and Sim{\'o}n-Frapolli, V{\'\i}ctor Jos{\'e} and others},
  journal={Nutrients},
  volume={16},
  number={17},
  pages={2885},
  year={2024},
  publisher={MDPI}
}

@article{soh2024prognostic,
  title={Prognostic value of CT body composition analysis for 1-year mortality after transcatheter aortic valve replacement},
  author={Soh, Sarah and Suh, Young Joo and Lee, Suji and Roh, Yun Ho and Kwak, Young-Lan and Kim, Young Jin},
  journal={European Radiology},
  pages={1--11},
  year={2024},
  publisher={Springer}
}

@article{demerath2007approximation,
  title={Approximation of total visceral adipose tissue with a single magnetic resonance image},
  author={Demerath, Ellen W and Shen, Wei and Lee, Miryoung and Choh, Audrey C and Czerwinski, Stefan A and Siervogel, Roger M and Towne, Bradford},
  journal={The American journal of clinical nutrition},
  volume={85},
  number={2},
  pages={362--368},
  year={2007},
  publisher={Elsevier}
}

@article{tong2014optimization,
  title={Optimization of abdominal fat quantification on CT imaging through use of standardized anatomic space: a novel approach},
  author={Tong, Yubing and Udupa, Jayaram K and Torigian, Drew A},
  journal={Medical physics},
  volume={41},
  number={6Part1},
  pages={063501},
  year={2014},
  publisher={Wiley Online Library}
}

@article{looijaard2016skeletal,
  title={Skeletal muscle quality as assessed by CT-derived skeletal muscle density is associated with 6-month mortality in mechanically ventilated critically ill patients},
  author={Looijaard, Wilhelmus GPM and Dekker, Ingeborg M and Stapel, Sandra N and Girbes, Armand RJ and Twisk, Jos WR and Oudemans-van Straaten, Heleen M and Weijs, Peter JM},
  journal={Critical care},
  volume={20},
  pages={1--10},
  year={2016},
  publisher={Springer}
}

@article{cleary2015does,
  title={Does Computed Tomography--Based Muscle Density Predict Muscle Function and Health-Related Quality of Life in Patients With Idiopathic Inflammatory Myopathies?},
  author={Cleary, Laura C and Crofford, Leslie J and Long, Douglas and Charnigo, Richard and Clasey, Jody and Beaman, Francesca and Jenkins, Kirk A and Fraser, Natasha and Srinivas, Archana and Dhaon, Nicole and others},
  journal={Arthritis Care \& Research},
  volume={67},
  number={7},
  pages={1031--1040},
  year={2015},
  publisher={Wiley Online Library}
}

@article{wang2021muscle,
  title={Muscle density, but not size, correlates well with muscle strength and physical performance},
  author={Wang, Ling and Yin, Lu and Zhao, Yue and Su, Yongbin and Sun, Wei and Chen, Shuo and Liu, Yandong and Yang, Minghui and Yu, Aihong and Guglielmi, Giuseppe and others},
  journal={Journal of the American Medical Directors Association},
  volume={22},
  number={4},
  pages={751--759},
  year={2021},
  publisher={Elsevier}
}

@article{sergi2016imaging,
  title={Imaging of sarcopenia},
  author={Sergi, Giuseppe and Trevisan, Caterina and Veronese, Nicola and Lucato, Paola and Manzato, Enzo},
  journal={European journal of radiology},
  volume={85},
  number={8},
  pages={1519--1524},
  year={2016},
  publisher={Elsevier}
}

@article{tagliafico2022sarcopenia,
  title={Sarcopenia: how to measure, when and why},
  author={Tagliafico, Alberto Stefano and Bignotti, Bianca and Torri, Lorenzo and Rossi, Federica},
  journal={La radiologia medica},
  volume={127},
  number={3},
  pages={228--237},
  year={2022},
  publisher={Springer}
}

@article{goodpaster2000composition,
  title={Composition of skeletal muscle evaluated with computed tomography},
  author={Goodpaster, Bret H and Thaete, F Leland and Kelley, David E},
  journal={Annals of the New York Academy of Sciences},
  volume={904},
  number={1},
  pages={18--24},
  year={2000},
  publisher={Wiley Online Library}
}

@article{sinelnikov2016measurement,
  title={Measurement of skeletal muscle area: comparison of CT and MR imaging},
  author={Sinelnikov, Andrey and Qu, Chuanxing and Fetzer, David T and Pelletier, Jean-S{\'e}bastien and Dunn, Michael A and Tsung, Allan and Furlan, Alessandro},
  journal={European Journal of Radiology},
  volume={85},
  number={10},
  pages={1716--1721},
  year={2016},
  publisher={Elsevier}
}

@article{vella2020skeletal,
  title={Skeletal muscle area and density are associated with lipid and lipoprotein cholesterol levels: The Multi-Ethnic Study of Atherosclerosis},
  author={Vella, Chantal A and Nelson, Megan C and Unkart, Jonathan T and Miljkovic, Iva and Allison, Matthew A},
  journal={Journal of clinical lipidology},
  volume={14},
  number={1},
  pages={143--153},
  year={2020},
  publisher={Elsevier}
}

@article{antoniou2019effect,
  title={Effect of low skeletal muscle mass on post-operative survival of patients with abdominal aortic aneurysm: a prognostic factor review and meta-analysis of time-to-event data},
  author={Antoniou, George A and Rojoa, Djamila and Antoniou, Stavros A and Alfahad, Aws and Torella, Francesco and Juszczak, Maciej T},
  journal={European Journal of Vascular and Endovascular Surgery},
  volume={58},
  number={2},
  pages={190--198},
  year={2019},
  publisher={Elsevier}
}

@article{bradley2022relationship,
  title={The relationship between pre-operative psoas and skeletal muscle parameters and survival following endovascular aneurysm repair: a systematic review and meta-analysis},
  author={Bradley, NA and Roxburgh, CSD and McMillan, DC and Guthrie, GJK},
  journal={Scientific Reports},
  volume={12},
  number={1},
  pages={16663},
  year={2022},
  publisher={Nature Publishing Group UK London}
}

@article{momose2017ct,
  title={CT-based analysis of muscle volume and degeneration of gluteus medius in patients with unilateral hip osteoarthritis},
  author={Momose, Takako and Inaba, Yutaka and Choe, Hyonmin and Kobayashi, Naomi and Tezuka, Taro and Saito, Tomoyuki},
  journal={BMC musculoskeletal disorders},
  volume={18},
  pages={1--7},
  year={2017},
  publisher={Springer}
}

@article{ladeiras2017ratio,
  title={The ratio between visceral and subcutaneous abdominal fat assessed by computed tomography is an independent predictor of mortality and cardiac events},
  author={Ladeiras-Lopes, Ricardo and Sampaio, Francisco and Bettencourt, Nuno and Fontes-Carvalho, Ricardo and Ferreira, Nuno and Leite-Moreira, Adelino and Gama, Vasco},
  journal={Revista Espa{\~n}ola de Cardiolog{\'\i}a (English Edition)},
  volume={70},
  number={5},
  pages={331--337},
  year={2017},
  publisher={Elsevier}
}

@article{tanaka2021distinct,
  title={Distinct associations of intraperitoneal and retroperitoneal visceral adipose tissues with metabolic syndrome and its components},
  author={Tanaka, Muhei and Okada, Hiroshi and Hashimoto, Yoshitaka and Kumagai, Muneaki and Nishimura, Hiromi and Fukui, Michiaki},
  journal={Clinical Nutrition},
  volume={40},
  number={5},
  pages={3479--3484},
  year={2021},
  publisher={Elsevier}
}

@article{hardy2012causes,
  title={What causes the insulin resistance underlying obesity?},
  author={Hardy, Olga T and Czech, Michael P and Corvera, Silvia},
  journal={Current Opinion in Endocrinology, Diabetes and Obesity},
  volume={19},
  number={2},
  pages={81--87},
  year={2012},
  publisher={LWW}
}

@article{chait2020adipose,
  title={Adipose tissue distribution, inflammation and its metabolic consequences, including diabetes and cardiovascular disease},
  author={Chait, Alan and Den Hartigh, Laura J},
  journal={Frontiers in cardiovascular medicine},
  volume={7},
  pages={522637},
  year={2020},
  publisher={Frontiers}
}

@article{bansal2023visceral,
  title={Visceral fat: A key mediator of NAFLD development and progression},
  author={Bansal, Savita and Vachher, Meenakshi and Arora, Taruna and Kumar, Bhupender and Burman, Archana},
  journal={Human Nutrition \& Metabolism},
  pages={200210},
  year={2023},
  publisher={Elsevier}
}

@article{hou2024enhanced,
  title={Enhanced muscle and fat segmentation for CT-based body composition analysis: a comparative study},
  author={Hou, Benjamin and Mathai, Tejas Sudharshan and Liu, Jianfei and Parnell, Christopher and Summers, Ronald M},
  journal={International journal of computer assisted radiology and surgery},
  pages={1--8},
  year={2024},
  publisher={Springer}
}

@article{magudia2021population,
  title={Population-scale CT-based body composition analysis of a large outpatient population using deep learning to derive age-, sex-, and race-specific reference curves},
  author={Magudia, Kirti and Bridge, Christopher P and Bay, Camden P and Babic, Ana and Fintelmann, Florian J and Troschel, Fabian M and Miskin, Nityanand and Wrobel, William C and Brais, Lauren K and Andriole, Katherine P and others},
  journal={Radiology},
  volume={298},
  number={2},
  pages={319--329},
  year={2021},
  publisher={Radiological Society of North America}
}

@article{kostakoglu2015phase,
  title={A phase II study of 3'-deoxy-3'-18F-fluorothymidine PET in the assessment of early response of breast cancer to neoadjuvant chemotherapy: results from ACRIN 6688},
  author={Kostakoglu, Lale and Duan, Fenghai and Idowu, Michael O and Jolles, Paul R and Bear, Harry D and Muzi, Mark and Cormack, Jean and Muzi, John P and Pryma, Daniel A and Specht, Jennifer M and others},
  journal={Journal of Nuclear Medicine},
  volume={56},
  number={11},
  pages={1681--1689},
  year={2015},
  publisher={Soc Nuclear Med}
}

@misc{Kinahan2017,
  author = {Kinahan, P. and Muzi, M. and Bialecki, B. and Coombs, L.},
  title = {Data from ACRIN-FLT-Breast (Version 2) [Data set]},
  year = {2017},
  publisher = {The Cancer Imaging Archive},
  doi = {10.7937/K9/TCIA.2017.ol20zmxg},
  url = {https://doi.org/10.7937/K9/TCIA.2017.ol20zmxg}
}

@article{machtay2013prediction,
  title={Prediction of survival by [18F] fluorodeoxyglucose positron emission tomography in patients with locally advanced non--small-cell lung cancer undergoing definitive chemoradiation therapy: results of the ACRIN 6668/RTOG 0235 trial},
  author={Machtay, Mitchell and Duan, Fenghai and Siegel, Barry A and Snyder, Bradley S and Gorelick, Jeremy J and Reddin, Janet S and Munden, Reginald and Johnson, Douglas W and Wilf, Larry H and DeNittis, Albert and others},
  journal={Journal of clinical oncology},
  volume={31},
  number={30},
  pages={3823--3830},
  year={2013},
  publisher={American Society of Clinical Oncology}
}

@misc{Kinahan2019,
  author = {Kinahan, P. and Muzi, M. and Bialecki, B. and Herman, B. and Coombs, L.},
  title = {Data from the ACRIN 6668 Trial NSCLC-FDG-PET (Version 2) [Data set]},
  year = {2019},
  publisher = {The Cancer Imaging Archive},
  doi = {10.7937/tcia.2019.30ilqfcl},
  url = {https://doi.org/10.7937/tcia.2019.30ilqfcl}
}

@misc{Madhavi2019,
  author = {Madhavi, P. and Patel, S. and Tsao, A. S.},
  title = {Data from Anti-PD-1 Immunotherapy Lung [Data set]},
  year = {2019},
  publisher = {The Cancer Imaging Archive},
  doi = {10.7937/tcia.2019.zjjwb9ip},
  url = {https://doi.org/10.7937/tcia.2019.zjjwb9ip}
}

@article{heller2021state,
  title={The state of the art in kidney and kidney tumor segmentation in contrast-enhanced CT imaging: Results of the KiTS19 challenge},
  author={Heller, Nicholas and Isensee, Fabian and Maier-Hein, Klaus H and Hou, Xiaoshuai and Xie, Chunmei and Li, Fengyi and Nan, Yang and Mu, Guangrui and Lin, Zhiyong and Han, Miofei and others},
  journal={Medical image analysis},
  volume={67},
  pages={101821},
  year={2021},
  publisher={Elsevier}
}

@misc{Heller2019,
  author = {Heller, N. and Sathianathen, N. and Kalapara, A. and Walczak, E. and Moore, K. and Kaluzniak, H. and Rosenberg, J. and Blake, P. and Rengel, Z. and Oestreich, M. and Dean, J. and Tradewell, M. and Shah, A. and Tejpaul, R. and Edgerton, Z. and Peterson, M. and Raza, S. and Regmi, S. and Papanikolopoulos, N. and Weight, C.},
  title = {Data from C4KC-KiTS [Data set]},
  year = {2019},
  publisher = {The Cancer Imaging Archive},
  doi = {10.7937/TCIA.2019.IX49E8NX},
  url = {https://doi.org/10.7937/TCIA.2019.IX49E8NX}
}

@misc{CPTAC2018,
  author = {{National Cancer Institute Clinical Proteomic Tumor Analysis Consortium (CPTAC)}},
  title = {The Clinical Proteomic Tumor Analysis Consortium Cutaneous Melanoma Collection (CPTAC-CM) (Version 11) [Data set]},
  year = {2018},
  publisher = {The Cancer Imaging Archive},
  doi = {10.7937/K9/TCIA.2018.ODU24GZE},
  url = {https://doi.org/10.7937/K9/TCIA.2018.ODU24GZE}
}

@misc{CPTAC2018LSCC,
  author = {{National Cancer Institute Clinical Proteomic Tumor Analysis Consortium (CPTAC)}},
  title = {The Clinical Proteomic Tumor Analysis Consortium Lung Squamous Cell Carcinoma Collection (CPTAC-LSCC) (Version 15) [Data set]},
  year = {2018},
  publisher = {The Cancer Imaging Archive},
  doi = {10.7937/K9/TCIA.2018.6EMUB5L2},
  url = {https://doi.org/10.7937/K9/TCIA.2018.6EMUB5L2}
}

@misc{CPTAC2018LUAD,
  author = {{National Cancer Institute Clinical Proteomic Tumor Analysis Consortium (CPTAC)}},
  title = {The Clinical Proteomic Tumor Analysis Consortium Lung Adenocarcinoma Collection (CPTAC-LUAD) (Version 12) [Data set]},
  year = {2018},
  publisher = {The Cancer Imaging Archive},
  doi = {10.7937/K9/TCIA.2018.PAT12TBS},
  url = {https://doi.org/10.7937/K9/TCIA.2018.PAT12TBS}
}

@misc{CPTAC2018_v2,
  author       = {National Cancer Institute Clinical Proteomic Tumor Analysis Consortium (CPTAC)},
  title        = {The Clinical Proteomic Tumor Analysis Consortium Pancreatic Ductal Adenocarcinoma Collection (CPTAC-PDA)},
  year         = {2018},
  version      = {14},
  note         = {Data set},
  publisher    = {The Cancer Imaging Archive},
  doi          = {10.7937/K9/TCIA.2018.SC20FO18},
  url          = {https://doi.org/10.7937/K9/TCIA.2018.SC20FO18}
}

@misc{CPTAC2019UCEC,
  author = {{National Cancer Institute Clinical Proteomic Tumor Analysis Consortium (CPTAC)}},
  title = {The Clinical Proteomic Tumor Analysis Consortium Uterine Corpus Endometrial Carcinoma Collection (CPTAC-UCEC) (Version 12) [Data set]},
  year = {2019},
  publisher = {The Cancer Imaging Archive},
  doi = {10.7937/K9/TCIA.2018.3R3JUISW},
  url = {https://doi.org/10.7937/K9/TCIA.2018.3R3JUISW}
}

@article{armato2011lung,
  title={The lung image database consortium (LIDC) and image database resource initiative (IDRI): a completed reference database of lung nodules on CT scans},
  author={Armato III, Samuel G and McLennan, Geoffrey and Bidaut, Luc and McNitt-Gray, Michael F and Meyer, Charles R and Reeves, Anthony P and Zhao, Binsheng and Aberle, Denise R and Henschke, Claudia I and Hoffman, Eric A and others},
  journal={Medical physics},
  volume={38},
  number={2},
  pages={915--931},
  year={2011},
  publisher={Wiley Online Library}
}

@misc{Armato2015,
  author = {Armato III, S. G. and McLennan, G. and Bidaut, L. and McNitt-Gray, M. F. and Meyer, C. R. and Reeves, A. P. and Zhao, B. and Aberle, D. R. and Henschke, C. I. and Hoffman, E. A. and Kazerooni, E. A. and MacMahon, H. and Van Beek, E. J. R. and Yankelevitz, D. and Biancardi, A. M. and Bland, P. H. and Brown, M. S. and Engelmann, R. M. and Laderach, G. E. and Max, D. and Pais, R. C. and Qing, D. P. Y. and Roberts, R. Y. and Smith, A. R. and Starkey, A. and Batra, P. and Caligiuri, P. and Farooqi, A. and Gladish, G. W. and Jude, C. M. and Munden, R. F. and Petkovska, I. and Quint, L. E. and Schwartz, L. H. and Sundaram, B. and Dodd, L. E. and Fenimore, C. and Gur, D. and Petrick, N. and Freymann, J. and Kirby, J. and Hughes, B. and Casteele, A. V. and Gupte, S. and Sallam, M. and Heath, M. D. and Kuhn, M. H. and Dharaiya, E. and Burns, R. and Fryd, D. S. and Salganicoff, M. and Anand, V. and Shreter, U. and Vastagh, S. and Croft, B. Y. and Clarke, L. P.},
  title = {Data From LIDC-IDRI [Data set]},
  year = {2015},
  publisher = {The Cancer Imaging Archive},
  doi = {10.7937/K9/TCIA.2015.LO9QL9SX},
  url = {https://doi.org/10.7937/K9/TCIA.2015.LO9QL9SX}
}

@misc{Napel2014,
  author = {Napel, Sandy and Plevritis, Sylvia K.},
  title = {NSCLC Radiogenomics: Initial Stanford Study of 26 Cases (NSCLC Radiogenomics-Stanford) [Data Set]},
  year = {2014},
  publisher = {The Cancer Imaging Archive},
  doi = {10.7937/K9/TCIA.2014.X7ONY6B1},
  url = {https://doi.org/10.7937/K9/TCIA.2014.X7ONY6B1}
}

@misc{Bakr2017,
  author = {Bakr, S. and Gevaert, O. and Echegaray, S. and Ayers, K. and Zhou, M. and Shafiq, M. and Zheng, H. and Zhang, W. and Leung, A. and Kadoch, M. and Shrager, J. and Quon, A. and Rubin, D. and Plevritis, S. and Napel, S.},
  title = {Data for NSCLC Radiogenomics (Version 4) [Data set]},
  year = {2017},
  publisher = {The Cancer Imaging Archive},
  doi = {10.7937/K9/TCIA.2017.7hs46erv},
  url = {https://doi.org/10.7937/K9/TCIA.2017.7hs46erv}
}

@article{bakr2018radiogenomic,
  title={A radiogenomic dataset of non-small cell lung cancer},
  author={Bakr, Shaimaa and Gevaert, Olivier and Echegaray, Sebastian and Ayers, Kelsey and Zhou, Mu and Shafiq, Majid and Zheng, Hong and Benson, Jalen Anthony and Zhang, Weiruo and Leung, Ann NC and others},
  journal={Scientific data},
  volume={5},
  number={1},
  pages={1--9},
  year={2018},
  publisher={Nature Publishing Group}
}

@article{gevaert2012non,
  title={Non--small cell lung cancer: identifying prognostic imaging biomarkers by leveraging public gene expression microarray data—methods and preliminary results},
  author={Gevaert, Olivier and Xu, Jiajing and Hoang, Chuong D and Leung, Ann N and Xu, Yue and Quon, Andrew and Rubin, Daniel L and Napel, Sandy and Plevritis, Sylvia K},
  journal={Radiology},
  volume={264},
  number={2},
  pages={387--396},
  year={2012},
  publisher={Radiological Society of North America, Inc.}
}

@misc{Roth2016,
  author = {Roth, H. and Farag, A. and Turkbey, E. B. and Lu, L. and Liu, J. and Summers, R. M.},
  title = {Data From Pancreas-CT (Version 2) [Data set]},
  year = {2016},
  publisher = {The Cancer Imaging Archive},
  doi = {10.7937/K9/TCIA.2016.tNB1kqBU},
  url = {https://doi.org/10.7937/K9/TCIA.2016.tNB1kqBU}
}

@inproceedings{roth2015deeporgan,
  title={Deeporgan: Multi-level deep convolutional networks for automated pancreas segmentation},
  author={Roth, Holger R and Lu, Le and Farag, Amal and Shin, Hoo-Chang and Liu, Jiamin and Turkbey, Evrim B and Summers, Ronald M},
  booktitle={Medical Image Computing and Computer-Assisted Intervention--MICCAI 2015: 18th International Conference, Munich, Germany, October 5-9, 2015, Proceedings, Part I 18},
  pages={556--564},
  year={2015},
  organization={Springer}
}

@article{vallieres2015radiomics,
  title={A radiomics model from joint FDG-PET and MRI texture features for the prediction of lung metastases in soft-tissue sarcomas of the extremities},
  author={Valli{\`e}res, Martin and Freeman, Carolyn R and Skamene, Sonia R and El Naqa, Issam},
  journal={Physics in Medicine \& Biology},
  volume={60},
  number={14},
  pages={5471},
  year={2015},
  publisher={IOP Publishing}
}

@misc{Vallieres2015,
  author = {Vallières, Martin and Freeman, Carolyn R. and Skamene, Sonia R. and El Naqa, Issam},
  title = {A radiomics model from joint FDG-PET and MRI texture features for the prediction of lung metastases in soft-tissue sarcomas of the extremities (Soft-tissue-Sarcoma) [Dataset]},
  year = {2015},
  publisher = {The Cancer Imaging Archive},
  doi = {10.7937/K9/TCIA.2015.7GO2GSKS},
  url = {https://doi.org/10.7937/K9/TCIA.2015.7GO2GSKS}
}

@misc{Saltz2021,
  author = {Saltz, J. and Saltz, M. and Prasanna, P. and Moffitt, R. and Hajagos, J. and Bremer, E. and Balsamo, J. and Kurc, T.},
  title = {Stony Brook University COVID-19 Positive Cases [Data set]},
  year = {2021},
  publisher = {The Cancer Imaging Archive},
  doi = {10.7937/TCIA.BBAG-2923},
  url = {https://doi.org/10.7937/TCIA.BBAG-2923}
}

@misc{Li2020,
  author = {Li, P. and Wang, S. and Li, T. and Lu, J. and HuangFu, Y. and Wang, D.},
  title = {A Large-Scale CT and PET/CT Dataset for Lung Cancer Diagnosis (Lung-PET-CT-Dx) [Data set]},
  year = {2020},
  publisher = {The Cancer Imaging Archive},
  doi = {10.7937/TCIA.2020.NNC2-0461},
  url = {https://doi.org/10.7937/TCIA.2020.NNC2-0461}
}

@misc{Erickson2016,
  author = {Erickson, B. J. and Kirk, S. and Lee, Y. and Bathe, O. and Kearns, M. and Gerdes, C. and Rieger-Christ, K. and Lemmerman, J.},
  title = {The Cancer Genome Atlas Liver Hepatocellular Carcinoma Collection (TCGA-LIHC) (Version 5) [Data set]},
  year = {2016},
  publisher = {The Cancer Imaging Archive},
  doi = {10.7937/K9/TCIA.2016.IMMQW8UQ},
  url = {https://doi.org/10.7937/K9/TCIA.2016.IMMQW8UQ}
}

@misc{Albertina2016,
  author = {Albertina, B. and Watson, M. and Holback, C. and Jarosz, R. and Kirk, S. and Lee, Y. and Rieger-Christ, K. and Lemmerman, J.},
  title = {The Cancer Genome Atlas Lung Adenocarcinoma Collection (TCGA-LUAD) (Version 4) [Data set]},
  year = {2016},
  publisher = {The Cancer Imaging Archive},
  doi = {10.7937/K9/TCIA.2016.JGNIHEP5},
  url = {https://doi.org/10.7937/K9/TCIA.2016.JGNIHEP5}
}

@misc{Kirk2016,
  author = {Kirk, S. and Lee, Y. and Kumar, P. and Filippini, J. and Albertina, B. and Watson, M. and Rieger-Christ, K. and Lemmerman, J.},
  title = {The Cancer Genome Atlas Lung Squamous Cell Carcinoma Collection (TCGA-LUSC) (Version 4) [Data set]},
  year = {2016},
  publisher = {The Cancer Imaging Archive},
  doi = {10.7937/K9/TCIA.2016.TYGKKFMQ},
  url = {https://doi.org/10.7937/K9/TCIA.2016.TYGKKFMQ}
}

@misc{Lucchesi2016,
  author = {Lucchesi, F. R. and Aredes, N. D.},
  title = {The Cancer Genome Atlas Stomach Adenocarcinoma Collection (TCGA-STAD) (Version 3) [Data set]},
  year = {2016},
  publisher = {The Cancer Imaging Archive},
  doi = {10.7937/K9/TCIA.2016.GDHL9KIM},
  url = {https://doi.org/10.7937/K9/TCIA.2016.GDHL9KIM}
}

@misc{Erickson2016UCEC,
  author = {Erickson, B. J. and Mutch, D. and Lippmann, L. and Jarosz, R.},
  title = {The Cancer Genome Atlas Uterine Corpus Endometrial Carcinoma Collection (TCGA-UCEC) (Version 4) [Data set]},
  year = {2016},
  publisher = {The Cancer Imaging Archive},
  doi = {10.7937/K9/TCIA.2016.GKJ0ZWAC},
  url = {https://doi.org/10.7937/K9/TCIA.2016.GKJ0ZWAC}
}

@article{camus2014prognostic,
  title={Prognostic impact of fat tissue loss and cachexia assessed by computed tomography scan in elderly patients with diffuse large B-cell lymphoma treated with immunochemotherapy},
  author={Camus, Vincent and Lanic, Helene and Kraut, Jer{\^o}me and Modzelewski, Romain and Clatot, Florian and Picquenot, Jean M and Contentin, Nathalie and Lenain, Pascal and Groza, Luminata and Lemasle, Emilie and others},
  journal={European Journal of Haematology},
  volume={93},
  number={1},
  pages={9--18},
  year={2014},
  publisher={Wiley Online Library}
}

@article{connelly2013volumetric,
  title={Volumetric Fat Ratio and Not Body Mass Index is Predictive of Ileocolectomy Outcomes in Crohn's Disease Patients},
  author={Connelly, TM and Sehgal, R and Tappouni, RF and Luke, FE and Deiling, S and Koltun, WA and Messaris, E},
  journal={Journal of Surgical Research},
  volume={2},
  number={179},
  pages={190},
  year={2013}
}

@article{wirtz2021ct,
  title={CT-based determination of excessive visceral adipose tissue is associated with an impaired survival in critically ill patients},
  author={Wirtz, Theresa H and Loosen, Sven H and Schulze-Hagen, Maximilian and Weiskirchen, Ralf and Buendgens, Lukas and Abu Jhaisha, Samira and Brozat, Jonathan F and Puengel, Tobias and Vucur, Mihael and Paffenholz, Pia and others},
  journal={PLoS One},
  volume={16},
  number={4},
  pages={e0250321},
  year={2021},
  publisher={Public Library of Science San Francisco, CA USA}
}

@article{ozturk2020relationship,
  title={Relationship between abdominal aortic calcification, abdominal adiposity, and liver density},
  author={Ozturk, Cansu and Gungor, Ozlem and Kaplanoglu, Veysel and KA{\c{S}}IKCI, MERVE and Ramadan, Selma},
  journal={JCPSP-Journal of the College of Physicians and Surgeons Pakistan},
  volume={30},
  number={12},
  year={2020}
}

@article{blanc2020abdominal,
  title={Abdominal musculature segmentation and surface prediction from CT using deep learning for sarcopenia assessment},
  author={Blanc-Durand, Paul and Schiratti, J-B and Schutte, Kathryn and Jehanno, Paul and Herent, Paul and Pigneur, Fr{\'e}d{\'e}ric and Lucidarme, Olivier and Benaceur, Yassine and Sadate, Alexandre and Luciani, Alain and others},
  journal={Diagnostic and Interventional Imaging},
  volume={101},
  number={12},
  pages={789--794},
  year={2020},
  publisher={Elsevier}
}

@article{van2018percentiles,
  title={Percentiles for skeletal muscle index, area and radiation attenuation based on computed tomography imaging in a healthy Caucasian population},
  author={Van der Werf, A and Langius, JAE and De Van Der Schueren, MAE and Nurmohamed, SA and Van Der Pant, KAMI and Blauwhoff-Buskermolen, S and Wierdsma, NJ l},
  journal={European journal of clinical nutrition},
  volume={72},
  number={2},
  pages={288--296},
  year={2018},
  publisher={Nature Publishing Group UK London}
}

@article{graffy2019deep,
  title={Deep learning-based muscle segmentation and quantification at abdominal CT: application to a longitudinal adult screening cohort for sarcopenia assessment},
  author={Graffy, Peter M and Liu, Jiamin and Pickhardt, Perry J and Burns, Joseph E and Yao, Jianhua and Summers, Ronald M},
  journal={The British journal of radiology},
  volume={92},
  number={1100},
  pages={20190327},
  year={2019},
  publisher={The British Institute of Radiology.}
}

@article{kammerlander2021sex,
  title={Sex differences in the associations of visceral adipose tissue and cardiometabolic and cardiovascular disease risk: the Framingham Heart Study},
  author={Kammerlander, Andreas A and Lyass, Asya and Mahoney, Taylor F and Massaro, Joseph M and Long, Michelle T and Vasan, Ramachandran S and Hoffmann, Udo},
  journal={Journal of the American Heart Association},
  volume={10},
  number={11},
  pages={e019968},
  year={2021},
  publisher={Am Heart Assoc}
}

@article{beasley2009body,
  title={Body composition measures from CT and inflammation},
  author={Beasley, Lydia E and Koster, Annemarie and Newman, Anne B and Javaid, M Kassim and Ferrucci, Luigi and Kritchevsky, Stephen B and Kuller, Lewis H and Pahor, Marco and Schaap, Laura A and Visser, Marjolein and others},
  journal={Obesity (Silver Spring, Md.)},
  volume={17},
  number={5},
  pages={1062},
  year={2009},
  publisher={NIH Public Access}
}

@article{chougule2018clinical,
  title={Clinical case study: spine modeling for minimum invasive spine surgeries (MISS) using rapid prototyping},
  author={Chougule, VN and Mulay, Arati and Ahuja, BB},
  journal={Bone (CT)},
  volume={226},
  pages={3071},
  year={2018}
}

@article{villa2012hounsfield,
  title={Hounsfield Units ranges in CT-scans of bog bodies and mummies},
  author={Villa, Chiara and Lynnerup, Niels},
  journal={Anthropologischer Anzeiger},
  volume={69},
  number={2},
  pages={127--145},
  year={2012},
  publisher={Schweizerbart'sche Verlagsbuchhandlung}
}

@article{risch2022assessment,
  title={Assessment of nutritional status and risk of malnutrition using adapted standard tools in patients with mental illness and in need of intensive psychiatric treatment},
  author={Risch, Ladina and Hotzy, Florian and Vetter, Stefan and Hiller, Sascha and Wallimann, Kathrin and Seifritz, Erich and M{\"o}tteli, Sonja},
  journal={International Journal of Environmental Research and Public Health},
  volume={20},
  number={1},
  pages={109},
  year={2022},
  publisher={MDPI}
}

@article{schuetz2021management,
  title={Management of disease-related malnutrition for patients being treated in hospital},
  author={Schuetz, Philipp and Seres, David and Lobo, Dileep N and Gomes, Filomena and Kaegi-Braun, Nina and Stanga, Zeno},
  journal={The Lancet},
  volume={398},
  number={10314},
  pages={1927--1938},
  year={2021},
  publisher={Elsevier}
}

@article{kaegi2021evaluation,
  title={Evaluation of nutritional support and in-hospital mortality in patients with malnutrition},
  author={Kaegi-Braun, Nina and Mueller, Marlena and Schuetz, Philipp and Mueller, Beat and Kutz, Alexander},
  journal={JAMA Network Open},
  volume={4},
  number={1},
  pages={e2033433--e2033433},
  year={2021},
  publisher={American Medical Association}
}

@article{guenter2021malnutrition,
  title={Malnutrition diagnoses and associated outcomes in hospitalized patients: United States, 2018},
  author={Guenter, Peggi and Abdelhadi, Ruba and Anthony, Pat and Blackmer, Allison and Malone, Ainsley and Mirtallo, Jay M and Phillips, Wendy and Resnick, Helaine E},
  journal={Nutrition in Clinical Practice},
  volume={36},
  number={5},
  pages={957--969},
  year={2021},
  publisher={Wiley Online Library}
}

@article{gu2024segmentanybone,
  title={SegmentAnyBone: A Universal Model that Segments Any Bone at Any Location on MRI},
  author={Gu, Hanxue and Colglazier, Roy and Dong, Haoyu and Zhang, Jikai and Chen, Yaqian and Yildiz, Zafer and Chen, Yuwen and Li, Lin and Yang, Jichen and Willhite, Jay and others},
  journal={arXiv preprint arXiv:2401.12974},
  year={2024}
}

@article{dong2024segment,
  title={Segment anything model 2: an application to 2d and 3d medical images},
  author={Dong, Haoyu and Gu, Hanxue and Chen, Yaqian and Yang, Jichen and Chen, Yuwen and Mazurowski, Maciej A},
  journal={arXiv preprint arXiv:2408.00756},
  year={2024}
}

@article{mazurowski2023segment,
  title={Segment anything model for medical image analysis: an experimental study},
  author={Mazurowski, Maciej A and Dong, Haoyu and Gu, Hanxue and Yang, Jichen and Konz, Nicholas and Zhang, Yixin},
  journal={Medical Image Analysis},
  volume={89},
  pages={102918},
  year={2023},
  publisher={Elsevier}
}

@inproceedings{kamiya2009automated,
  title={Automated recognition of the psoas major muscles on X-ray CT images},
  author={Kamiya, N and Zhou, X and Chen, H and Hara, T and Hoshi, H and Yokoyama, R and Kanematsu, M and Fujita, H},
  booktitle={2009 Annual International Conference of the IEEE Engineering in Medicine and Biology Society},
  pages={3557--3560},
  year={2009},
  organization={IEEE}
}

@inproceedings{kamiya2011automated,
  title={Automated segmentation of recuts abdominis muscle using shape model in X-ray CT images},
  author={Kamiya, Naoki and Zhou, Xiangrong and Chen, H and Muramatsu, Chisako and Hara, Takeshi and Yokoyama, Ryujiro and Kanematsu, Masayuki and Hoshi, Hiroaki and Fujita, Hiroshi},
  booktitle={2011 Annual International Conference of the IEEE Engineering in Medicine and Biology Society},
  pages={7993--7996},
  year={2011},
  organization={IEEE}
}

@article{popuri2015body,
  title={Body composition assessment in axial CT images using FEM-based automatic segmentation of skeletal muscle},
  author={Popuri, Karteek and Cobzas, Dana and Esfandiari, Nina and Baracos, Vickie and J{\"a}gersand, Martin},
  journal={IEEE transactions on medical imaging},
  volume={35},
  number={2},
  pages={512--520},
  year={2015},
  publisher={IEEE}
}

@article{trouwborst2024body,
  title={Body composition and body fat distribution in tissue-specific insulin resistance and in response to a 12-week isocaloric dietary macronutrient intervention},
  author={Trouwborst, Inez and Jardon, Kelly M and Gijbels, Anouk and Hul, Gabby and Feskens, Edith JM and Afman, Lydia A and Linge, Jennifer and Goossens, Gijs H and Blaak, Ellen E},
  journal={Nutrition \& Metabolism},
  volume={21},
  number={1},
  pages={20},
  year={2024},
  publisher={Springer}
}

@article{kakinami2022body,
  title={Body-composition phenotypes and their associations with cardiometabolic risks and health behaviours in a representative general US sample},
  author={Kakinami, Lisa and Plummer, Sabine and Cohen, Tamara R and Santosa, Sylvia and Murphy, Jessica},
  journal={Preventive Medicine},
  volume={164},
  pages={107282},
  year={2022},
  publisher={Elsevier}
}

@article{hernandez2024relationship,
  title={Relationship between body composition and physical performance by sex in professional basketball players},
  author={Hernandez-Martinez, Jordan and Perez-Carcamo, Joaqu{\'\i}n and Co{\~n}api-Union, Bayron and Canales-Canales, Sebastian and Negron-Molina, Mario and Avila-Valencia, Sergio and Cid-Calfucura, Izham and Herrera-Valenzuela, Tomas and Cisterna, Diego and Branco, Braulio Henrique Magnani and others},
  journal={Applied Sciences},
  volume={14},
  number={20},
  pages={9165},
  year={2024},
  publisher={MDPI}
}

@article{tan2024quantitative,
  title={Quantitative Analysis of Complex Aluminum Electrolytes by X-Ray Fluorescence},
  author={Tan, Qi and Gao, Bingliang and Gao, Pengde and Fan, Chao and Li, Haijun},
  journal={Luminescence},
  volume={39},
  number={11},
  pages={e70013},
  year={2024},
  publisher={Wiley Online Library}
}

@article{sharafi2024quantitative,
  title={Quantitative MRI Assessment of Post-Surgical Spinal Cord Injury Through Radiomic Analysis},
  author={Sharafi, Azadeh and Klein, Andrew P and Koch, Kevin M},
  journal={Journal of Imaging},
  volume={10},
  number={12},
  pages={312},
  year={2024},
  publisher={MDPI}
}

@article{xu2024value,
  title={The value of quantitative contrast-enhanced ultrasonography analysis in evaluating central retinal artery microcirculation in patients with diabetes mellitus: comparison with colour Doppler imaging},
  author={Xu, Y and Zhu, XY and Feng, H and Yu, XP and Wang, Y and Rong, X and Qi, TY},
  journal={Clinical Radiology},
  volume={79},
  number={4},
  pages={e560--e566},
  year={2024},
  publisher={Elsevier}
}

@article{zhang2021improving,
  title={Improving spatial resolution with an edge-enhancement model for low-dose propagation-based X-ray phase-contrast computed tomography},
  author={Zhang, Lin and Zhao, Huijuan and Zhou, Zhongxing and Jia, Mengyu and Zhang, Limin and Jiang, Jingying and Gao, Feng},
  journal={Optics Express},
  volume={29},
  number={23},
  pages={37399--37417},
  year={2021},
  publisher={Optica Publishing Group}
}

@article{wathen2013vivo,
  title={In vivo X-ray computed tomographic imaging of soft tissue with native, intravenous, or oral contrast},
  author={Wathen, Connor A and Foje, Nathan and van Avermaete, Tony and Miramontes, Bernadette and Chapaman, Sarah E and Sasser, Todd A and Kannan, Raghuraman and Gerstler, Steven and Leevy, W Matthew},
  journal={Sensors},
  volume={13},
  number={6},
  pages={6957--6980},
  year={2013},
  publisher={Molecular Diversity Preservation International (MDPI)}
}

@article{chang2024prognostic,
  title={Prognostic impact of myosteatosis in patients with colorectal cancer undergoing curative surgery: an updated systematic review and meta-analysis},
  author={Chang, Yu-Yao and Cheng, Bill},
  journal={Frontiers in Oncology},
  volume={14},
  pages={1388001},
  year={2024}
}

@article{vasamsetti2023regulation,
  title={Regulation of cardiovascular health and disease by visceral adipose tissue-derived metabolic hormones},
  author={Vasamsetti, Sathish Babu and Natarajan, Niranjana and Sadaf, Samreen and Florentin, Jonathan and Dutta, Partha},
  journal={The Journal of Physiology},
  volume={601},
  number={11},
  pages={2099--2120},
  year={2023},
  publisher={Wiley Online Library}
}

@article{chen2023really,
  title={What really matters mobility of middle-aged and older adults: low muscle mass or obesity?},
  author={Chen, Chiao-Nan and Hsu, Kuo-Jen and Chen, Shu-Chen and Chien, Kuei-Yu},
  journal={Physiology},
  volume={38},
  number={S1},
  pages={5730639},
  year={2023},
  publisher={American Physiological Society Rockville, MD}
}

@article{ji2022thresholds,
  title={Thresholds of visceral fat area and percent of body fat to define sarcopenic obesity and its clinical consequences in Chinese cancer patients},
  author={Ji, Wei and Liu, XiangLiang and Zheng, KaiWen and Liu, PengFei and Zhao, YiXin and Lu, Jin and Zhao, LingLing and Liang, TingTing and Cui, JiuWei and Li, Wei},
  journal={Clinical Nutrition},
  volume={41},
  number={3},
  pages={737--745},
  year={2022},
  publisher={Elsevier}
}

@incollection{sehgal2022ct,
  title={CT Image Denoising Using Bilateral Filter and Method Noise Thresholding in Shearlet Domain},
  author={Sehgal, Rashmita and Kaushik, Vandana Dixit},
  booktitle={Emerging Technologies in Data Mining and Information Security: Proceedings of IEMIS 2022, Volume 1},
  pages={99--106},
  year={2022},
  publisher={Springer}
}

@article{diwakar2020ct,
  title={CT image denoising using NLM and its method noise thresholding},
  author={Diwakar, Manoj and Kumar, Pardeep and Singh, Amit Kumar},
  journal={Multimedia Tools and Applications},
  volume={79},
  pages={14449--14464},
  year={2020},
  publisher={Springer}
}

@article{positano2004accurate,
  title={An accurate and robust method for unsupervised assessment of abdominal fat by MRI},
  author={Positano, Vincenzo and Gastaldelli, Amalia and Sironi, Anna maria and Santarelli, Maria Filomena and Lombardi, Massimo and Landini, Luigi},
  journal={Journal of Magnetic Resonance Imaging: An Official Journal of the International Society for Magnetic Resonance in Medicine},
  volume={20},
  number={4},
  pages={684--689},
  year={2004},
  publisher={Wiley Online Library}
}

@article{positano2009accurate,
  title={Accurate segmentation of subcutaneous and intermuscular adipose tissue from MR images of the thigh},
  author={Positano, Vincenzo and Christiansen, Tore and Santarelli, Maria Filomena and Ringgaard, Steffen and Landini, Luigi and Gastaldelli, Amalia},
  journal={Journal of Magnetic Resonance Imaging: An Official Journal of the International Society for Magnetic Resonance in Medicine},
  volume={29},
  number={3},
  pages={677--684},
  year={2009},
  publisher={Wiley Online Library}
}

@article{paris2020body,
  title={Body composition analysis of computed tomography scans in clinical populations: the role of deep learning},
  author={Paris, Michael T},
  journal={Lifestyle genomics},
  volume={13},
  number={1},
  pages={28--31},
  year={2020},
  publisher={S. Karger AG}
}

@article{nowak2020fully,
  title={Fully automated segmentation of connective tissue compartments for CT-based body composition analysis: a deep learning approach},
  author={Nowak, Sebastian and Faron, Anton and Luetkens, Julian A and Gei{\ss}ler, Helena L and Praktiknjo, Michael and Block, Wolfgang and Thomas, Daniel and Sprinkart, Alois M},
  journal={Investigative radiology},
  volume={55},
  number={6},
  pages={357--366},
  year={2020},
  publisher={LWW}
}

@article{mai2023systematic,
  title={A systematic review of automated segmentation of 3D computed-tomography scans for volumetric body composition analysis},
  author={Mai, Dinh Van Chi and Drami, Ioanna and Pring, Edward T and Gould, Laura E and Lung, Phillip and Popuri, Karteek and Chow, Vincent and Beg, Mirza F and Athanasiou, Thanos and Jenkins, John T and others},
  journal={Journal of Cachexia, Sarcopenia and Muscle},
  volume={14},
  number={5},
  pages={1973--1986},
  year={2023},
  publisher={Wiley Online Library}
}

@article{cespedes2020evaluation,
  title={Evaluation of automated computed tomography segmentation to assess body composition and mortality associations in cancer patients},
  author={Cespedes Feliciano, Elizabeth M and Popuri, Karteek and Cobzas, Dana and Baracos, Vickie E and Beg, Mirza Faisal and Khan, Arafat Dad and Ma, Cydney and Chow, Vincent and Prado, Carla M and Xiao, Jingjie and others},
  journal={Journal of cachexia, sarcopenia and muscle},
  volume={11},
  number={5},
  pages={1258--1269},
  year={2020},
  publisher={Wiley Online Library}
}

@article{lee2021deep,
  title={Deep neural network for automatic volumetric segmentation of whole-body CT images for body composition assessment},
  author={Lee, Yoon Seong and Hong, Namki and Witanto, Joseph Nathanael and Choi, Ye Ra and Park, Junghoan and Decazes, Pierre and Eude, Florian and Kim, Chang Oh and Kim, Hyeon Chang and Goo, Jin Mo and others},
  journal={Clinical Nutrition},
  volume={40},
  number={8},
  pages={5038--5046},
  year={2021},
  publisher={Elsevier}
}

@article{salam2023opportunistic,
  title={Opportunistic CT-derived analysis of fat and muscle tissue composition predicts mortality in patients with cardiogenic shock},
  author={Salam, Babak and Al Zaidi, Muntadher and Sprinkart, Alois M and Nowak, Sebastian and Theis, Maike and Kuetting, Daniel and Aksoy, Adem and Nickenig, Georg and Attenberger, Ulrike and Zimmer, Sebastian and others},
  journal={Scientific Reports},
  volume={13},
  number={1},
  pages={22293},
  year={2023},
  publisher={Nature Publishing Group UK London}
}