@article{bohner1991stimmungs,
  title={Die Stimmungs-Skala: Vorstellung und Validierung einer deutschen Version des „Mood Survey “},
  author={Bohner, Gerd and Hormuth, Stefan E and Schwarz, Norbert},
  journal={Diagnostica},
  volume={37},
  number={2},
  year={1991},
  publisher={Hogrefe Verlag GmbH \& Co. KG}
}

@article{bohner1997stimmungsskala,
  author={Bohner, G. and Schwarz, N.},
  language={DE},
  title={Stimmungsskala},
  journal={Zusammenstellung sozialwissenschaftlicher Items und Skalen (ZIS)},
  publisher={ZIS - GESIS Leibniz Institute for the Social Sciences},
  year={1997}
}

@article{breyer2016panas-de,
  author={Breyer, B. and Bluemke, M.},
  language={DE},
  title={Deutsche Version der Positive and Negative Affect Schedule PANAS (GESIS Panel)},
  journal={Zusammenstellung sozialwissenschaftlicher Items und Skalen (ZIS)},
  publisher={ZIS - GESIS Leibniz Institute for the Social Sciences},
  year={2016}
}

@article{brunotte2023privacy,
  title={Privacy explanations--A means to end-user trust},
  author={Brunotte, Wasja and Specht, Alexander and Chazette, Larissa and Schneider, Kurt},
  journal={JSS},
  volume={195},
  year={2023},
  publisher={Elsevier}
}

@article{chazette2020explainability,
  title={Explainability as a non-functional requirement: challenges and recommendations},
  author={Chazette, Larissa and Schneider, Kurt},
  journal={REJ},
  volume={25},
  number={4},
  year={2020},
  publisher={Springer}
}

@inproceedings{chazette2021exploring,
  title={Exploring explainability: a definition, a model, and a knowledge catalogue},
  author={Chazette, Larissa and Brunotte, Wasja and Speith, Timo},
  booktitle={RE},
  year={2021},
  organization={IEEE}
}

@INPROCEEDINGS{chazette2022framework,
  author={Chazette, Larissa and Klös, Verena and Herzog, Florian and Schneider, Kurt},
  booktitle={RE},
  title={Requirements on Explanations: A Quality Framework for Explainability},
  year={2022},
  volume={},
  number={},
}

@article{das2020XAISurvey,
  author={Arun Das and Paul Rad},
  title={Opportunities and Challenges in Explainable Artificial Intelligence {(XAI):}{A} Survey},
  journal={CoRR},
  volume={abs/2006.11371},
  year={2020},
  eprinttype={arXiv},
  eprint={2006.11371},
  timestamp={Tue, 31 Aug 2021 16:41:14 +0200},
  bibsource={dblp computer science bibliography, https://dblp.org}
}

@inproceedings{deters2024UXandExplainability,
  author={Deters, Hannah and Droste, Jakob and Hess, Anne and Kl\"{o}s, Verena and Schneider, Kurt and Speith, Timo and Vogelsang, Andreas},
  title={The X Factor: On the Relationship between User eXperience and eXplainability},
  publisher={Association for Computing Machinery},
  booktitle={NordiCHI'24},
}

@InProceedings{deters2024qualitymodel,
  author="Deters, Hannah and Droste, Jakob and Obaidi, Martin and Schneider, Kurt",
  title={How Explainable Is Your System? Towards a Quality Model for Explainability},
  booktitle={REFSQ'24},
}

@INPROCEEDINGS{droste2024explanations,
  author={Droste, Jakob and Deters, Hannah and Obaidi, Martin and Schneider, Kurt},
  booktitle={RE'24}, 
  title={Explanations in Everyday Software Systems: Towards a Taxonomy for Explainability Needs}, 
}

@inproceedings{id1313_muhammad2016,
  author={Muhammad, Khalil Ibrahim and Lawlor, Aonghus and Smyth, Barry},
  title={A Live-User Study of Opinionated Explanations for Recommender Systems},
  publisher={Association for Computing Machinery},
  booktitle={IUI'16},
}

@INPROCEEDINGS{id708_wang2018,
  author={Wang, Xiting and Chen, Yiru and Yang, Jie and Wu, Le and Wu, Zhengtao and Xie, Xing},
  booktitle={ICDM},
  title={A Reinforcement Learning Framework for Explainable Recommendation},
  year={2018},
  volume={},
  number={},
}

@inproceedings{id731_bellini2018,
  author={Bellini, Vito and Schiavone, Angelo and Di Noia, Tommaso and Ragone, Azzurra and Di Sciascio, Eugenio},
  title={Knowledge-Aware Autoencoders for Explainable Recommender Systems},
  booktitle={DLRS'18},
}

@inproceedings{id770_tran2019,
  author={Tran, Thi Ngoc Trang and Atas, M\""{u}sl\""{u}m and Felfernig, Alexander and Le, Viet Man and Samer, Ralph and Stettinger, Martin},
  title={Towards Social Choice-Based Explanations in Group Recommender Systems},
  booktitle={UMAP'19},
}

@article{id955_dominguez2020,
  author={Dominguez, Vicente and Donoso-Guzm\'{a}n, Ivania and Messina, Pablo and Parra, Denis},
  title={Algorithmic and HCI Aspects for Explaining Recommendations of Artistic Images},
  year={2020},
  issue_date={December 2020},
  publisher={Association for Computing Machinery},
  address={New York, NY, USA},
  volume={10},
  number={4},
  issn={2160-6455},
  journal={ACM Trans. Interact. Intell. Syst.},
  month={nov},
  articleno={30},
}

@inproceedings{kizilcec2016trustAndTransparency,
  author={Kizilcec, Ren\'{e}F.},
  title={How Much Information? Effects of Transparency on Trust in an Algorithmic Interface},
  publisher={Association for Computing Machinery},
  booktitle={CHI'16},
}

@article{nunes2017systematic,
  title={A systematic review and taxonomy of explanations in decision support and recommender systems},
  author={Nunes, Ingrid and Jannach, Dietmar},
  journal={User Modeling and User-Adapted Interaction},
  volume={27},
  year={2017},
  publisher={Springer}
}

@InProceedings{obaidi2025appKonwledge,
author="Obaidi, Martin and Fischbach, Jannik and Herrmann, Marc and Deters, Hannah and Droste, Jakob and Kl{\"u}nder, Jil and Schneider, Kurt",
title="How Does Users' App Knowledge Influence the Preferred Level of Detail and Format of Software Explanations?",
booktitle="REFSQ'25",
year="2025",
}

@inproceedings{obaidi2025automatingexplanationneedmanagement,
  author = {Obaidi, Martin and Voß, Nicolas and Droste, Jakob and Deters, Hannah and Herrmann, Marc and Fischbach, Jannik and Schneider, Kurt},
  title = {Automating Explanation Need Management in App Reviews: A Case Study from the Navigation App Industry},
  year = {2025},
  location = {Ottawa, Canada},
  series = {ICSE-SEIP'25}
}

@ARTICLE{oberste2023explainabilityWithPriorKnowledge,
  author={Oberste, Luis and Heinzl, Armin},
  journal={IEEE Transactions on Artificial Intelligence},
  title={User-Centric Explainability in Healthcare: A Knowledge-Level Perspective of Informed Machine Learning},
  year={2023},
  volume={4},
  number={4},
}

@inproceedings{ramos2021modeling,
  title={Modeling and evaluating personas with software explainability requirements},
  author={Ramos, Henrique and Fonseca, Mateus and Ponciano, Lesandro},
  booktitle={HCI-COLLAB'21},
  organization={Springer}
}

@inproceedings{sadeghi2024explanation,
  author={Sadeghi, Mersedeh and P\"{o}ttgen, Daniel and Ebel, Patrick and Vogelsang, Andreas},
  title={Explaining the Unexplainable: The Impact of Misleading Explanations on Trust in Unreliable Predictions for Hardly Assessable Tasks},
  publisher={Association for Computing Machinery},
  booktitle={UMAP '24},
}

@article{shaver1987emotion,
  title={Emotion knowledge: further exploration of a prototype approach.},
  author={Phillip R. Shaver and Judith C. Schwartz and Donald Kirson and Cary O'Connor},
  journal={Journal of personality and social psychology},
  year={1987},
  volume={52 6},
}

@article{underwood1980mood,
  author={Bill Underwood and William J. Froming},
  title={The Mood Survey: A Personality Measure of Happy and Sad Moods},
  journal={Journal of Personality Assessment},
  volume={44},
  number={4},
  year={1980},
  publisher={Routledge},
}

@inproceedings{unterbusch2023explanation,
  title={Explanation Needs in App Reviews: Taxonomy and Automated Detection},
  author={Unterbusch, Max and Sadeghi, Mersedeh and Fischbach, Jannik and Obaidi, Martin and Vogelsang, Andreas},
  booktitle={REW},
  year={2023},
  organization={IEEE}
}

@article{watson1988development,
  title={Development and validation of brief measures of positive and negative affect: the PANAS scales.},
  author={Watson, David and Clark, Lee Anna and Tellegen, Auke},
  journal={Journal of personality and social psychology},
  volume={54},
  number={6},
  year={1988},
  publisher={American Psychological Association}
}

