@article{watson1988development,
  title={Development and validation of brief measures of positive and negative affect: the PANAS scales.},
  author={Watson, David and Clark, Lee Anna and Tellegen, Auke},
  journal={Journal of personality and social psychology},
  volume={54},
  number={6},
  year={1988},
  publisher={American Psychological Association}
}

@inproceedings{novielli2018stackoverflow-gold,
  author={Novielli, Nicole and Calefato, Fabio and Lanubile, Filippo},
  title={A Gold Standard for Emotion Annotation in Stack Overflow},
  year={2018},
  publisher={Association for Computing Machinery},
  address={New York, NY, USA},
  booktitle={MSR'18},
}

@article{islam2024four,
  title={A Four-Dimension Gold Standard Dataset for Opinion Mining in Software Engineering},
  author={Islam, Md Rakibul and Rabbi, Md Fazle and Jo, Youngeun and Champa, Arifa and Young, Ethan and Wilson, Camden and Scott, Gavin and Zibran, Minhaz},
  year={2024}
}

@INPROCEEDINGS{stanik2019feedback,
  author={Stanik, Christoph and Haering, Marlo and Maalej, Walid},
  booktitle={REW},
  title={Classifying Multilingual User Feedback using Traditional Machine Learning and Deep Learning},
  year={2019},
  volume={},
  number={},
}

@ARTICLE{maalej2016,
  author={Maalej, Walid
  and Kurtanovi{\'{c}}, Zijad
  and Nabil, Hadeer
  and Stanik, Christoph},
  title={On the automatic classification of app reviews},
  journal={REJ},
  year={2016},
  month={Sep},
  day={01},
  volume={21},
  number={3},
  issn={1432-010X},
}

@Article{canedo2020requirmentsclassification,
  AUTHOR={Dias Canedo, Edna and Cordeiro Mendes, Bruno},
  TITLE={Software Requirements Classification Using Machine Learning Algorithms},
  JOURNAL={Entropy},
  VOLUME={22},
  YEAR={2020},
  NUMBER={9},
  ARTICLE-NUMBER={1057},
  URL={https://www.mdpi.com/1099-4300/22/9/1057},
  PubMedID={33286826},
  ISSN={1099-4300},
  DOI={10.3390/e22091057}
}

@book{wohlin2012experimentation,
  year={2012},
  title={Experimentation in software engineering},
  publisher={Springer},
  author={Claes Wohlin and Runeson, Per and Höst, Martin and Ohlsson, Magnus C. and Regnell, Björn and Wesslén, Anders},
}

@inproceedings{droste2024peeking,
  title={Peeking Outside the Black-Box: AI Explainability Requirements beyond Interpretability},
  author={Droste, Jakob and Deters, Hannah and Fuchs, Ronja and Schneider, Kurt},
  booktitle={RE4AI'24},
}

@INPROCEEDINGS{henao2021appreviews,
  author={Henao, Pablo Restrepo and Fischbach, Jannik and Spies, Dominik and Frattini, Julian and Vogelsang, Andreas},
  booktitle={REW},
  title={Transfer Learning for Mining Feature Requests and Bug Reports from Tweets and App Store Reviews},
  year={2021},
  volume={},
  number={},
}

@inproceedings{lu2017reviews,
  author={Lu, Mengmeng and Liang, Peng},
  title={Automatic Classification of Non-Functional Requirements from Augmented App User Reviews},
  year={2017},
  isbn={9781450348041},
  publisher={Association for Computing Machinery},
  address={New York, NY, USA},
  booktitle={Proceedings of the 21st International Conference on Evaluation and Assessment in Software Engineering},
  location={Karlskrona, Sweden},
  series={EASE '17}
}

@ARTICLE{maalej2016datadriven,
  author={Maalej, Walid and Nayebi, Maleknaz and Johann, Timo and Ruhe, Guenther},
  journal={IEEE Software},
  title={Toward Data-Driven Requirements Engineering},
  year={2016},
  volume={33},
  number={1},
}

@ARTICLE{scalbrino2019mobileapps,
  author={Scalabrino, Simone and Bavota, Gabriele and Russo, Barbara and Penta, Massimiliano Di and Oliveto, Rocco},
  journal={IEEE Transactions on Software Engineering},
  title={Listening to the Crowd for the Release Planning of Mobile Apps},
  year={2019},
  volume={45},
  number={1},
}

  #SetFit Tunstall et al.
@misc{tunstall2022setfit,
  title={Efficient Few-Shot Learning Without Prompts},
  author={Lewis Tunstall and Nils Reimers and Unso Eun Seo Jo and Luke Bates and Daniel Korat and Moshe Wasserblat and Oren Pereg},
  year={2022},
  eprint={2209.11055},
  archivePrefix={arXiv},
  primaryClass={cs.CL}
}


@article{ramsey1989CriticalVF,
  title={Critical Values for Spearman’s Rank Order Correlation},
  author={Philip H. Ramsey},
  journal={Journal of Educational Statistics},
  year={1989},
  volume={14},
}

@article{chazette2020explainability,
  title={Explainability as a non-functional requirement: challenges and recommendations},
  author={Chazette, Larissa and Schneider, Kurt},
  journal={REJ},
  volume={25},
  number={4},
  year={2020},
  publisher={Springer}
}

@article{chazette2022explainable,
  title={Explainable software systems: from requirements analysis to system evaluation},
  author={Chazette, Larissa and Brunotte, Wasja and Speith, Timo},
  journal={REJ},
  volume={27},
  number={4},
  year={2022},
  publisher={Springer}
}

@inproceedings{unterbusch2023explanation,
  title={Explanation Needs in App Reviews: Taxonomy and Automated Detection},
  author={Unterbusch, Max and Sadeghi, Mersedeh and Fischbach, Jannik and Obaidi, Martin and Vogelsang, Andreas},
  booktitle={REW},
  year={2023},
  organization={IEEE}
}

@INPROCEEDINGS{kohl2019explainability,
  author={Köhl, Maximilian A. and Baum, Kevin and Langer, Markus and Oster, Daniel and Speith, Timo and Bohlender, Dimitri},
  booktitle={RE'19}, 
  title={Explainability as a Non-Functional Requirement}, 
}


@inproceedings{droste2023designing,
  title={Designing end-user personas for explainability requirements using mixed methods research},
  author={Droste, Jakob and Deters, Hannah and Puglisi, Joshua and Kl{\"u}nder, Jil},
  booktitle={REW},
  year={2023},
  organization={IEEE}
}

@INPROCEEDINGS{droste2024explanations,
  author={Droste, Jakob and Deters, Hannah and Obaidi, Martin and Schneider, Kurt},
  booktitle={RE'24}, 
  title={Explanations in Everyday Software Systems: Towards a Taxonomy for Explainability Needs}, 
}

@article{deters2024pulse,
  title={On the Pulse of Requirements Elicitation: Physiological Triggers and Explainability Needs},
  author={Deters, Hannah and Droste, Jakob and Schneider, Kurt},
  year={2024}
}

@article{spearman1904rho,
  ISSN={00029556},
  author={Charles Spearman},
  journal={The American Journal of Psychology},
  number={1},
  publisher={University of Illinois Press},
  address={Champaign, IL, USA},
  title={The Proof and Measurement of Association between Two Things},
  volume={15},
  year={1904},
}

@article{underwood1980mood,
  author={Bill Underwood and William J. Froming},
  title={The Mood Survey: A Personality Measure of Happy and Sad Moods},
  journal={Journal of Personality Assessment},
  volume={44},
  number={4},
  year={1980},
  publisher={Routledge},
}

@article{lehmann2011task,
  title={Task and relationship conflict at work},
  author={Lehmann-Willenbrock, Nale and Grohmann, Anna and Kauffeld, Simone},
  journal={European Journal of Psychological Assessment},
  year={2011},
  publisher={Hogrefe Publishing}
}

@article{krohne1996untersuchungen,
  title={Untersuchungen mit einer deutschen version der" positive and negative affect schedule"(PANAS)},
  author={Krohne, Heinz W and Egloff, Boris and Kohlmann, Carl-Walter and Tausch, Anja and others},
  journal={Diagnostica-Gottingen-},
  volume={42},
  year={1996},
  publisher={HOGREFE}
}


@article{jehn1995multimethod,
  title={A multimethod examination of the benefits and detriments of intragroup conflict},
  author={Jehn, Karen A},
  journal={Administrative science quarterly},
  year={1995},
  publisher={JSTOR}
}

@inbook{haynes2013,
  author={Haynes, Winston},
  title={Bonferroni Correction},
  bookTitle={Encyclopedia of Systems Biology},
  year={2013},
  publisher={Springer},
  address={New York, NY, USA},
  isbn={978-1-4419-9863-7},
}

@article{bohner1991stimmungs,
  title={Die Stimmungs-Skala: Vorstellung und Validierung einer deutschen Version des „Mood Survey “},
  author={Bohner, Gerd and Hormuth, Stefan E and Schwarz, Norbert},
  journal={Diagnostica},
  volume={37},
  number={2},
  year={1991},
  publisher={Hogrefe Verlag GmbH \& Co. KG}
}


@book{kotz2005encyclopedia,
  title={Encyclopedia of Statistical Sciences, Volume 1},
  author={Kotz, Samuel and Balakrishnan, Narayanaswamy and Read, Campbell B and Vidakovic, Brani},
  year={2005},
  publisher={John Wiley \& Sons},
}




@article{watson1985toward,
  title={Toward a consensual structure of mood.},
  author={Watson, David and Tellegen, Auke},
  journal={Psychological bulletin},
  volume={98},
  number={2},
  year={1985},
  publisher={American Psychological Association},
}

@book{osgood1957measurement,
  title={The measurement of meaning},
  author={Osgood, Charles Egerton and Suci, George J and Tannenbaum, Percy H},
  year={1957},
  publisher={University of Illinois press}
}

@book{mehrabian1974approach,
  title={An approach to environmental psychology.},
  author={Mehrabian, Albert and Russell, James A},
  year={1974},
  publisher={the MIT Press}
}

@article{russell1980affect,
  author={Russell, James A.},
  journal={Journal of Personality and Social Psychology},
  month={12},
  number=6,
  publisher={American Psychological Association},
  title={A circumplex model of affect},
  volume=39,
  year=1980
}

@article{russell2003CoreAA,
  title={Core affect and the psychological construction of emotion.},
  author={James A. Russell},
  journal={Psychological Review},
  year={2003},
  volume={110 1},
}

@article{plutchik1982APT,
  title={A psychoevolutionary theory of emotions},
  author={Robert Plutchik},
  journal={Social Science Information},
  year={1982},
  volume={21},
}

@article{abe1999developmental,
  title={The developmental functions of emotions: An analysis in terms of differential emotions theory},
  author={Abe, Jo Ann A and Izard, Carroll E},
  journal={Cognition \& Emotion},
  volume={13},
  number={5},
  year={1999},
  publisher={Taylor \& Francis}
}

@book{izard1991psychology,
  title={The psychology of emotions},
  author={Izard, Carroll E},
  year={1991},
  publisher={Springer Science \& Business Media}
}

@article{taboda2016linguistics,
  author={Taboada, Maite},
  title={Sentiment Analysis: An Overview from Linguistics},
  journal={Annual Review of Linguistics},
  volume={2},
  number={1},
  year={2016},
}

@article{bohner1997stimmungsskala,
  author={Bohner, G. and Schwarz, N.},
  language={DE},
  title={Stimmungsskala},
  journal={Zusammenstellung sozialwissenschaftlicher Items und Skalen (ZIS)},
  publisher={ZIS - GESIS Leibniz Institute for the Social Sciences},
  year={1997}
}

@article{lehmann2011intragroup,
  author={Lehmann-Willenbrock, Nale and Grohmann, Anna and Kauffeld, Simone},
  title={Task and Relationship Conflict at Work},
  journal={European Journal of Psychological Assessment},
  volume={27},
  number={3},
  year={2011},
}

@article{breyer2016panas-de,
  author={Breyer, B. and Bluemke, M.},
  language={DE},
  title={Deutsche Version der Positive and Negative Affect Schedule PANAS (GESIS Panel)},
  journal={Zusammenstellung sozialwissenschaftlicher Items und Skalen (ZIS)},
  publisher={ZIS - GESIS Leibniz Institute for the Social Sciences},
  year={2016}
}

@inproceedings{schroth2022potential,
  author={Schroth, Lennart and Obaidi, Martin and Specht, Alexander and Kl{\"u}nder, Jil},
  title={On the Potentials of Realtime Sentiment Analysis on Text-Based Communication in Software Projects},
  booktitle={Human-Centered Software Engineering},
  year={2022},
  publisher={Springer International Publishing},
  address={Cham},
  isbn={978-3-031-14785-2},
}

@misc{sentisurvey-zenodo,
  author={Obaidi, Martin and
  Marc Herrmann and
  Larissa Chazette and
  Jil Klünder},
  title={{Dataset: On the Subjectivity of Emotions in
  Software Projects: How Reliable are Pre-Labeled
  Data Sets for Sentiment Analysis?}},
  month=jun,
  year=2022,
  publisher={Zenodo},
}

@inproceedings{kluender2020identifying,
  title={Identifying the Mood of a Software Development Team by Analyzing Text-Based Communication in Chats with Machine Learning},
  author={Kl{\"u}nder, Jil and Horstmann, Julian and Karras, Oliver},
  booktitle={International Conference on Human-Centred Software Engineering},
  year={2020},
  publisher={Springer International Publishing},
  address={Heidelberg, BW, DE}
}

@inproceedings{marjaie2011communication,
  title={Communication in agile software projects: qualitative analysis using grounded theory in system dynamics},
  author={Marjaie, S and Rathod, Urvashi},
  booktitle={Proc. Int’l Conf. of the System Dynamics Society 2011},
  year={2011},
  number={},
  publisher={},
  address={}
}

@article{mcchesney2004communication,
  title={Communication and co-ordination practices in software engineering projects},
  author={McChesney, Ian R and Gallagher, Seamus},
  journal={IST},
  volume={46},
  number={7},
  year={2004},
  publisher={Elsevier},
  issn={0950-5849},
}

@Inbook{rey2011wilcoxon,
  author="Rey, Denise
  and Neuh{\"a}user, Markus",
  title={Wilcoxon-Signed-Rank Test},
  bookTitle={International Encyclopedia of Statistical Science},
  year={2011},
  publisher={Springer},
  address={Berlin, Heidelberg},
  isbn={978-3-642-04898-2},
}


@book{robson2016real,
  author={Robson, C and McCartan, K},
  title={Real World Research},
  year={2015},
  isbn={978-1-118-74523-6},
  publisher={John Wiley \& Sons, Inc.}, address={New York, NY, USA},
}

@article{niinimaki2012reflecting,
  title={Reflecting the choice and usage of communication tools in global software development projects with media synchronicity theory},
  author={Niinim{\"a}ki, Tuomas and Piri, Arttu and Lassenius, Casper and Paasivaara, Maria},
  journal={Journal of Software: Evolution and Process},
  volume={24},
  number={6},
  year={2012},
  publisher={Wiley Online Library},
}

@inproceedings{obaidi2021development,
  title={Development and Application of Sentiment Analysis Tools in Software Engineering: A Systematic Literature Review},
  author={Obaidi, Martin and Kl{\"u}nder, Jil},
  booktitle={International Conference on Evaluation and Assessment in Software Engineering},
  year={2021},
  organization={ACM},
  publisher={Association for Computing Machinery},
  address={New York, NY, USA},
}

@article{schneider2018positive,
  title={Positive affect through interactions in meetings: The role of proactive and supportive statements},
  author={Schneider, Kurt and Kl{\"u}nder, Jil and Kortum, Fabian and Handke, Lisa and Straube, Julia and Kauffeld, Simone},
  journal={JSS},
  volume={143},
  year={2018},
  publisher={Elsevier},
  address={Amsterdam, NL},
}

@inproceedings{kluender2017team,
  title={Team meetings and their relevance for the software development process over time},
  author={Kl{\"u}nder, Jil and Unger-Windeler, Carolin and Kortum, Fabian and Schneider, Kurt},
  booktitle={SEAA},
  year={2017},
  publisher={IEEE},
  address={Piscataway, NJ, USA},
}

@inproceedings{prenner2018making,
  title={Making meeting success measurable by participants' feedback},
  author={Prenner, Nils and Kl{\"u}nder, Jil and Schneider, Kurt},
  booktitle={Proceedings of the 3rd International Workshop on Emotion Awareness in Software Engineering},
  year={2018}
}

@inproceedings{klunder2020you,
  title={Do you just discuss or do you solve? Meeting analysis in a software project at early stages},
  author={Kl{\"u}nder, Jil and Prenner, Nils and Windmann, Ann-Kathrin and Stess, Marek and Nolting, Michael and Kortum, Fabian and Handke, Lisa and Schneider, Kurt and Kauffeld, Simone},
  booktitle={Proceedings of the IEEE/ACM 42nd International Conference on Software Engineering Workshops},
  year={2020},
  publisher={Association for Computing Machinery},
  address={New York, NY, USA},
}

@inproceedings{klunder2020affecting,
  title={Affecting Mood, Motivation and Productivity in Requirements Engineering Meetings and Beyond: A Research Vision},
  author={Kl{\"u}nder, Jil and Karras, Oliver and Schneider, Kurt},
  booktitle={AffectRE},
  year={2020},
  publisher={IEEE},
  address={Piscataway, NJ, USA},
}

@article{kuhrmann2018helena,
  title={Helena stage 2 results},
  author={Kuhrmann, Marco and Tell, Paolo and Kl{\"u}nder, Jil and Hebig, Regina and Licorish, Sherlock and MacDonell, Stephen},
  journal={ResearchGate},
  year={2018}
}

@article{kraut1995coordination,
  author={Kraut, Robert E. and Streeter, Lynn A.},
  title={Coordination in Software Development},
  year={1995},
  issue_date={March 1995},
  publisher={Association for Computing Machinery},
  address={New York, NY, USA},
  volume={38},
  number={3},
  issn={0001-0782},
  journal={Commun. ACM},
  month={mar},
}

@article{graziotin2014happy,
  title={Happy software developers solve problems better: psychological measurements in empirical software engineering},
  author={Graziotin, Daniel and Wang, Xiaofeng and Abrahamsson, Pekka},
  journal={PeerJ},
  volume={2},
  year={2014},
  publisher={PeerJ Inc.}
}

@article{graziotin2015you,
  title={How do you feel, developer? An explanatory theory of the impact of affects on programming performance},
  author={\mbox{Graziotin}, Daniel and Wang, Xiaofeng and Abrahamsson, Pekka},
  journal={PeerJ Computer Science},
  volume={1},
  year={2015},
  publisher={PeerJ Inc.}
}

@inproceedings{gall2006towards,
  title={Towards a framework for real time requirements elicitation},
  author={Gall, Mark and Berenbach, Brian},
  booktitle={MERE'06-RE'06 Workshop},
  year={2006},
  organization={IEEE},
}

@inproceedings{abad2018elica,
  title={Elica: An automated tool for dynamic extraction of requirements relevant information},
  author={Abad, Zahra Shakeri Hossein and Gervasi, Vincenzo and Zowghi, Didar and Barker, Ken},
  booktitle={AIRE},
  year={2018},
  organization={IEEE},
}


@inproceedings{bakshi2016opinion,
  title={Opinion mining and sentiment analysis},
  author={Bakshi, Rushlene Kaur and Kaur, Navneet and Kaur, Ravneet and Kaur, Gurpreet},
  booktitle={INDIACom},
  year={2016},
  organization={IEEE}
}

@inproceedings{agarwalzesch2019german,
  title={German End-to-end Speech Recognition based on DeepSpeech},
  author={Aashish Agarwal and Torsten Zesch},
  booktitle={KONVENS 2019},
  year={2019},
  address={Erlangen, Germany},
  publisher={German Society for Computational Linguistics \& Language Technology}
}

@article{calefato2018senti,
  title={Sentiment polarity detection for software development},
  author={Calefato, Fabio and Lanubile, Filippo and Maiorano, Federico and Novielli, Nicole},
  journal={Empirical Software Engineering},
  volume={23},
  year={2018},
  publisher={Springer Publishing},
}

@MASTERSTHESIS{herrmann2021automatic,
  title={Automatic Classification of Statements in Meetings of Development Teams},
  author={Marc Herrmann},
  type={Bachelor's Thesis},
  school={Gottfried Wilhelm Leibniz Universität Hannover},
  year={2021},
  address={},
  month={March}
}

@article{landis1977measurement,
  title={The measurement of observer agreement for categorical data.},
  author={J. Landis and G. Koch},
  journal={Biometrics},
  volume={33 1},
  year={1977},
  publisher={International Biometric Society, Wiley}
}

@inproceedings{ahmed2017senticr,
  title={{SentiCR: A customized sentiment analysis tool for code review interactions}},
  author={Toufique Ahmed and A. Bosu and Anindya Iqbal and S. Rahimi},
  booktitle={ASE},
  year={2017},
  address={Piscataway, NJ, USA},
  publisher={IEEE}
}

@INPROCEEDINGS{islam2017leveraging,
  author={Islam, Md Rakibul and Zibran, Minhaz F.},
  booktitle={MSR},
  title={Leveraging Automated Sentiment Analysis in Software Engineering},
  year={2017},
  volume={},
  number={},
  publisher={IEEE}
}

@inproceedings{herrmann-kluender-2021,
  author={Herrmann, Marc and Klünder, Jil},
  title={From Textual to Verbal Communication: Towards Applying Sentiment Analysis to a Software Project Meeting},
  booktitle={REW},
  year={2021},
  location={Notre Dame, IN, USA},
  address={Piscataway, NJ, USA},
  publisher={IEEE},
}


@inproceedings{novielli2018stackgold,
  author={Novielli, Nicole and Calefato, Fabio and Lanubile, Filippo},
  title={A Gold Standard for Emotion Annotation in Stack Overflow},
  year={2018},
  publisher={Association for Computing Machinery},
  address={New York, NY, USA},
  booktitle={Proceedings of the 15th International Conference on Mining Software Repositories},
  location={Gothenburg, Sweden},
  series={MSR '18}
}

@article{shaver1987emotion,
  title={Emotion knowledge: further exploration of a prototype approach.},
  author={Phillip R. Shaver and Judith C. Schwartz and Donald Kirson and Cary O'Connor},
  journal={Journal of personality and social psychology},
  year={1987},
  volume={52 6},
}

@inproceedings{imtiaz18sentiment,
  author={Nasif Imtiaz and Justin Middleton and Peter Girouard and Emerson Murphy-Hill},
  booktitle={Proceedings of the Third International Workshop on Emotion Awareness in Software Engineering},
  title={Sentiment and Politeness Analysis Tools on Developer Discussions Are Unreliable, but so Are People},
  year={2018},
  publisher={Association for Computing Machinery},
  address={New York, NY, USA},
}

@inproceedings{lin18sentiment,
  author={Lin, Bin and Zampetti, Fiorella and Bavota, Gabriele and Di Penta, Massimiliano and Lanza, Michele and Oliveto, Rocco},
  title={Sentiment Analysis for Software Engineering: How Far Can We Go?},
  year={2018},
  publisher={Association for Computing Machinery},
  address={New York, NY, USA},
  booktitle={Proceedings of the 40th International Conference on Software Engineering},
  location={Gothenburg, Sweden},
  series={ICSE '18}
}

@inproceedings{zhang20sentiment,
  author={Zhang, Ting and Xu, Bowen and Thung, Ferdian and Haryono, Stefanus Agus and Lo, David and Jiang, Lingxiao},
  booktitle={ICSME},
  title={Sentiment Analysis for Software Engineering: How Far Can Pre-trained Transformer Models Go?},
  year={2020},
  volume={},
  number={},
  address={Adelaide, SA, Australia},
  publisher={IEEE}
}
  
@inproceedings{novielli2020githubgold,
  title={Can We Use SE-specific Sentiment Analysis Tools in a Cross-Platform Setting?},
  author={Nicole Novielli and Fabio Calefato and Davide Dongiovanni and Daniela Girardi and Filippo Lanubile},
  booktitle={Proceedings of the 17th International Conference on Mining Software Repositories},
  year={2020},
  month={06},
  publisher={Association for Computing Machinery},
  address={New York, NY, USA}
}


@inproceedings{noviellicross20,
  author={Novielli, Nicole and Calefato, Fabio and Dongiovanni, Davide and Girardi, Daniela and Lanubile, Filippo},
  title={Can We Use SE-Specific Sentiment Analysis Tools in a Cross-Platform Setting?},
  year={2020},
  isbn={9781450375177},
  booktitle={Proceedings of the 17th International Conference on Mining Software Repositories},
  publisher={Association for Computing Machinery},
  address={New York, NY, USA},
  location={Seoul, Republic of Korea},
  series={MSR '20}
}

@inproceedings{ortu2016jira,
  author={Ortu, Marco and Murgia, Alessandro and Destefanis, Giuseppe and Tourani, Parastou and Tonelli, Roberto and Marchesi, Michele and Adams, Bram},
  title={The Emotional Side of Software Developers in JIRA},
  year={2016},
  publisher={Association for Computing Machinery},
  address={New York, NY, USA},
  booktitle={Proceedings of the 13th International Conference on Mining Software Repositories},
  location={Austin, Texas},
  series={MSR '16}
}

@article{pedregosa2011scikit,
  title={Scikit-learn: Machine Learning in {P}ython},
  author={Pedregosa, F. and Varoquaux, G. and Gramfort, A. and Michel, V.
  and Thirion, B. and Grisel, O. and Blondel, M. and Prettenhofer, P.
  and Weiss, R. and Dubourg, V. and Vanderplas, J. and Passos, A. and
  Cournapeau, D. and Brucher, M. and Perrot, M. and Duchesnay, E.},
  journal={Journal of Machine Learning Research},
  volume={12},
  year={2011}
}

@inproceedings{mckinney2010pandas,
  author={{W}es {M}c{K}inney},
  title={Data Structures for Statistical Computing in Python},
  booktitle={Proceedings of the 9th Python in Science Conference},
  year={2010},
  address={Austin, TX, USA},
  publisher={SciPy}
}

@article{harris2020numpy,
  title={Array programming with {NumPy}},
  author={Charles R. Harris and K. Jarrod Millman and St{\'{e}}fan J.
  van der Walt and Ralf Gommers and Pauli Virtanen and David
  Cournapeau and Eric Wieser and Julian Taylor and Sebastian
  Berg and Nathaniel J. Smith and Robert Kern and Matti Picus
  and Stephan Hoyer and Marten H. van Kerkwijk and Matthew
  Brett and Allan Haldane and Jaime Fern{\'{a}}ndez del
  R{\'{i}}o and Mark Wiebe and Pearu Peterson and Pierre
  G{\'{e}}rard-Marchant and Kevin Sheppard and Tyler Reddy and
  Warren Weckesser and Hameer Abbasi and Christoph Gohlke and
  Travis E. Oliphant},
  year={2020},
  month=sep,
  journal={Nature},
  volume={585},
  number={7825},
  publisher={Springer Science and Business Media {LLC}},
}

@article{hunter2007matplotlib,
  title={Matplotlib: A 2D graphics environment},
  author={Hunter, John D},
  journal={Computing in science \& engineering},
  volume={9},
  number={3},
  year={2007},
  issn={1558-366X},
  month={may},
  publisher={IEEE}
}

@article{cohen1960agreement,
  author={Jacob Cohen},
  title={A Coefficient of Agreement for Nominal Scales},
  journal={Educational and Psychological Measurement},
  volume={20},
  number={1},
  year={1960},
}

% Cohens Kappa
@article{cohen60kappa,
  author={Cohen, Jacob},
  year={1960},
  title={A Coefficient of Agreement for Nominal Scales},
  volume={20},
  number={1},
  issn={0013-1644},
  journal={Educational and Psychological Measurement},
}

@article {fleiss1971agreement,
  title={Measuring nominal scale agreement among many raters},
  author={Fleiss, Joseph L.},
  number={5},
  volume={76},
  year={1971},
  journal={Psychological Bulletin},
}

%Fleiss Kappa:
@article{fleiss1971measuring,
  title={Measuring nominal scale agreement among many raters.},
  author={Fleiss, Joseph L},
  journal={Psychological Bulletin},
  volume={76},
  number={5},
  year={1971},
  publisher={American Psychological Association}
}

@article{shapiro1965,
  year={1965},
  publisher={Oxford University Press ({OUP})},
  volume={52},
  number={3-4},
  author={S. S. Shapiro and M. B. Wilk},
  title={An analysis of variance test for normality (complete samples)},
  journal={Biometrika},
}

@inbook{Ross2017,
  author={Ross, Amanda and Willson, Victor L.},
  title={Paired Samples T-Test},
  bookTitle={Basic and Advanced Statistical Tests: Writing Results Sections and Creating Tables and Figures},
  year={2017},
  publisher={SensePublishers},
  address={Rotterdam},
  isbn={978-94-6351-086-8},
}

@article{student1908,
  author={Student},
  journal={Biometrika},
  number={1},
  publisher={[Oxford University Press, Biometrika Trust]},
  title={The Probable Error of a Mean},
  volume={6},
  year={1908},
}

@inbook{haynes2013bonferroni,
  author={Haynes, Winston},
  title={Bonferroni Correction},
  bookTitle={Encyclopedia of Systems Biology},
  year={2013},
  publisher={Springer},
  address={New York, NY, USA},
  isbn={978-1-4419-9863-7},
}

@inproceedings{Murgia.2014,
  author={Murgia, Alessandro and Tourani, Parastou and Adams, Bram and Ortu, Marco},
  title={Do Developers Feel Emotions? An Exploratory Analysis of Emotions in Software Artifacts},
  year={2014},
  publisher={Association for Computing Machinery},
  address={New York, NY, USA},
  booktitle={Proceedings of the 11th Working Conference on Mining Software Repositories},
  location={Hyderabad, India},
  series={MSR 2014}
}


%Subjektivität Papers

@inproceedings{Ding.2018,
  author={Ding, Jin and Sun, Hailong and Wang, Xu and Liu, Xudong},
  title={Entity-Level Sentiment Analysis of Issue Comments},
  year={2018},
  publisher={Association for Computing Machinery},
  address={New York, NY, USA},
  booktitle={Proceedings of the 3rd International Workshop on Emotion Awareness in Software Engineering},
  location={Gothenburg, Sweden},
  series={SEmotion '18}
}

@ARTICLE{8643972,
  author={Uddin, Gias and Khomh, Foutse},
  journal={IEEE Transactions on Software Engineering},
  title={Automatic Mining of Opinions Expressed About APIs in Stack Overflow},
  year={2021},
  volume={47},
  number={3},
}

@article{Jongeling.2017,
  author={Jongeling, Robbert and Sarkar, Proshanta and Datta, Subhajit and Serebrenik, Alexander},
  year={2017},
  title={On negative results when using sentiment analysis tools for software engineering research},
  volume={22},
  number={5},
  issn={1382-3256},
  journal={Empirical Software Engineering},
}

@inproceedings{mohammad2016practical,
  title={A practical guide to sentiment annotation: Challenges and solutions},
  author={Mohammad, Saif},
  booktitle={Proceedings of the 7th workshop on computational approaches to subjectivity, sentiment and social media analysis},
  month={jun},
  year={2016},
  publisher={Association for Computational Linguistics},
}

@inproceedings{N.Novielli.2018benchmark,
  author={{Nicole Novielli}and {Daniela Girardi} and {Filippo Lanubile}},
  title={A Benchmark Study on Sentiment Analysis for Software Engineering Research},
  isbn={2574-3864},
  booktitle={MSR},
  series={MSR '18},
  year={2018},
  isbn={9781450357166},
  publisher={Association for Computing Machinery}
}

@article{islam2018sentistrengthse,
  author={Islam, Md and Zibran, Minhaz},
  title={SentiStrength-SE: Exploiting domain specificity for improved sentiment analysis in software engineering text},
  journal={JSS},
  volume={145},
  year={2018},
  issn={0164-1212},
}

@INPROCEEDINGS{bertcomparison2021,
  author={Wu, Junfang and Ye, Chunyang and Zhou, Hui},
  booktitle={ICSS},
  title={BERT for Sentiment Classification in Software Engineering},
  year={2021},
  volume={},
  number={},
}

@article{emoji2022,
  author={Chen, Zhenpeng and Cao, Yanbin and Yao, Huihan and Lu, Xuan and Peng, Xin and Mei, Hong and Liu, Xuanzhe},
  title={Emoji-Powered Sentiment and Emotion Detection from Software Developers’ Communication Data},
  year={2021},
  issue_date={March 2021},
  publisher={Association for Computing Machinery},
  address={New York, NY, USA},
  volume={30},
  number={2},
  issn={1049-331X},
  journal={ACM Trans. Softw. Eng. Methodol.},
  month=jan,
  articleno={18},
}


@article{10.1145/3392877,
  author={Whiting, Mark E. and Gao, Irena and Xing, Michelle and Diarrassouba, N'godjigui Junior and Nguyen, Tonya and Bernstein, Michael S.},
  title={Parallel Worlds: Repeated Initializations of the Same Team to Improve Team Viability},
  year={2020},
  issue_date={May 2020},
  publisher={Association for Computing Machinery},
  address={New York, NY, USA},
  volume={4},
  number={CSCW1},
  month=may,
  articleno={067},
}

@inproceedings{N.Novielli.2018,
  author={Novielli, Nicole and Girardi, Daniela and Lanubile, Filippo},
  title={A Benchmark Study on Sentiment Analysis for Software Engineering Research},
  year={2018},
  isbn={9781450357166},
  publisher={Association for Computing Machinery},
  address={New York, NY, USA},
  booktitle={Proceedings of the 15th International Conference on Mining Software Repositories},
  location={Gothenburg, Sweden},
  series={MSR '18}
}


@inproceedings{Murgia.2014,
  author={Murgia, Alessandro and Tourani, Parastou and Adams, Bram and Ortu, Marco},
  title={Do developers feel emotions? an exploratory analysis of emotions in software artifacts},
  publisher={ACM},
  isbn={9781450328630},
  editor={Kim, Sung and Pinzger, Martin and Devanbu, Premkumar},
  booktitle={11th Working Conference on Mining Software Repositories : proceedings : May 31 - June 1, 2014, Hyderabad, India},
  year={2014},
  address={[Place of publication not identified]},
}


@article{Murgia.2018,
  author={Murgia, Alessandro and Ortu, Marco and Tourani, Parastou and Adams, Bram and Demeyer, Serge},
  year={2018},
  title={An exploratory qualitative and quantitative analysis of emotions in issue report comments of open source systems},
  volume={23},
  number={1},
  issn={1382-3256},
  journal={Empirical Software Engineering},
}


@book{Mostafa.2018,
  author={Mostafa, Lamiaa and {Abd Elghany}, Marwa},
  year={2018},
  title={INVESTIGATING GAME DEVELOPERS' GUILT EMOTIONS USING SENTIMENT ANALYSIS},
  volume={9},
}


@inproceedings{MateusFreira.2018,
  author={{Mateus Freira}and {Josemar Caetano} and {Johnatan Oliveira} and {Humberto T. Marques-Neto}},
  title={Analyzing The Impact Of Feedback In GitHub On The Software Developer's Mood},
  year={2018},
}


@inproceedings{Martens.2017,
  author={Martens, Daniel and Johann, Timo},
  title={On the Emotion of Users in App Reviews},
  publisher={IEEE},
  isbn={9781538627938},
  booktitle={2017 IEEE/ACM 2nd International Workshop on Emotion Awareness in Software Engineering - SEmotion 2017},
  year={2017},
  address={Piscataway, NJ},
}


@inproceedings{M.Ortu.2015,
  author={{Marco Ortu}and {Bram Adams} and {Giuseppe Destefanis} and {Parastou Tourani} and {Michele Marchesi} and {Roberto Tonelli}},
  title={Are Bullies More Productive? Empirical Study of Affectiveness vs. Issue Fixing Time},
  isbn={2160-1860},
  booktitle={2015 IEEE/ACM 12th Working Conference on Mining Software Repositories},
  year={2015},
}


@inproceedings{Nayebi.2017,
  author={Nayebi, Maleknaz and Farahi, Homayoon and Ruhe, Guenther},
  title={Which Version Should Be Released to App Store?},
  publisher={IEEE},
  isbn={9781509040391},
  booktitle={11th ACM/IEEE International Symposium on Empirical Software Engineering and Measurement},
  year={2017},
  address={Piscataway, NJ},
}


@inproceedings{M.Goul.2012,
  author={{Michael Goul}and {Olivera Marjanovic} and {Susan Baxley} and {Karen Vizecky}},
  title={Managing the Enterprise Business Intelligence App Store: Sentiment Analysis Supported Requirements Engineering},
  isbn={1530-1605},
  booktitle={2012 45th Hawaii International Conference on System Sciences},
  year={2012},
}

@inproceedings{10.1145/3180155.3180195,
  author={Lin, Bin and Zampetti, Fiorella and Bavota, Gabriele and Di Penta, Massimiliano and Lanza, Michele and Oliveto, Rocco},
  title={Sentiment Analysis for Software Engineering: How Far Can We Go?},
  year={2018},
  isbn={9781450356381},
  publisher={Association for Computing Machinery},
  address={New York, NY, USA},
  booktitle={Proceedings of the 40th International Conference on Software Engineering},
  location={Gothenburg, Sweden},
  series={ICSE '18}
}


@inproceedings{Kaur.2018,
  author={Kaur, Arvinder and Singh, Amrit Pal and Dhillon, Guneet Singh and Bisht, Divesh},
  title={Emotion Mining and Sentiment Analysis in Software Engineering Domain},
  publisher={IEEE},
  isbn={978-1-5386-0965-1},
  booktitle={ICECA 2018},
  year={2018},
  address={Piscataway, NJ},
}


@article{Jurado.2015,
  author={Jurado, Francisco and Rodriguez, Pilar},
  year={2015},
  title={Sentiment Analysis in monitoring software development processes: An exploratory case study on GitHub's project issues},
  volume={104},
  issn={01641212},
  journal={JSS},
}


@article{Jongeling.2017,
  author={Jongeling, Robbert and Sarkar, Proshanta and Datta, Subhajit and Serebrenik, Alexander},
  year={2017},
  title={On negative results when using sentiment analysis tools for software engineering research},
  volume={22},
  number={5},
  issn={1382-3256},
  journal={Empirical Software Engineering},
}


@inproceedings{Jongeling.2015,
  author={Jongeling, Robbert and Datta, Subhajit and Serebrenik, Alexander},
  title={Choosing your weapons: On sentiment analysis tools for software engineering research},
  publisher={IEEE},
  isbn={9781467375320},
  editor={Koschke, Rainer and Krinke, Jens and Robillard, Martin},
  booktitle={ICSME},
  year={2015},
  address={Piscataway, NJ},
}

@article{Islam.2018,
  author={Islam, Md Rakibul and Zibran, Minhaz F.},
  year={2018},
  title={SentiStrength-SE: Exploiting domain specificity for improved sentiment analysis in software engineering text},
  volume={145},
  issn={01641212},
  journal={JSS},
}


@inproceedings{Islam.2018b,
  author={Islam, Md Rakibul and Zibran, Minhaz F.},
  title={DEVA: sensing emotions in the valence arousal space in software engineering text},
  publisher={{Association for Computing Machinery Inc. (ACM)}},
  isbn={9781450351911},
  editor={Haddad, Hisham M. and Wainwright, Roger L. and Chbeir, Richard},
  booktitle={Applied computing 2018},
  year={2018},
  address={New York, NY},
}

%Islam.2018c
@INPROCEEDINGS{8330245,
  author={Islam, Md Rakibul and Zibran, Minhaz F.},
  booktitle={SANER},
  title={A comparison of software engineering domain specific sentiment analysis tools},
  year={2018},
  volume={},
  number={},
}

@inproceedings{Lin.2019,
  author={Lin, Bin and Zampetti, Fiorella and Bavota, Gabriele and {Di Penta}, Massimiliano and Lanza, Michele},
  title={Pattern-Based Mining of Opinions in Q{\&}A Websites},
  publisher={IEEE},
  isbn={9781728108698},
  booktitle={2019 IEEE/ACM 41st International Conference on Software Engineering},
  year={2019},
  address={Piscataway, NJ},
}


%Islam.2017
@INPROCEEDINGS{7962370,
  author={Islam, Md Rakibul and Zibran, Minhaz F.},
  booktitle={MSR},
  title={Leveraging Automated Sentiment Analysis in Software Engineering},
  year={2017},
  volume={},
  number={},
}



@inproceedings{Neupane.2019,
  author={Neupane, Krishna Prasad and Cheung, Kabo and Wang, Yi},
  title={EmoD: An End-to-End Approach for Investigating Emotion Dynamics in Software Development},
  publisher={IEEE},
  isbn={9781728130941},
  booktitle={2019 IEEE International Conference on Software Maintenance and Evolution},
  year={2019},
  address={Piscataway, NJ},
}


@inproceedings{Novielli.2015,
  author={Novielli, Nicole and Calefato, Fabio and Lanubile, Filippo},
  title={The Challenges of Sentiment Detection in the Social Programmer Ecosystem},
  publisher={{ACM Press}},
  isbn={9781450338189},
  editor={Hammouda, Imed and Sillitti, Alberto},
  booktitle={Proceedings of the 7th International Workshop on Social Software Engineering - SSE 2015},
  year={2015},
  series={SSE 2015},
  address={New York, New York, USA},
}


@inproceedings{Werder.2018,
  author={Werder, Karl and Brinkkemper, Sjaak},
  title={MEME: Toward a Method for Emotions Extraction from Github},
  publisher={IEEE},
  isbn={9781450357517},
  booktitle={2018 ACM/IEEE 3rd International Workshop on Emotion Awareness in Software Engineering},
  year={2018},
  address={Piscataway, NJ},
}


@inproceedings{Werder.2018b,
  author={Werder, Karl},
  title={The evolution of emotional displays in open source software development teams},
  publisher={IEEE},
  isbn={9781450357517},
  booktitle={2018 ACM/IEEE 3rd International Workshop on Emotion Awareness in Software Engineering},
  year={2018},
  address={Piscataway, NJ},
}


@inproceedings{Wang.2019,
  author={Wang, Yi},
  title={Emotions Extracted from Text vs. True Emotions--An Empirical Evaluation in SE Context},
  publisher={{IEEE Press}},
  isbn={978-1-7281-2508-4},
  booktitle={Proceedings of the 34th IEEE/ACM International Conference on Automated Software Engineering},
  year={2019},
  address={[S.l.]},
}


@article{Umer.2020,
  author={Umer, Qasim and Liu, Hui and Illahi, Inam},
  year={2020},
  title={CNN-Based Automatic Prioritization of Bug Reports},
  issn={0018-9529},
  journal={IEEE Transactions on Reliability},
}


@inproceedings{Souza.2017,
  author={Souza, Rodrigo and Silva, Bruno},
  title={Sentiment Analysis of Travis CI Builds},
  publisher={IEEE},
  isbn={9781538615447},
  booktitle={2017 IEEE/ACM 14th International Conference on Mining Software Repositories},
  year={2017},
  address={Piscataway, NJ},
}


@inproceedings{Sinha.2016,
  author={Sinha, Vinayak and Lazar, Alina and Sharif, Bonita},
  title={Analyzing developer sentiment in commit logs},
  publisher={{ACM Press}},
  isbn={9781450341868},
  editor={Kim, Miryung and Robbes, Romain and Bird, Christian},
  booktitle={Proceedings of the 13th International Workshop on Mining Software Repositories - MSR '16},
  year={2016},
  address={New York, New York, USA},
}


@inproceedings{Shen.2019,
  author={Shen, Jingyi and Baysal, Olga and Shafiq, M. Omair},
  title={Evaluating the Performance of Machine Learning Sentiment Analysis Algorithms in Software Engineering},
  publisher={{Conference Publishing Services, IEEE Computer Society}},
  isbn={978-1-7281-3024-8},
  booktitle={DASC-PICom-CBDCom-CyberSciTech 2019},
  year={2019},
  address={Los Alamitos, California and Washington and Tokyo},
}



@inproceedings{S.Panichella.2015,
  author={Panichella, Sebastiano and Di Sorbo, Andrea and Guzman, Emitza and Visaggio, Corrado A. and Canfora, Gerardo and Gall, Harald C.},
  title={How can i improve my app? Classifying user reviews for software maintenance and evolution},
  booktitle={ICSME},
  year={2015},
}


@article{Rousinopoulos.2014,
  author={Rousinopoulos, Athanasios-Ilias and Robles, Gregorio and Gonz{\'a}lez-Barahona, Jes{\'u}s M.},
  year={2014},
  title={SENTIMENT ANALYSIS OF FREE/OPEN SOURCE DEVELOPERS: PRELIMINARY FINDINGS FROM A CASE STUDY},
  volume={13},
  number={2},
  journal = {Revista Eletr{\^o}nica de Sistemas de Informa{\c{c}}{\~a}o},
}


@inproceedings{Robinson.2016,
  author={Robinson, William N. and Deng, Tianjie and Qi, Zirun},
  title={Developer Behavior and Sentiment from Data Mining Open Source Repositories},
  publisher={IEEE},
  isbn={9780769556703},
  editor={Bui, Tung X. and Sprague, Ralph H.},
  booktitle={Proceedings of the 49th Annual Hawaii International Conference on System Sciences},
  year={2016},
  address={Piscataway, NJ},
}


@inproceedings{Qian.2016,
  author={Qian, Zhenzheng and Shen, Beijun and Mo, Wenkai and Chen, Yuting},
  title={SatiIndicator: Leveraging User Reviews to Evaluate User Satisfaction of SourceForge Projects},
  publisher={IEEE},
  isbn={9781467388450},
  editor={Reisman, Sorel},
  booktitle={2016 IEEE 40th Annual Computer Software and Applications Conference},
  year={2016},
  address={Piscataway, NJ},
}


@inproceedings{Pletea.2014,
  author={Pletea, Daniel and Vasilescu, Bogdan and Serebrenik, Alexander},
  title={Security and emotion: sentiment analysis of security discussions on GitHub},
  publisher={ACM},
  isbn={9781450328630},
  editor={Kim, Sung and Pinzger, Martin and Devanbu, Premkumar},
  booktitle={11th Working Conference on Mining Software Repositories : proceedings : May 31 - June 1, 2014, Hyderabad, India},
  year={2014},
  address={[Place of publication not identified]},
}


@inproceedings{Patwardhan.2017,
  author={Patwardhan, Amol},
  title={Sentiment Identification for Collaborative, Geographically Dispersed, Cross-Functional Software Development Teams},
  publisher={IEEE},
  isbn={9781538625651},
  booktitle={2017 IEEE 3rd International Conference on Collaboration and Internet Computing},
  year={2017},
  address={Piscataway, NJ},
}


@inproceedings{Ortu.2018,
  author={Ortu, Marco and Hall, Tracy and Marchesi, Michele and Tonelli, Roberto and Bowes, David and Destefanis, Giuseppe},
  title={Mining Communication Patterns in Software Development},
  publisher={ACM},
  isbn={9781450365932},
  editor={Turhan, Burak},
  booktitle={Proceedings of the 14th International Conference on Predictive Models and Data Analytics in Software Engineering},
  year={2018},
  address={[Place of publication not identified]},
}

@Article{Novielli.replication2021,
  author={Novielli, Nicole and Calefato, Fabio and Lanubile, Filippo and Serebrenik, Alexander},
  title={Assessment of off-the-shelf SE-specific sentiment analysis tools: An extended replication study},
  journal={Empirical Software Engineering},
  year={2021},
  month={Jun},
  day={05},
  volume={26},
  number={4},
  issn={1573-7616},
}

@inproceedings{S.F.Huq.2020,
  author={Huq, Syed Fatiul and Sadiq, Ali Zafar and Sakib, Kazi},
  title={Is Developer Sentiment Related to Software Bugs: An Exploratory Study on GitHub Commits},
  isbn={1534-5351},
  booktitle={SANER},
  year={2020},
}

%Islam.2017b
@INPROCEEDINGS{8170140,
  author={Islam, Md Rakibul and Zibran, Minhaz F.},
  booktitle={ESEM},
  title={A Comparison of Dictionary Building Methods for Sentiment Analysis in Software Engineering Text},
  year={2017},
  volume={},
  number={},
}



@inproceedings{Islam.2016,
  author={Islam, Md Rakibul and Zibran, Minhaz F.},
  title={Towards understanding and exploiting developers' emotional variations in software engineering},
  publisher={IEEE},
  isbn={978-1-5090-0809-4},
  editor={Song, Yeong-Tae},
  booktitle={SERA},
  year={2016},
  address={Piscataway, NJ},
}


%Islam.2019
@inproceedings{10.1145/3297280.3297455,
  author={Islam, Md Rakibul and Ahmmed, Md Kauser and Zibran, Minhaz F.},
  title={MarValous: Machine Learning Based Detection of Emotions in the Valence-Arousal Space in Software Engineering Text},
  year={2019},
  isbn={9781450359337},
  publisher={Association for Computing Machinery},
  address={New York, NY, USA},
  booktitle={Proceedings of the 34th ACM/SIGAPP Symposium on Applied Computing},
  location={Limassol, Cyprus},
  series={SAC '19}
}

%Senti4SD
@article{Calefato.2018,
  author={Calefato, Fabio and Lanubile, Filippo and Maiorano, Federico and Novielli, Nicole},
  year={2018},
  title={Sentiment Polarity Detection for Software Development},
  volume={23},
  number={3},
  issn={1382-3256},
  journal={Empirical Software Engineering},
}


@article{Cagnoni.2020,
  author={Cagnoni, Stefano and Cozzini, Lorenzo and Lombardo, Gianfranco and Mordonini, Monica and Poggi, Agostino and Tomaiuolo, Michele},
  year={2020},
  title={Emotion-based analysis of programming languages on Stack Overflow},
  volume={6},
  number={3},
  issn={2405-9595},
  journal={ICT Express},
}


@inproceedings{Brisson.2020,
  author={Brisson, Scott and Noei, Ehsan and Lyons, Kelly},
  title={We Are Family: Analyzing Communication in GitHub Software Repositories and Their Forks},
  publisher={{The Institute of Electrical and Electronics Engineers}},
  isbn={9781728151434},
  editor={Kontogiannis, Kostas},
  booktitle={SANER '20},
  year={2020},
  address={Piscataway, NJ},
}

@INPROCEEDINGS{8816816,
  author={Biswas, Eeshita and Vijay-Shanker, K. and Pollock, Lori},
  booktitle={MSR},
  title={Exploring Word Embedding Techniques to Improve Sentiment Analysis of Software Engineering Texts},
  year={2019},
  volume={},
  number={},
}



@inproceedings{Aung.2017,
  author={Aung, Khin Zezawar and Myo, Nyein Nyein},
  title={Sentiment analysis of students' comment using lexicon based approach},
  publisher={IEEE},
  isbn={9781509055074},
  editor={Zhu, Guobin},
  booktitle={ICIS 2017},
  year={2017},
  address={Piscataway, NJ},
}


@article{Atoum.2020,
  author={Atoum, Issa},
  year={2020},
  title={A novel framework for measuring software quality-in-use based on semantic similarity and sentiment analysis of software reviews},
  volume={32},
  number={1},
  issn={13191578},
  journal={Journal of King Saud University - Computer and Information Sciences},
}


@inproceedings{ApostolosKritikos.2020,
  author={{Apostolos Kritikos}and {Theodoros Venetis} and {Ioannis Stamelos}},
  title={An Empirical Investigation of Sentiment Analysis of the Bug Tracking Process in Libre Office Open Source Software},
  publisher={{Springer, Cham}},
  year={2020},
}


@inproceedings{Calefato.2017,
  author={Calefato, Fabio and Lanubile, Filippo and Novielli, Nicole},
  title={EmoTxt: A toolkit for emotion recognition from text},
  publisher={IEEE},
  isbn={9781538606803},
  booktitle={ACIIW},
  year={2017},
  address={Piscataway, NJ},
}


@article{Ahasanuzzaman.2020,
  author={Ahasanuzzaman, Md and Asaduzzaman, Muhammad and Roy, Chanchal K. and Schneider, Kevin A.},
  year={2020},
  title={CAPS: a supervised technique for classifying Stack Overflow posts concerning API issues},
  volume={25},
  number={2},
  issn={1382-3256},
  journal={Empirical Software Engineering},
}


@book{.2018,
  year={2018},
  author={Islam, Md Rabikul and Zibran, Minhaz F.},
  title={Sentiment Analysis of Software Bug Related Commit Messages},
  booktitle={2018 International Conference on Software Engineering and Data Engineering},
  publisher={ISCA},
  isbn={978-1-943436-05-7},
}

@INPROCEEDINGS{9240704,
  author={Zhang, Ting and Xu, Bowen and Thung, Ferdian and Haryono, Stefanus Agus and Lo, David and Jiang, Lingxiao},
  booktitle={ICSME},
  title={Sentiment Analysis for Software Engineering: How Far Can Pre-trained Transformer Models Go?},
  year={2020},
  volume={},
  number={},
}



@inproceedings{10.5555/2735522.2735528,
  author={Tourani, Parastou and Jiang, Yujuan and Adams, Bram},
  title={Monitoring Sentiment in Open Source Mailing Lists: Exploratory Study on the Apache Ecosystem},
  year={2014},
  publisher={IBM Corp.},
  address={USA},
  booktitle={Proceedings of 24th Annual International Conference on Computer Science and Software Engineering},
  location={Markham, Ontario, Canada},
  series={CASCON '14}
}

@INPROCEEDINGS{Ahmed.2017,
  author={Ahmed, Toufique and Bosu, Amiangshu and Iqbal, Anindya and Rahimi, Shahram},
  booktitle={ASE},
  title={SentiCR: A customized sentiment analysis tool for code review interactions},
  year={2017},
  volume={},
  number={},
  publisher={IEEE},
}

@inproceedings{Calefato.2019,
  author={Calefato, Fabio and Lanubile, Filippo and Novielli, Nicole and Quaranta, Luigi},
  title={EMTk - The Emotion Mining Toolkit},
  publisher={IEEE},
  isbn={978-1-7281-2280-9},
  booktitle={SEmotion 2019},
  year={2019},
  address={Piscataway, NJ},
}

@inproceedings{Chen.2019,
  author={Chen, Zhenpeng and Cao, Yanbin and Lu, Xuan and Mei, Qiaozhu and Liu, Xuanzhe},
  title={SEntiMoji: An Emoji-Powered Learning Approach for Sentiment Analysis in Software Engineering},
  year={2019},
  isbn={9781450355728},
  publisher={Association for Computing Machinery},
  address={New York, NY, USA},
  booktitle={Proceedings of the 2019 27th ACM Joint Meeting on European Software Engineering Conference and Symposium on the Foundations of Software Engineering},
  location={Tallinn, Estonia},
  series={ESEC/FSE 2019}
}

@inproceedings{Cheruvelil.2019,
  author={Cheruvelil, Jonathan and {da Silva}, Bruno C.},
  title={Developers' Sentiment and Issue Reopening},
  publisher={IEEE},
  isbn={978-1-7281-2280-9},
  booktitle={SEmotion 2019},
  year={2019},
  address={Piscataway, NJ},
}


%Imtiaz.2018
@inproceedings{Imtiaz.2018,
  author={Imtiaz, Nasif and Middleton, Justin and Girouard, Peter and Murphy-Hill, Emerson},
  title={Sentiment and Politeness Analysis Tools on Developer Discussions Are Unreliable, but so Are People},
  year={2018},
  isbn={9781450357517},
  publisher={Association for Computing Machinery},
  address={New York, NY, USA},
  booktitle={Proceedings of the 3rd International Workshop on Emotion Awareness in Software Engineering},
  location={Gothenburg, Sweden},
  series={SEmotion '18}
}



@article{Hassan2018appsdialog,
  author={Hassan, Safwat and Tantithamthavorn, Chakkrit and Bezemer, Cor-Paul and Hassan, Ahmed E.},
  year={2018},
  title={Studying the dialogue between users and developers of free apps in the Google Play Store},
  volume={23},
  number={3},
  issn={1382-3256},
  journal={Empirical Software Engineering},
}


@book{Haque.2014,
  author={Haque, Md Ansarul},
  year={2014},
  title={Sentiment Analysis by Using Fuzzy Logic},
}

@inproceedings{Guzman.2013,
  author={Guzman, Emitza and Bruegge, Bernd},
  title={Towards Emotional Awareness in Software Development Teams},
  publisher={ACM},
  isbn={9781450322379},
  editor={Meyer, Bertrand and Mezini, Mira and Baresi, Luciano},
  booktitle={ESEC/FSE},
  year={2013},
  location={Saint Petersburg, Russia},
  series={ESEC/FSE 2013}
}

% sagt, dass sentiments auch auswirkung auf software development hat.
@inproceedings{Guzman.2014,
  author={Guzman, Emitza and Az{\'o}car, David and Li, Yang},
  title={Sentiment analysis of commit comments in GitHub: an empirical study},
  publisher={ACM},
  isbn={9781450328630},
  editor={Kim, Sung and Pinzger, Martin and Devanbu, Premkumar},
  booktitle={11th Working Conference on Mining Software Repositories : proceedings : May 31 - June 1, 2014, Hyderabad, India},
  year={2014},
  address={[Place of publication not identified]},
}


@article{Guzman.2017,
  author={Guzman, Emitza and Alkadhi, Rana and Seyff, Norbert},
  year={2017},
  title={An exploratory study of Twitter messages about software applications},
  volume={22},
  number={3},
  issn={1432-010X},
  journal={REJ},
}


@inproceedings{Guzman.2013b,
  author={Guzman, Emitza},
  title={Visualizing emotions in software development projects},
  publisher={IEEE},
  isbn={9781479914579},
  editor={Telea, Alexandru},
  booktitle={VISSOFT},
  year={2013},
  address={Piscataway, NJ},
}


@article{Goyal.2017,
  author={Goyal, A. and Sardana, N.},
  year={2017},
  title={NRFixer: Sentiment Based Model for Predicting the Fixability of Non-Reproducible Bugs},
  volume={Vol. 11},
  number={nr 1},
  issn={1897-7979},
  journal={e-Informatica Software Engineering Journal},
}


@inproceedings{Gkontzis.2017,
  author={Gkontzis, Andreas F. and Karachristos, Christoforos V. and Panagiotakopoulos, Chris T. and Stavropoulos, Elias C. and Verykios, Vassilios S.},
  title={Sentiment Analysis to Track Emotion and Polarity in Student Fora},
  publisher={ACM},
  isbn={9781450353557},
  editor={Vlachos, Vasileios},
  booktitle={Proceedings of the 21st Pan-Hellenic Conference on Informatics},
  year={2017},
  address={New York, NY},
}


@inproceedings{Garcia.2013,
  author={Garcia, David and Zanetti, Marcelo Serrano and Schweitzer, Frank},
  title={The Role of Emotions in Contributors Activity: A Case Study on the GENTOO Community},
  publisher={IEEE},
  isbn={9780769551142},
  booktitle={CGC 2013},
  year={2013},
  address={Piscataway, NJ},
}


@article{Fang.2015,
  author={Fang, Xing and Zhan, Justin},
  year={2015},
  title={Sentiment analysis using product review data},
  volume={2},
  number={1},
  issn={2196-1115},
  journal={Journal of Big Data},
}


@inproceedings{F.Calefato.2015,
  author={Calefato, Fabio and Lanubile, Filippo and Marasciulo, Maria Concetta and Novielli, Nicole},
  title={Mining Successful Answers in Stack Overflow},
  isbn={2160-1860},
  booktitle={2015 IEEE/ACM 12th Working Conference on Mining Software Repositories},
  year={2015},
}


@article{ElHalees.2014,
  author={El-Halees, Alaa Mustafa},
  year={2014},
  title={Software Usability Evaluation Using Opinion Mining},
  volume={9},
  number={2},
  issn={1796-217X},
  journal={Journal of Software},
}


@inproceedings{E.Guzman.2015,
  author={Guzman, Emitza and Aly, Omar and Bruegge, Bernd},
  title={Retrieving Diverse Opinions from App Reviews},
  isbn={1949-3789},
  booktitle={ESEM},
  year={2015},
}


%Ding.2018
@inproceedings{10.1145/3194932.3194935,
  author={Ding, Jin and Sun, Hailong and Wang, Xu and Liu, Xudong},
  title={Entity-Level Sentiment Analysis of Issue Comments},
  year={2018},
  isbn={9781450357517},
  publisher={Association for Computing Machinery},
  address={New York, NY, USA},
  booktitle={Proceedings of the 3rd International Workshop on Emotion Awareness in Software Engineering},
  location={Gothenburg, Sweden},
  series={SEmotion '18}
}


@article{Destefanis.2016,
  author={Destefanis, Giuseppe and Ortu, Marco and Counsell, Steve and Swift, Stephen and Marchesi, Michele and Tonelli, Roberto},
  year={2016},
  title={Software development: do good manners matter?},
  volume={2},
  issn={2376-5992},
  journal={PeerJ Computer Science},
}


@inproceedings{Claes.2018,
  author={Claes, Ma{\"e}lick and M{\"a}ntyl{\"a}, Mika and Farooq, Umar},
  title={On the use of emoticons in open source software development},
  publisher={ACM},
  isbn={9781450358231},
  series={ACM Digital Library},
  editor={Oivo, Markku},
  booktitle={Proceedings of the 12th ACM/IEEE International Symposium on Empirical Software Engineering and Measurement},
  year={2018},
  address={New York, NY},
}


@inproceedings{Werner.2018,
  author={Werner, Colin and Tapuc, Gabriel and Montgomery, Lloyd and Sharma, Diksha and Dodos, Sanja and Damian, Daniela},
  title={How Angry are Your Customers? Sentiment Analysis of Support Tickets that Escalate},
  publisher={IEEE},
  isbn={9781538683613},
  editor={Fucci, Davide and Novielli, Nicole and Guzm{\'a}n, Emitz{\'a}},
  booktitle={2018 1st International Workshop on Affective Computing for Requirements Engineering},
  year={2018},
  address={Piscataway, NJ},
}


@inproceedings{Zhang.2013,
  author={Zhang, Yingying and Hou, Daqing},
  title={Extracting problematic API features from forum discussions},
  publisher={IEEE},
  isbn={9781467330923},
  editor={Kagdi, Huzefa},
  booktitle={ICPC},
  year={2013},
  address={Piscataway, NJ},
}

  Bibliothek fuer Related Work ohne SE
@article{Kumar.2020,
  author={Kumar, Akshi and Jaiswal, Arunima},
  title={Systematic literature review of sentiment analysis on Twitter using soft computing techniques},
  journal={Concurrency and Computation: Practice and Experience},
  volume={32},
  number={1},
  note={e5107 CPE-18-1167.R1},
  year={2020}
}
@misc{Mohamed.2019,
  title={Sentiment Analysis for Arabic in Social Media Network: A Systematic Mapping Study},
  author={Mohamed Elhag M. Abo and Ram Gopal Raj and Atika Qazi and Abubakar Zakari},
  year={2019},
  archivePrefix={arXiv},
  primaryClass={cs.SI}
}
@article{Devika.2016,
  title={Sentiment Analysis: A Comparative Study on Different Approaches},
  journal={Procedia Computer Science},
  volume={87},
  year={2016},
  note={Fourth International Conference on Recent Trends in Computer Science \& Engineering (ICRTCSE 2016)},
  issn={1877-0509},
  author={M.D. Devika and C. Sunitha and Amal Ganesh},
}
@ARTICLE{Maitama.2020,
  author={Maitama, Jaafar Zubairu and Idris, Norisma and Zakari, Abubakar},
  journal={IEEE Access},
  title={A Systematic Mapping Study of the Empirical Explicit Aspect Extractions in Sentiment Analysis},
  year={2020},
  volume={8},
  number={},
}

%BERT
@misc{Devlin.2019,
  title={BERT: Pre-training of Deep Bidirectional Transformers for Language Understanding},
  author={Jacob Devlin and Ming-Wei Chang and Kenton Lee and Kristina Toutanova},
  year={2019},
  archivePrefix={arXiv},
  primaryClass={cs.CL}
}

@misc{liu2019roberta,
  title={RoBERTa: A Robustly Optimized BERT Pretraining Approach},
  author={Liu, Yinhan and Ott, Myle and Goyal, Naman and Du, Jingfei and Joshi, Mandar and Chen, Danqi and Levy, Omer and Lewis, Mike and Zettlemoyer, Luke and Stoyanov, Veselin},
  year={2019},
  publisher={arXiv},
  copyright={arXiv.org perpetual, non-exclusive license}
}

@misc{Devlin.2019bert,
  title={BERT: Pre-training of Deep Bidirectional Transformers for Language Understanding},
  author={Jacob Devlin and Ming-Wei Chang and Kenton Lee and Kristina Toutanova},
  year={2019},
  archivePrefix={arXiv},
  primaryClass={cs.CL}
}


@INPROCEEDINGS{396988,
  author={Holmes, G. and Donkin, A. and Witten, I.H.},
  booktitle={Proceedings of ANZIIS '94 - Australian New Zealnd Intelligent Information Systems Conference},
  title={WEKA: a machine learning workbench},
  year={1994},
  volume={},
  number={},
}


  Hier kommen Paper, die nicht Ergebniss der SLR sind

@article{KITCHENHAM20097,
  title={Systematic literature reviews in software engineering – A systematic literature review},
  journal={IST},
  volume={51},
  number={1},
  year={2009},
  note={Special Section - Most Cited Articles in 2002 and Regular Research Papers},
  issn={0950-5849},
  author={Barbara Kitchenham and O. {Pearl Brereton}and David Budgen and Mark Turner and John Bailey and Stephen Linkman},
}

@book{KitchenhamBA.2007,
  author={{Barbara Kitchenham}and {Stuart M. Charters}},
  year={2007},
  title={Guidelines for performing Systematic Literature Reviews in Software Engineering},
  volume={2},
}



@inproceedings{Petersen.2008,
  author={Petersen, Kai and Feldt, Robert and Mujtaba, Shahid and Mattsson, Michael},
  title={Systematic Mapping Studies in Software Engineering},
  publisher={{BCS Learning {\&}Development}},
  year={2008},
}

@inproceedings{Wohlin.2014,
  author={Wohlin, Claes},
  title={Guidelines for Snowballing in Systematic Literature Studies and a Replication in Software Engineering},
  year={2014},
  isbn={9781450324762},
  publisher={Association for Computing Machinery},
  address={New York, NY, USA},
  booktitle={Proceedings of the 18th International Conference on Evaluation and Assessment in Software Engineering},
  articleno={38},
  location={London, England, United Kingdom},
  series={EASE '14}
}

%happy developers

@article{Graziotin.2014,
  author={Graziotin, Daniel and Wang, Xiaofeng and Abrahamsson, Pekka},
  year={2014},
  title={Happy software developers solve problems better: psychological measurements in empirical software engineering},
  volume={2},
  issn={2167-8359},
  journal={PeerJ},
}

@article{graziotin2015you,
  title={How do you feel, developer? An explanatory theory of the impact of affects on programming performance},
  author={\mbox{Graziotin}, Daniel and Wang, Xiaofeng and Abrahamsson, Pekka},
  journal={PeerJ Computer Science},
  volume={1},
  year={2015},
  publisher={PeerJ Inc.}
}

% Sentistrenght und verbesserte Version:
@article{Thelwall.2010,
  author={Thelwall, Mike and Buckley, Kevan and Paltoglou, Georgios and {Di Cai}and Kappas, Arvid},
  year={2010},
  title={Sentiment strength detection in short informal text},
  volume={61},
  number={12},
  issn={1532-2882},
  journal={Journal of the American Society for Information Science and Technology},
}

@article{Thelwall.2012,
  author={Thelwall, Mike and Buckley, Kevan and Paltoglou, Georgios},
  year={2012},
  title={Sentiment strength detection for the social web},
  volume={63},
  number={1},
  issn={1532-2882},
  journal={Journal of the American Society for Information Science and Technology},
}


% Datensaetze
%JIRA ohne Label
@inproceedings{Ortu.2015,
  author={Ortu, Marco and Destefanis, Giuseppe and Adams, Bram and Murgia, Alessandro and Marchesi, Michele and Tonelli, Roberto},
  title={The JIRA Repository Dataset: Understanding Social Aspects of Software Development},
  year={2015},
  isbn={9781450337151},
  publisher={Association for Computing Machinery},
  address={New York, NY, USA},
  booktitle={Proceedings of the 11th International Conference on Predictive Models and Data Analytics in Software Engineering},
  articleno={1},
  location={Beijing, China},
  series={PROMISE '15}
}

%JIRA mit Label
@inproceedings{Ortu.2016,
  author={Ortu, Marco and Murgia, Alessandro and Destefanis, Giuseppe and Tourani, Parastou and Tonelli, Roberto and Marchesi, Michele and Adams, Bram},
  title={The Emotional Side of Software Developers in JIRA},
  year={2016},
  isbn={9781450341868},
  publisher={Association for Computing Machinery},
  address={New York, NY, USA},
  booktitle={Proceedings of the 13th International Conference on Mining Software Repositories},
  location={Austin, Texas},
  series={MSR '16}
}

%Stack Overflow
@inproceedings{Novielli.2018b,
  author={Novielli, Nicole and Calefato, Fabio and Lanubile, Filippo},
  title={A Gold Standard for Emotion Annotation in Stack Overflow},
  year={2018},
  isbn={9781450357166},
  booktitle={MSR},
  publisher={Association for Computing Machinery},
  address={New York, NY, USA},
  location={Gothenburg, Sweden},
  series={MSR '18}
}

%GitHub

@misc{novielligold.2020,
  title={A gold standard for polarity of emotions of software developers in GitHub},
  year={2020},
  month={3},
  DOI={10.6084/m9.figshare.11604597.v1},
  author={Novielli, Nicole and Calefato, Fabio and Dongiovanni, Davide and Girardi, Daniela and Lanubile, Filippo},
  publisher={figshare}
}

%Einfluss von sozialer Komponente in meetings:
@article{SCHNEIDER201859,
  title={Positive affect through interactions in meetings: The role of proactive and supportive statements},
  journal={JSS},
  volume={143},
  year={2018},
  issn={0164-1212},
  author={Kurt Schneider and Jil Klünder and Fabian Kortum and Lisa Handke and Julia Straube and Simone Kauffeld},
}

% emails kommunikation spielen eine wichtige Rolle

@INPROCEEDINGS{5196929,
  author={Niinimaki, Tuomas and Piri, Arttu and Lassenius, Casper},
  booktitle={2009 Fourth IEEE International Conference on Global Software Engineering},
  title={Factors Affecting Audio and Text-Based Communication Media Choice in Global Software Development Projects},
  year={2009},
  volume={},
  number={},
}

% damit keine Information verloren geht
@article{10.1111/exsy.649,
  author={Stapel, Kai and Schneider, Kurt},
  title={Managing Knowledge on Communication and Information Flow in Global Software Projects},
  year={2014},
  issue_date={July 2014},
  publisher={John Wiley &amp; Sons, Inc.},
  address={USA},
  volume={31},
  number={3},
  issn={0266-4720},
  journal={Expert Sys: J. Knowl. Eng.},
  month=jul,
}

% Jammern negaitves verhalten

@inproceedings{Klunder.2020,
  author={Kl{\"u}nder, Jil and Prenner, Nils and Windmann, Ann-Kathrin and Stess, Marek and Nolting, Michael and Kortum, Fabian and Handke, Lisa and Schneider, Kurt and Kauffeld, Simone},
  title={Do You Just Discuss or Do You Solve?},
  publisher={{Association for Computing Machinery}},
  isbn={9781450379632},
  series={ACM Digital Library},
  booktitle={Proceedings of the IEEE/ACM 42nd International Conference on Software Engineering Workshops},
  year={2020},
  address={New York,NY,United States},
}




% Team Entwicklung statt Einzelentwicklung:
@article{10.1145/203330.203345,
  author={Kraut, Robert E. and Streeter, Lynn A.},
  title={Coordination in Software Development},
  year={1995},
  issue_date={March 1995},
  publisher={Association for Computing Machinery},
  address={New York, NY, USA},
  volume={38},
  number={3},
  issn={0001-0782},
  journal={Commun. ACM},
  month=mar,
}

@ARTICLE{300082,
  author={D. E. {Perry}and N. A. {Staudenmayer} and L. G. {Votta}},
  journal={IEEE Software},
  title={People, organizations, and process improvement},
  year={1994},
  volume={11},
  number={4},
}

% Helena 2


@misc{Kuhrmann.2018,
  author={Kuhrmann, Marco and Tell, Paolo and Kl{\"u}nder, Jil and Hebig, Regina and {Sherlock A. Licorish} and MacDonell, Stephen G.},
  title={HELENA Stage 2 Results},
  publisher={Unpublished},
  year={2018},
}


%SA Tools ohne SE

@misc{Loper.17.05.2002,
  author={Loper, Edward and Bird, Steven},
  date={17.05.2002},
  year={2002},
  title={NLTK: The Natural Language Toolkit},
}

@inproceedings{Manning.2014,
  author={Manning, Christopher and Surdeanu, Mihai and Bauer, John and Finkel, Jenny and Bethard, Steven and McClosky, David},
  title={The Stanford CoreNLP Natural Language Processing Toolkit},
  publisher={{Association for Computational Linguistics}},
  booktitle={Proceedings of 52nd Annual Meeting of the Association for Computational Linguistics: System Demonstrations},
  year={2014},
  address={Stroudsburg, PA, USA},
}

% OSS developer nutzen vermehrt mailing list etc.
@inproceedings{10.1145/1882362.1882435,
  author={Storey, Margaret-Anne and Treude, Christoph and van Deursen, Arie and Cheng, Li-Te},
  title={The Impact of Social Media on Software Engineering Practices and Tools},
  year={2010},
  isbn={9781450304276},
  publisher={Association for Computing Machinery},
  address={New York, NY, USA},
  booktitle={Proceedings of the FSE/SDP Workshop on Future of Software Engineering Research},
  location={Santa Fe, New Mexico, USA},
  series={FoSER '10}
}

% dass Sentiments not only influence the quality of relationship between two persons but also have high impacts on productivity, task quality, task synchronization, and job satisfaction of collaborative activities
@inbook{10.1145/2441776.2441812,
  author={De Choudhury, Munmun and Counts, Scott},
  title={Understanding Affect in the Workplace via Social Media},
  year={2013},
  isbn={9781450313315},
  publisher={Association for Computing Machinery},
  address={New York, NY, USA},
  booktitle={Proceedings of the 2013 Conference on Computer Supported Cooperative Work},
}

% SA für empfehlungen für software libnraries
@inproceedings{10.1145/2661685.2661689,
  author={Novielli, Nicole and Calefato, Fabio and Lanubile, Filippo},
  title={Towards Discovering the Role of Emotions in Stack Overflow},
  year={2014},
  isbn={9781450332279},
  publisher={Association for Computing Machinery},
  address={New York, NY, USA},
  booktitle={Proceedings of the 6th International Workshop on Social Software Engineering},
  location={Hong Kong, China},
  series={SSE 2014}
}

% vorschläge, wenn entwickler nicht weiter weiß
@INPROCEEDINGS{7194617,
  author={Müller, Sebastian C. and Fritz, Thomas},
  booktitle={2015 IEEE/ACM 37th IEEE International Conference on Software Engineering},
  title={Stuck and Frustrated or in Flow and Happy: Sensing Developers' Emotions and Progress},
  year={2015},
  volume={1},
  number={},
}

% gefühle beeinflussen produktivität
@article{10.1002/smr.1673, 
  author={Graziotin, Daniel and Wang, Xiaofeng and Abrahamsson, Pekka},
  title={Do feelings matter? On the correlation of affects and the self-assessed productivity in software engineering},
  journal={Journal of Software: Evolution and Process},
  volume={27},
  number={7},
  year={2015}
}

% was ist sentiment analysis
@article{INR-011,
  year={2008},
  volume={2},
  journal={Foundations and Trends® in Information Retrieval},
  title={Opinion Mining and Sentiment Analysis},
  issn={1554-0669},
  number={1–2},
  author={Bo Pang and Lillian Lee}
}

%Nachweise für Synoynme
@Inbook{Liu2012,
  author={Liu, Bing and Zhang, Lei},
  title={A Survey of Opinion Mining and Sentiment Analysis},
  bookTitle={Mining Text Data},
  year={2012},
  publisher={Springer US},
  address={Boston, MA},
  isbn={978-1-4614-3223-4},
}

@article{Liu.2012,
  author={Liu, Bing},
  year={2012},
  title={Sentiment Analysis and Opinion Mining},
  volume={5},
  number={1},
  issn={1947-4040},
  journal={Synthesis Lectures on Human Language Technologies},
}

%Emotion AI

@INPROCEEDINGS{8389299,
  author={Deshpande, Mandar and Rao, Vignesh},
  booktitle={ICISS},
  title={Depression detection using emotion artificial intelligence},
  year={2017},
  volume={},
  number={},
}

%SLRs, welche ACM, IEEE, Google Scholar, Springer Link oder ScienceDirect verwenden

@ARTICLE{8984351,
  author={Yasin, Affan and Fatima, Rubia and Wen, Lijie and Afzal, Wasif and Azhar, Muhammad and Torkar, Richard},
  journal={IEEE Access},
  title={On Using Grey Literature and Google Scholar in Systematic Literature Reviews in Software Engineering},
  year={2020},
  volume={8},
  number={},
}

@ARTICLE{7929422,
  author={Shevtsov, Stepan and Berekmeri, Mihaly and Weyns, Danny and Maggio, Martina},
  journal={IEEE Transactions on Software Engineering},
  title={Control-Theoretical Software Adaptation: A Systematic Literature Review},
  year={2018},
  volume={44},
  number={8},
}

@INPROCEEDINGS{9240599,
  author={Biswas, Eeshita and Karabulut, Mehmet Efruz and Pollock, Lori and Vijay-Shanker, K.},
  booktitle={ICSME},
  title={Achieving Reliable Sentiment Analysis in the Software Engineering Domain using BERT},
  year={2020},
  volume={},
  number={},
}


@article{kosa.2016,
  author={Kosa, Mehmet and Yilmaz, Murat and O’Connor, Rory and Clarke, Paul},
  year={2016},
  month={12},
  title={Software Engineering Education and Games: A Systematic Literature Review},
  volume={22},
  journal={Journal of Universal Computer Science},
}

@article{GAROUSI2016106,
  title={Challenges and best practices in industry-academia collaborations in software engineering: A systematic literature review},
  journal={IST},
  volume={79},
  year={2016},
  issn={0950-5849},
  author={Vahid Garousi and Kai Petersen and Baris Ozkan},
}

@article{Klunder.2019,
  author={Kl{\"u}nder, Jil Ann--Christin and Hohl, Philipp and Prenner, Nils and Schneider, Kurt},
  year={2019},
  title={Transformation towards agile software product line engineering in large companies: A literature review},
  volume={31},
  number={5},
  issn={2047-7481},
  journal={Journal of Software: Evolution and Process},
}

@inproceedings{10.1145/3029387.3029392,
  author={Zahra, Kinza and Azam, Farooque and Ilyas, Fauqia and Faisal, Huma and Ambreen, Nadia and Gondal, Nida},
  title={Success Factors of Organizational Change in Software Process Improvement: A Systematic Literature Review},
  year={2017},
  isbn={9781450348034},
  publisher={Association for Computing Machinery},
  address={New York, NY, USA},
  booktitle={Proceedings of the 5th International Conference on Information and Education Technology},
  location={Tokyo, Japan},
  series={ICIET '17}
}

@inproceedings{10.1145/3379177.3388907,
  author={Prenner, Nils and Unger-Windeler, Carolin and Schneider, Kurt},
  title={How Are Hybrid Development Approaches Organized? A Systematic Literature Review},
  year={2020},
  isbn={9781450375122},
  publisher={Association for Computing Machinery},
  address={New York, NY, USA},
  booktitle={Proceedings of the International Conference on Software and System Processes},
  location={Seoul, Republic of Korea},
  series={ICSSP '20}
}

%Emotionsmodelle

@incollection{PLUTCHIK19803,
  title={Chapter 1 - A GENERAL PSYCHOEVOLUTIONARY THEORY OF EMOTION},
  editor={Robert Plutchik and Henry Kellerman},
  booktitle={Theories of Emotion},
  publisher={Academic Press},
  year={1980},
  isbn={978-0-12-558701-3},
  author={Robert Plutchik},
}

@article{Watson.1988,
  author={Watson, David and Clark, Lee and Tellegen, Auke},
  year={1988},
  title={Development and validation of brief measures of positive and negative affect: the PANAS scales},
  volume={54},
  number={6},
  issn={0022-3514},
  journal={Journal of personality and social psychology},
  file={http://www.ncbi.nlm.nih.gov/pubmed/3397865}
}

@book{parrott2001emotions,
  title={Emotions in social psychology: Essential readings},
  author={Parrott, W Gerrod},
  year={2001},
  publisher={psychology press}
}

%Excel List
@dataset{martin_obaidi_2021_4726650,
  author={Martin Obaidi and
  Lukas Nagel and
  Alexander Specht and
  Jil Klünder},
  title={{Dataset: Systematic Mapping Study on the
  Development and Application of Sentiment Analysis
  Tools in Software Engineering}},
  month=mar,
  year=2022,
  publisher={Zenodo},
  version={3.0},
}

%Paper Jil Hostmann

@InProceedings{10.1007/978-3-030-64266-2_8,
  author={Kl{\"u}nder, Jil and Horstmann, Julian and Karras, Oliver},
  editor={Bernhaupt, Regina   and Ardito, Carmelo   and Sauer, Stefan},
  title={Identifying the Mood of a Software Development Team by Analyzing Text-Based Communication in Chats with Machine Learning},
  booktitle={Human-Centered Software Engineering},
  year={2020},
  publisher={Springer International Publishing},
  address={Cham},
  isbn={978-3-030-64266-2}
}


%Emotionsmodell

@article{emotionlevels,
  author={Shaver, Phillip and Schwartz, Judith and Kirson, Donald and O'Connor, Cary},
  year={1987},
  title={Emotion knowledge: Further exploration of a prototype approach},
  volume={52},
  number={6},
  issn={0022-3514},
  journal={Journal of Personality and Social Psychology},
}

%Accuracy Metric
@book{infretbasics,
  author={Manning, Christopher D. and Raghavan, Prabhakar and Sch{\"u}tze, Hinrich},
  year={2009},
  title={Introduction to information retrieval},
  address={Cambridge},
  edition={Reprinted.},
  publisher={{Cambridge Univ. Press}},
  isbn={0521865719},
}

%XLNET

@misc{yang2020xlnet,
  title={XLNet: Generalized Autoregressive Pretraining for Language Understanding},
  author={Zhilin Yang and Zihang Dai and Yiming Yang and Jaime Carbonell and Ruslan Salakhutdinov and Quoc V. Le},
  year={2020},
  eprint={1906.08237},
  archivePrefix={arXiv},
}

%ALBERT
@misc{lan2020albert,
  title={ALBERT: A Lite BERT for Self-supervised Learning of Language Representations},
  author={Zhenzhong Lan and Mingda Chen and Sebastian Goodman and Kevin Gimpel and Piyush Sharma and Radu Soricut},
  year={2020},
  eprint={1909.11942},
  archivePrefix={arXiv},
}

% Sentiment Analysis Vorteil für RE
@INPROCEEDINGS{6149403,
  author={Goul, Michael and Marjanovic, Olivera and Baxley, Susan and Vizecky, Karen},
  booktitle={2012 45th Hawaii International Conference on System Sciences},
  title={Managing the Enterprise Business Intelligence App Store: Sentiment Analysis Supported Requirements Engineering},
  year={2012},
  volume={},
  number={},
}

@INPROCEEDINGS{guzman2014appreviewsfeature,
  author={Guzman, Emitza and Maalej, Walid},
  booktitle={RE},
  title={How Do Users Like This Feature? A Fine Grained Sentiment Analysis of App Reviews},
  year={2014},
  volume={},
  number={},
}

@INPROCEEDINGS{7332474,
  author={Panichella, Sebastiano and Di Sorbo, Andrea and Guzman, Emitza and Visaggio, Corrado A. and Canfora, Gerardo and Gall, Harald C.},
  booktitle={ICSME},
  title={How can i improve my app? Classifying user reviews for software maintenance and evolution},
  year={2015},
  volume={},
  number={},
}

@INPROCEEDINGS{6606604,
  author={Carreño, Laura V. Galvis and Winbladh, Kristina},
  booktitle={ICSE},
  title={Analysis of user comments: An approach for software requirements evolution},
  year={2013},
  volume={},
  number={},
}

%Mobile app reviews ürsprunglich
@INPROCEEDINGS{villarroel2016mobileappreviews,
  author={Villarroel, Lorenzo and Bavota, Gabriele and Russo, Barbara and Oliveto, Rocco and Di Penta, Massimiliano},
  booktitle={ICSE},
  title={Release Planning of Mobile Apps Based on User Reviews},
  year={2016},
  volume={},
  number={},
}





%Marc Herrmann
@inproceedings{kluender2017team,
  title={Team meetings and their relevance for the software development process over time},
  author={Kl{\"u}nder, Jil and Unger-Windeler, Carolin and Kortum, Fabian and Schneider, Kurt},
  booktitle={SEAA},
  year={2017},
  organization={IEEE}
}

@inproceedings{prenner2018making,
  title={Making meeting success measurable by participants' feedback},
  author={Prenner, Nils and Kl{\"u}nder, Jil and Schneider, Kurt},
  booktitle={Proceedings of the 3rd International Workshop on Emotion Awareness in Software Engineering},
  year={2018}
}

@inproceedings{klunder2020you,
  title={Do you just discuss or do you solve? Meeting analysis in a software project at early stages},
  author={Kl{\"u}nder, Jil and Prenner, Nils and Windmann, Ann-Kathrin and Stess, Marek and Nolting, Michael and Kortum, Fabian and Handke, Lisa and Schneider, Kurt and Kauffeld, Simone},
  booktitle={Proceedings of the IEEE/ACM 42nd International Conference on Software Engineering Workshops},
  year={2020}
}

@inproceedings{klunder2020affecting,
  title={Affecting Mood, Motivation and Productivity in Requirements Engineering Meetings and Beyond: A Research Vision},
  author={Kl{\"u}nder, Jil and Karras, Oliver and Schneider, Kurt},
  booktitle={AffectRE},
  year={2020},
  organization={IEEE}
}



@article{kraut1995coordination,
  title={Coordination in software development},
  author={Kraut, Robert E and Streeter, Lynn A},
  journal={Communications of the ACM},
  volume={38},
  number={3},
  year={1995},
  publisher={Association for Computing Machinery, Inc.}
}


@inproceedings{gall2006towards,
  title={Towards a framework for real time requirements elicitation},
  author={Gall, Mark and Berenbach, Brian},
  booktitle={MERE'06-RE'06 Workshop},
  year={2006},
  organization={IEEE}
}

@inproceedings{abad2018elica,
  title={Elica: An automated tool for dynamic extraction of requirements relevant information},
  author={Abad, Zahra Shakeri Hossein and Gervasi, Vincenzo and Zowghi, Didar and Barker, Ken},
  booktitle={AIRE},
  year={2018},
  organization={IEEE}
}


@inproceedings{bakshi2016opinion,
  title={Opinion mining and sentiment analysis},
  author={Bakshi, Rushlene Kaur and Kaur, Navneet and Kaur, Ravneet and Kaur, Gurpreet},
  booktitle={INDIACom},
  year={2016},
  organization={IEEE}
}



% poor cross platform
@article{CABRERADIEGO2020105633,
  title={Classifying emotions in Stack Overflow and JIRA using a multi-label approach},
  journal={Knowledge-Based Systems},
  volume={195},
  year={2020},
  issn={0950-7051},
  author={Luis Adrián Cabrera-Diego and Nik Bessis and Ioannis Korkontzelos},
}

@INPROCEEDINGS{9492202,
  author={Wu, Junfang and Ye, Chunyang and Zhou, Hui},
  booktitle={ICSS},
  title={BERT for Sentiment Classification in Software Engineering},
  year={2021},
  volume={},
  number={},
}


% Cohens Kappa
@article{cohenkappa,
  author={Cohen, Jacob},
  year={1960},
  title={A Coefficient of Agreement for Nominal Scales},
  volume={20},
  number={1},
  issn={0013-1644},
  journal={Educational and Psychological Measurement},
}



@article{brennan81kappa,
  author={Robert L. Brennan and Dale J. Prediger},
  title={Coefficient Kappa: Some Uses, Misuses, and Alternatives},
  booktitle={Educational and Psychological Measurement},
  volume={41},
  number={3},
  year={1981},
}


@article{RUTA200563,
  title={Classifier selection for majority voting},
  journal={Information Fusion},
  volume={6},
  number={1},
  year={2005},
  note={Diversity in Multiple Classifier Systems},
  issn={1566-2535},
  author={Dymitr Ruta and Bogdan Gabrys},
}

@inproceedings{10.1145/3067695.3076007,
  author={Malhotra, Ruchika and Khanna, Megha},
  title={Software Change Prediction Using Voting Particle Swarm Optimization Based Ensemble Classifier},
  year={2017},
  isbn={9781450349390},
  publisher={Association for Computing Machinery},
  address={New York, NY, USA},
  booktitle={Proceedings of the Genetic and Evolutionary Computation Conference Companion},
  location={Berlin, Germany},
  series={GECCO '17}
}

@ARTICLE{5467094,
  author={Liu, Yi and Khoshgoftaar, Taghi M. and Seliya, Naeem},
  journal={IEEE Transactions on Software Engineering},
  title={Evolutionary Optimization of Software Quality Modeling with Multiple Repositories},
  year={2010},
  volume={36},
  number={6},
}

@article{MOUSTAFA20182763,
  title={Software bug prediction using weighted majority voting techniques},
  journal={Alexandria Engineering Journal},
  volume={57},
  number={4},
  year={2018},
  issn={1110-0168},
  author={Sammar Moustafa and Mustafa Y. ElNainay and Nagwa El Makky and Mohamed S. Abougabal},
}

@INPROCEEDINGS{8679382,
  author={Sohan, Md. Fahimuzzman and Kabir, Md Alamgir and Jabiullah, Md. Ismail and Rahman, Sheikh Shah Mohammad Motiur},
  booktitle={ECCE},
  title={Revisiting the Class Imbalance Issue in Software Defect Prediction},
  year={2019},
  volume={},
  number={},
}

@article{ONAN20161,
  title={A multiobjective weighted voting ensemble classifier based on differential evolution algorithm for text sentiment classification},
  journal={Expert Systems with Applications},
  volume={62},
  year={2016},
  issn={0957-4174},
  author={Aytuğ Onan and Serdar Korukoğlu and Hasan Bulut},
}

@article{uddinVoting2021,
  author={Uddin, Gias and Gu\'{e}h\'{e}nuc, Yann-Ga\"{e}l and Khomh, Foutse and Roy, Chanchal K.},
  title={An Empirical Study of the Effectiveness of an Ensemble of Stand-Alone Sentiment Detection Tools for Software Engineering Datasets},
  year={2022},
  issue_date={July 2022},
  publisher={Association for Computing Machinery},
  address={New York, NY, USA},
  volume={31},
  number={3},
  issn={1049-331X},
  journal={ACM Trans. Softw. Eng. Methodol.},
  month={apr},
  articleno={48},
}


@inproceedings{10.1109/ICSE-NIER.2017.18,
  author={Gachechiladze, Daviti and Lanubile, Filippo and Novielli, Nicole and Serebrenik, Alexander},
  title={Anger and Its Direction in Collaborative Software Development},
  year={2017},
  isbn={9781538626757},
  publisher={IEEE Press},
  booktitle={Proceedings of the 39th International Conference on Software Engineering: New Ideas and Emerging Results Track},
  location={Buenos Aires, Argentina},
  series={ICSE-NIER '17}
}

%andere SLR:
@article{linSentiSLR22,
  author={Lin, Bin and Cassee, Nathan and Serebrenik, Alexander and Bavota, Gabriele and Novielli, Nicole and Lanza, Michele},
  title={Opinion Mining for Software Development: A Systematic Literature Review},
  year={2022},
  issue_date={July 2022},
  publisher={Association for Computing Machinery},
  address={New York, NY, USA},
  journal={ACM Trans. Softw. Eng. Methodol.},
  volume={31},
  number={3},
  issn={1049-331X},
  month={mar},
  articleno={38},
}

@techreport{sentianalyzerreport2022,
  author={Herrmann, Marc and Obaidi, Martin and Klünder, Jil},
  title={SEnti-Analyzer: Joint Sentiment Analysis For Text-Based and Verbal Communication in Software Projects},
  institution={Leibniz University Hannover},
  publisher={arXiv},
  year={2022},
  copyright={arXiv.org perpetual, non-exclusive license}
}

@article{obaidiSentiSMS22,
  title={Sentiment analysis tools in software engineering: A systematic mapping study},
  journal={IST},
  volume={151},
  year={2022},
  issn={0950-5849},
  author={Martin Obaidi and Lukas Nagel and Alexander Specht and Jil Klünder},
}

@article{herrmannSentiSurvey22,
  title={On the subjectivity of emotions in software projects: How reliable are pre-labeled data sets for sentiment analysis?},
  journal={JSS},
  volume={193},
  year={2022},
  issn={0164-1212},
  author={Marc Herrmann and Martin Obaidi and Larissa Chazette and Jil Klünder},
}

@thesis{ediss25295,
  title={Emotionserkennung bei Nachrichtenkommentaren mittels Convolutional Neural Networks und Label Propagationsverfahren},
  month={April},
  year={2019},
  author={Andreas Aschenbrenner},
  publisher={Ludwig-Maximilians-Universit{\"a}t M{\"u}nchen},
}

@misc{SurveyLeben2023,
  title={Was ist Ihnen für Ihre Lebensqualität wichtig?},
  author={Bertelsmann Stiftung},
  year={2010},
  howpublished={https://de.statista.com/statistik/daten/studie/163877/umfrage/umfrage-wichtige-faktoren-fuer-die-lebensqualitaet/},
}

@misc{Bundesregierung2020,
  title={Bericht der Bundesregierung zur Lebensqualität in Deutschland},
  author={Bundesregierung},
  year={2020},
}

@book{Cohen1988,
  title={Statistical Power Analysis for the Behavioral Sciences},
  author={Cohen, Jacob},
  year={1988},
  edition={2nd},
  publisher={Routledge},
}

@article{HurrelmannRichter2022,
  title={Determinanten der Gesundheit},
  author={Hurrelmann, Klaus and Richter, Matthias},
  year={2022},
  journal={Leitbegriffe der Gesundheitsförderung und Prävention. Glossar zu Konzepten, Strategien und Methoden},
  editor={Bundeszentrale für gesundheitliche Aufklärung (BZgA)},
}

@InProceedings{obaidi22cross,
  author={Obaidi, Martin and Holm, Henrik and Schneider, Kurt and Kl{\"u}nder, Jil},
  editor={Taibi, Davide and Kuhrmann, Marco and Mikkonen, Tommi and Kl{\"u}nder, Jil and Abrahamsson, Pekka},
  title={On the Limitations of Combining Sentiment Analysis Tools in a Cross-Platform Setting},
  booktitle={Product-Focused Software Process Improvement},
  year={2022},
  publisher={Springer International Publishing},
  address={Cham},
  isbn={978-3-031-21388-5}
}


@inproceedings{deters2023ondemand,
  title={Explanations on Demand-a Technique for Eliciting the Actual Need for Explanations},
  author={Deters, Hannah and Droste, Jakob and Fechner, Mathis and Kl{\"u}nder, Jil},
  booktitle={REW},
  year={2023},
  organization={IEEE}
}

@article{brunotte2023privacy,
  title={Privacy explanations--A means to end-user trust},
  author={Brunotte, Wasja and Specht, Alexander and Chazette, Larissa and Schneider, Kurt},
  journal={JSS},
  volume={195},
  year={2023},
  publisher={Elsevier}
}

@inproceedings{gruning2024stressful,
  title={A Stressful Explanation: The Dual Effect of Explainable Artificial Intelligence in Personal Health Management},
  author={Gr{\"u}ning, Maximilian and Wolf, Tobias and Trenz, Manuel},
  year={2024},
  isbn={978-0-9981331-7-1},
  booktitle={Proceedings of the 57th Hawaii International Conference on System Sciences},
}

@article{nunes2017systematic,
  title={A systematic review and taxonomy of explanations in decision support and recommender systems},
  author={Nunes, Ingrid and Jannach, Dietmar},
  journal={User Modeling and User-Adapted Interaction},
  volume={27},
  year={2017},
  publisher={Springer}
}

@article{fan2021interpretability,
  title={On interpretability of artificial neural networks: A survey},
  author={Fan, Feng-Lei and Xiong, Jinjun and Li, Mengzhou and Wang, Ge},
  journal={IEEE Transactions on Radiation and Plasma Medical Sciences},
  volume={5},
  number={6},
  year={2021},
  publisher={IEEE}
}

@article{zhang2021survey,
  title={A survey on neural network interpretability},
  author={Zhang, Yu and Ti{\v{n}}o, Peter and Leonardis, Ale{\v{s}} and Tang, Ke},
  journal={IEEE Transactions on Emerging Topics in Computational Intelligence},
  volume={5},
  number={5},
  year={2021},
  publisher={IEEE}
}

@InProceedings{deters2024qualitymodel,
  author="Deters, Hannah and Droste, Jakob and Obaidi, Martin and Schneider, Kurt",
  title={How Explainable Is Your System? Towards a Quality Model for Explainability},
  booktitle={REFSQ'24},
}

@inproceedings{deters2023expl,
  author={Deters, Hannah and Droste, Jakob and Schneider, Kurt},
  title={A Means to what End? Evaluating the Explainability of Software Systems using Goal Oriented Heuristics},
  booktitle={EASE'23},
}

@inproceedings{chazette2021exploring,
  title={Exploring explainability: a definition, a model, and a knowledge catalogue},
  author={Chazette, Larissa and Brunotte, Wasja and Speith, Timo},
  booktitle={RE},
  year={2021},
  organization={IEEE}
}

@article{carstensen2023zwischen,
  title={Zwischen Homeoffice, neuer Pr{\"a}senz und Care. Die r{\"a}umliche und digitale Neuordnung von Arbeit},
  author={Carstensen, Tanja},
  journal={WSI-Mitteilungen},
  volume={76},
  number={1},
  year={2023},
  publisher={Nomos Verlagsgesellschaft mbH \& Co. KG}
}

@book{neeley2021remote,
  title={Remote Work Revolution: Succeeding from Anywhere},
  author={Neeley, Tsedal},
  year={2021},
  publisher={Harper Business},
  address={New York}
}


@article{walter2008webclient,
  title={Der Webclient—Browser},
  author={Walter, Thomas and Walter, Thomas},
  journal={Kompendium der Web-Programmierung: Dynamische Web-Sites},
  year={2008},
  publisher={Springer}
}

@book{wang2012webclient,
  author={Wang, Paul S.},
  title={Dynamic Web Programming and HTML5},
  year={2012},
  isbn={1439871825},
  publisher={Chapman \& Hall}
}

@article{weisstein2004bonferroni,
  title={Bonferroni correction},
  author={Weisstein, Eric W},
  year={2004},
  publisher={Wolfram Research, Inc.},
  note={Accessed on 03.27.2024, 03:50 AM}
}

@article{rousseeuw1987silhouettes,
  title={Silhouettes: a graphical aid to the interpretation and validation of cluster analysis},
  author={Rousseeuw, Peter J},
  journal={Journal of computational and applied mathematics},
  volume={20},
  year={1987},
  publisher={Elsevier}
}

@article{halkidi2001clustering,
  title={On clustering validation techniques},
  author={Halkidi, Maria and Batistakis, Yannis and Vazirgiannis, Michalis},
  journal={Journal of intelligent information systems},
  volume={17},
  year={2001},
  publisher={Springer}
}

@inproceedings{buiten2023vision,
  title={A Vision on What Explanations of Autonomous Systems are of Interest to Lawyers},
  author={Buiten, Miriam C and Dennis, Louise A and Schwammberger, Maike},
  booktitle={REW},
  year={2023},
  organization={IEEE}
}

@inproceedings{sotgiu2022explainability,
  title={Explainability-based debugging of machine learning for vulnerability discovery},
  author={Sotgiu, Angelo and Pintor, Maura and Biggio, Battista},
  booktitle={Proceedings of the 17th International Conference on Availability, Reliability and Security},
  year={2022}
}

@inproceedings{kastner2021relation,
  title={On the relation of trust and explainability: Why to engineer for trustworthiness},
  author={K{\"a}stner, Lena and Langer, Markus and Lazar, Veronika and Schom{\"a}cker, Astrid and Speith, Timo and Sterz, Sarah},
  booktitle={REW'21},
}

@inproceedings{Harman2009correlation,
  author={Harman, Mark and Krinke, Jens and Ren, Jian and Yoo, Shin},
  title={Search based data sensitivity analysis applied to requirement engineering},
  year={2009},
  isbn={9781605583259},
  publisher={Association for Computing Machinery},
  address={New York, NY, USA},
  booktitle={Proceedings of the 11th Annual Conference on Genetic and Evolutionary Computation},
  location={Montreal, Qu\'{e}bec, Canada},
  series={GECCO '09}
}

@INPROCEEDINGS{Hayes2015correlationbugs,
  author={Hayes, Jane Huffman and Li, Wenbin and Yu, Tingting and Han, Xue and Hays, Mark and Woodson, Clinton},
  booktitle={AIRE},
  title={Measuring Requirement Quality to Predict Testability},
  year={2015},
  volume={},
  number={},
}
@article{stapel2012flow,
  title={FLOW-Methode-Methodenbeschreibung zur anwendung von FLOW},
  author={Stapel, Kai and Schneider, Kurt},
  journal={arXiv preprint arXiv:1202.5919},
  year={2012}
}

@Inbook{kuckartz2013statistik,
  author={Kuckartz, Udo and R{\}adiker, Stefan and Ebert, Thomas and Schehl, Julia},
  title={Korrelation: Zusammenh{\}ange identifizieren},
  bookTitle={Statistik: Eine verst{\}andliche Einf{\"u}hrung},
  year={2013},
  publisher={VS Verlag f{\}ur Sozialwissenschaften},
  address={Wiesbaden},
  isbn={978-3-531-19890-3}
}

@article{cohen1992power,
  title={A power primer.},
  author={Cohen, J},
  year={1992},
  number={1},
  volume={112},
  journal={American Psychological Association},
}

@INPROCEEDINGS{zhang2003regression,
  author={Zhang, B.},
  booktitle={Third IEEE International Conference on Data Mining},
  title={Regression clustering},
  year={2003},
  volume={},
  number={},
}

@Inbook{Kolmogorov2008,
  title={Kolmogorov--Smirnov Test},
  bookTitle={The Concise Encyclopedia of Statistics},
  year={2008},
  publisher={Springer New York},
  address={New York, NY},
  isbn={978-0-387-32833-1},
}

@article{pearson1900chi-square,
  author={ Karl Pearson},
  title={X. On the criterion that a given system of deviations from the probable in the case of a correlated system of variables is such that it can be reasonably supposed to have arisen from random sampling},
  journal={The London, Edinburgh, and Dublin Philosophical Magazine and Journal of Science},
  volume={50},
  number={302},
  year={1900},
  publisher={Taylor \& Francis},
  address={Oxfordshire},
}

@book{cramer1999mathematical,
  title={Mathematical methods of statistics},
  author={Cram{\'e}r, Harald},
  volume={26},
  year={1999},
  publisher={Princeton university press}
}

@INPROCEEDINGS{meyer2017cluster,
  author={Meyer, André N. and Zimmermann, Thomas and Fritz, Thomas},
  booktitle={ESEM},
  title={Characterizing Software Developers by Perceptions of Productivity},
  year={2017},
  volume={},
  number={},
}

@article{dibella2013cluster,
  title={A multivariate classification of open source developers},
  journal={Information Sciences},
  volume={221},
  year={2013},
  issn={0020-0255},
  author={Enrico {di Bella}and Alberto Sillitti and Giancarlo Succi},
}

@book{Jolliffe1986pca,
  author={Ian T. Jolliffe},
  title={Principal Component Analysis},
  series={Springer Series in Statistics (SSS)},
  publisher={Springer},
  year={1986},
  address={New York, NY, USA},
}

@ARTICLE{Mens2012complex,
  author={T. Mens},
  journal={Computer},
  title={On the Complexity of Software Systems},
  year={2012},
  volume={45},
  number={08},
  issn={1558-0814},
  publisher={IEEE Computer Society},
  address={Los Alamitos, CA, USA},
  month={aug}
}

@inproceedings{Antinyan2020complex,
  author={Antinyan, Vard},
  title={Revealing the complexity of automotive software},
  year={2020},
  publisher={Association for Computing Machinery},
  booktitle={ESEC/FSE'20},
}

@article{levy2021understanding,
  author={Levy, O. and Feitelson, D.G.},
  title={Understanding large-scale software systems – structure and flows},
  journal={Empirical Software Engineering},
  volume={26},
  number={1},
  year={2021},
}

@INPROCEEDINGS{Andrade2019usercomplex,
  author={Andrade, Hugo and Lwakatare, Lucy Ellen and Crnkovic, Ivica and Bosch, Jan},
  booktitle={SEAA},
  title={Software Challenges in Heterogeneous Computing: A Multiple Case Study in Industry},
  year={2019},
  volume={},
  number={},
}

@InProceedings{Gabbas2021usercomplex,
  author="Gabbas, Malika and Ryu, Yedam and Park, Jaehan and Kim, KwanMyung",
  title={Understanding Challenges of Designing for Complex Users by Adapting the Existing Framework},
  booktitle={Advances in Industrial Design},
  year={2021},
  publisher={Springer International Publishing},
}

@inproceedings{sadeghi2024explanation,
  author={Sadeghi, Mersedeh and P\"{o}ttgen, Daniel and Ebel, Patrick and Vogelsang, Andreas},
  title={Explaining the Unexplainable: The Impact of Misleading Explanations on Trust in Unreliable Predictions for Hardly Assessable Tasks},
  publisher={Association for Computing Machinery},
  booktitle={UMAP '24},
}

@inproceedings{ramos2021modeling,
  title={Modeling and evaluating personas with software explainability requirements},
  author={Ramos, Henrique and Fonseca, Mateus and Ponciano, Lesandro},
  booktitle={HCI-COLLAB'21},
  organization={Springer}
}

@ARTICLE{oberste2023explainabilityWithPriorKnowledge,
  author={Oberste, Luis and Heinzl, Armin},
  journal={IEEE Transactions on Artificial Intelligence},
  title={User-Centric Explainability in Healthcare: A Knowledge-Level Perspective of Informed Machine Learning},
  year={2023},
  volume={4},
  number={4},
}

@book{hosmer2013applied,
  title={Applied Logistic Regression},
  author={Hosmer, David W. and Lemeshow, Stanley and Sturdivant, Rodney X.},
  year={2013},
  publisher={John Wiley \& Sons, Inc.},
  address={Hoboken, NJ},
  isbn={9780470582473},
}

@inproceedings{Wiegand2020unexpected,
  author={Wiegand, Gesa and Eiband, Malin and Haubelt, Maximilian and Hussmann, Heinrich},
  title={“I’d like an Explanation for That!”Exploring Reactions to Unexpected Autonomous Driving},
  booktitle={MobileHCI'20},
  location={Oldenburg, Germany},
}

@article{Kim2023whatwhenexplain,
  author={Kim, Gwangbin and Yeo, Dohyeon and Jo, Taewoo and Rus, Daniela and Kim, SeungJun},
  title={What and When to Explain? On-road Evaluation of Explanations in Highly Automated Vehicles},
  year={2023},
  issue_date={September 2023},
  publisher={Association for Computing Machinery},
  address={New York, NY, USA},
  volume={7},
  number={3},
  journal={Proc. ACM Interact. Mob. Wearable Ubiquitous Technol.},
  month={sep},
  articleno={104},
}

@misc{obaidi_2024_correlation-apps,
  author       = {Obaidi, Martin},
  title        = {{Dataset: How Does Users' App Knowledge Influence 
                   the Preferred Detail and Format of Software
                   Explanations?}},
  month        = nov,
  year         = 2024,
  publisher    = {Zenodo},
  doi          = {10.5281/zenodo.13175641},
}

@article{kornbrot2014point,
  title={Point biserial correlation},
  author={Kornbrot, Diana},
  journal={Wiley StatsRef: Statistics Reference Online},
  year={2014},
  publisher={Wiley Online Library}
}

@article{cohen2009pearson,
  title={Pearson correlation coefficient},
  author={Cohen, Israel and Huang, Yiteng and Chen, Jingdong and Benesty, Jacob and Benesty, Jacob and Chen, Jingdong and Huang, Yiteng and Cohen, Israel},
  journal={Noise reduction in speech processing},
  year={2009},
  publisher={Springer}
}

@article{das2020XAISurvey,
  author={Arun Das and Paul Rad},
  title={Opportunities and Challenges in Explainable Artificial Intelligence {(XAI):}{A} Survey},
  journal={CoRR},
  volume={abs/2006.11371},
  year={2020},
  eprinttype={arXiv},
  eprint={2006.11371},
  timestamp={Tue, 31 Aug 2021 16:41:14 +0200},
  bibsource={dblp computer science bibliography, https://dblp.org}
}

@INPROCEEDINGS{chazette2022framework,
  author={Chazette, Larissa and Klös, Verena and Herzog, Florian and Schneider, Kurt},
  booktitle={RE},
  title={Requirements on Explanations: A Quality Framework for Explainability},
  year={2022},
  volume={},
  number={},
}

@article{id955_dominguez2020,
  author={Dominguez, Vicente and Donoso-Guzm\'{a}n, Ivania and Messina, Pablo and Parra, Denis},
  title={Algorithmic and HCI Aspects for Explaining Recommendations of Artistic Images},
  year={2020},
  issue_date={December 2020},
  publisher={Association for Computing Machinery},
  address={New York, NY, USA},
  volume={10},
  number={4},
  issn={2160-6455},
  journal={ACM Trans. Interact. Intell. Syst.},
  month={nov},
  articleno={30},
}

@inproceedings{id1313_muhammad2016,
  author={Muhammad, Khalil Ibrahim and Lawlor, Aonghus and Smyth, Barry},
  title={A Live-User Study of Opinionated Explanations for Recommender Systems},
  publisher={Association for Computing Machinery},
  booktitle={IUI'16},
}

@inproceedings{id731_bellini2018,
  author={Bellini, Vito and Schiavone, Angelo and Di Noia, Tommaso and Ragone, Azzurra and Di Sciascio, Eugenio},
  title={Knowledge-Aware Autoencoders for Explainable Recommender Systems},
  booktitle={DLRS'18},
}


@inproceedings{id770_tran2019,
  author={Tran, Thi Ngoc Trang and Atas, M\""{u}sl\""{u}m and Felfernig, Alexander and Le, Viet Man and Samer, Ralph and Stettinger, Martin},
  title={Towards Social Choice-Based Explanations in Group Recommender Systems},
  booktitle={UMAP'19},
}

@inproceedings{deters2024UXandExplainability,
  author={Deters, Hannah and Droste, Jakob and Hess, Anne and Kl\"{o}s, Verena and Schneider, Kurt and Speith, Timo and Vogelsang, Andreas},
  title={The X Factor: On the Relationship between User eXperience and eXplainability},
  publisher={Association for Computing Machinery},
  booktitle={NordiCHI'24},
}  

@INPROCEEDINGS{id708_wang2018,
  author={Wang, Xiting and Chen, Yiru and Yang, Jie and Wu, Le and Wu, Zhengtao and Xie, Xing},
  booktitle={ICDM},
  title={A Reinforcement Learning Framework for Explainable Recommendation},
  year={2018},
  volume={},
  number={},
}


@inproceedings{kizilcec2016trustAndTransparency,
  author={Kizilcec, Ren\'{e}F.},
  title={How Much Information? Effects of Transparency on Trust in an Algorithmic Interface},
  publisher={Association for Computing Machinery},
  booktitle={CHI'16},
}

@misc{droste_2024_suppl,
  author={Droste, Jakob and
  Deters, Hannah and
  Obaidi, Martin and
  Schneider, Kurt},
  title={{Supplementary Material - "Explanations in Everyday
  Software Systems: Towards a Taxonomy for
  Explainability Needs" (RE'24)}},
  month=mar,
  year=2024,
  publisher={Zenodo},
}

@inproceedings{xu2019roleOfUserMood,
  author={Xu, Luyan and Zhou, Xuan and Gadiraju, Ujwal},
  title={Revealing the Role of User Moods in Struggling Search Tasks},
  publisher={Association for Computing Machinery},
  booktitle={SIGIR'19},
}

@article{kortum2018impact,
  title={The impact of personality on the subjective assessment of usability},
  author={Kortum, Philip and Oswald, Frederick L},
  journal={International Journal of Human--Computer Interaction},
  volume={34},
  number={2},
  pages={177--186},
  year={2018},
  publisher={Taylor \& Francis}
}

@inproceedings{obaidi2025automatingexplanationneedmanagement,
  author = {Obaidi, Martin and Voß, Nicolas and Droste, Jakob and Deters, Hannah and Herrmann, Marc and Fischbach, Jannik and Schneider, Kurt},
  title = {Automating Explanation Need Management in App Reviews: A Case Study from the Navigation App Industry},
  year = {2025},
  location = {Ottawa, Canada},
  series = {ICSE-SEIP'25}
}

@InProceedings{obaidi2025mood,
author="Obaidi, Martin and Droste, Jakob and  Deters, Hannah and Herrmann, Marc and Kl{\"u}nder, Jil and Schneider, Kurt",
title="Do Users' Explainability Needs in Software Change with Mood?",
booktitle="REFSQ'25",
year="2025",
}

@InProceedings{obaidi2025appKonwledge,
author="Obaidi, Martin and Fischbach, Jannik and Herrmann, Marc and Deters, Hannah and Droste, Jakob and Kl{\"u}nder, Jil and Schneider, Kurt",
title="How Does Users' App Knowledge Influence the Preferred Level of Detail and Format of Software Explanations?",
booktitle="REFSQ'25",
year="2025",
}

@misc{goldstandard-explain-zenodo2024,
  author       = {Obaidi, Martin},
  title        = {{Dataset: Gold standard dataset for explainability 
                   need detection in app reviews.}},
  month        = sep,
  year         = 2024,
  publisher    = {Zenodo},
  doi          = {10.5281/zenodo.11522828},
  url          = {https://doi.org/10.5281/zenodo.11522828}
}