%introduction
@misc{apple-2023,
	author = {Apple},
	month = {12},
	title = {{Apple introduces spatial video capture on iPhone 15 Pro}},
	year = {2023},
	url = {https://www.apple.com/uk/newsroom/2023/12/apple-introduces-spatial-video-capture-on-iphone-15-pro/},
}

@inproceedings{quach2019learning,
  title={Learning convolutional transforms for lossy point cloud geometry compression},
  author={Quach, Maurice and Valenzise, Giuseppe and Dufaux, Frederic},
  booktitle={Proc. of IEEE International Conference on Image Processing (ICIP'19)},
  address={Taipei, Taiwan},
  year={2019},
  month={Mar.},
}

@misc{oculus,
    author = {Meta},
    title = {Oculus Quest II},
    url = {https://www.meta.com/quest/quest-pro/},
}

% datasets

@article{8iv2,
  title={8i voxelized surface light field dataset},
  author={Krivokuca, Maja and Chou, Philip A and others},
  year={2018},
  month={July},
}

@misc{MVUB,
    author = {Charles, Loop and Qin, Cai and others},
    title = {Microsoft Voxelized Upper Bodies - A Voxelized Point Cloud Dataset},
    url = {https://plenodb.jpeg.org/pc/microsoft},
    year = {2012},
}

@misc{Owlii,
    author = {Yi, Xu and Yao, Lu and Ziyu, Wen},
    title = {Owlii Dynamic human mesh sequence dataset},
    booktitle={120th MPEG Meeting},
    journal={ISO/IEC JTC1/SC29/WG11 m41658},
    year={2017},
    month={October},
    address={Macau},
}

% streaming techs
@misc{mpegpcc,
	author = {MPEG},
	title = {{GitHub - MPEGGroup/mpeg-pcc-tmc2: Video codec based point cloud compression}},
        url = {https://github.com/MPEGGroup/mpeg-pcc-tmc2},
        year={2020},
}

@book{jpeg,
	author = {JPEG},
	booktitle = {ISO/ IEC JTC1/SC29/WG1 JPEG Output Document N88014 (ISO)},
	title = {{Final Call for Evidence on JPEG Pleno Point Cloud Coding}},
        year={2020},
}
@misc{draco,
	author = {Google},
	title = {{Draco 3D Graphics Compression}},
	url = {https://google.github.io/draco/},
        year={2022},
}

% related work
@article{vahdat2021score,
  title={Score-based generative modeling in latent space},
  author={Vahdat, Arash and Kreis, Karsten and Kautz, Jan},
  journal={Advances in Neural Information Processing Systems},
  volume={34},
  pages={11287--11302},
  year={2021}
}

@article{sinha2021d2c,
  title={D2c: Diffusion-decoding models for few-shot conditional generation},
  author={Sinha, Abhishek and Song, Jiaming and Meng, Chenlin and others},
  journal={Advances in Neural Information Processing Systems},
  volume={34},
  pages={12533--12548},
  year={2021}
}

@inproceedings{takahashi2019variational,
  title={Variational autoencoder with implicit optimal priors},
  author={Takahashi, Hiroshi and Iwata, Tomoharu and Yamanaka, Yuki and Yamada, Masanori and Yagi, Satoshi},
booktitle={Proc. of Annual AAAI Conference on Artificial Intelligence (AAAI'19)},
address={Honolulu, HI, USA},
month={Feb.},
year={2019}
}

@article{nachmani2021ddgm,
  title={Denoising diffusion gamma models},
  author={Nachmani, Eliya and Roman, Robin San and Wolf, Lior},
  journal={arXiv preprint:2110.05948},
  year={2021}
}

@article{chang2023design,
  title={On the Design Fundamentals of Diffusion Models: A Survey},
  author={Chang, Ziyi and others},
  journal={arXiv:2306.04542},
  year={2023}
}

@article{croitoru2023diffusion,
  title={Diffusion models in vision: A survey},
  author={Croitoru, Florinel-Alin and Hondru, Vlad and Ionescu, Radu Tudor and Shah, Mubarak},
  journal={IEEE Transactions on Pattern Analysis and Machine Intelligence},
  year={2023},
}

@inproceedings{vladimirov2022security,
  title={Security and Privacy Protection Obstacles with 3D Reconstructed Models of People in Applications and the Metaverse: A Survey},
  author={Vladimirov, Ivaylo and others},
  booktitle={Proc. of International Scientific Conference on Information, Communication and Energy Systems and Technologies (ICEST'22)},
  address={Ohrid, North Macedonia},
  month={June},
  year={2022}
}

@article{ren2023hcnct,
  title={HCNCT: A Cross-chain Interaction Scheme for the Blockchain-based Metaverse},
  author={Ren, Yongjun and Lv, Zhiying and others},
  journal={ACM Transactions on Multimedia Computing, Communications and Applications},
  year={2023},
}

@article{ni2020security,
  title={Security and privacy for mobile edge caching: Challenges and solutions},
  author={Ni, Jianbing and Zhang, Kuan and Vasilakos, Athanasios V},
  journal={IEEE Wireless Communications},
  volume={28},
  number={3},
  pages={77--83},
  year={2020},
}

@inproceedings{tian2017geometric,
  title={Geometric distortion metrics for point cloud compression},
  author={Tian, Dong and Ochimizu, Hideaki and Feng, Chen and Cohen, Robert and Vetro, Anthony},
  booktitle={Proc. of IEEE International Conference on Image Processing (ICIP'17)},
  address={China},
  year={2017},
  month={Sept,}
}


@article{reisizadeh2020robust,
  title={Robust federated learning: The case of affine distribution shifts},
  author={Reisizadeh, Amirhossein and Farnia, Farzan and Pedarsani, Ramtin and Jadbabaie, Ali},
  journal={Advances in Neural Information Processing Systems},
  volume={33},
  pages={21554--21565},
  year={2020}
}

@article{zhuang2020comprehensive,
  title={A comprehensive survey on transfer learning},
  author={Zhuang, Fuzhen and Qi, Zhiyuan and Duan, Keyu and Xi, Dongbo and Zhu, Yongchun and Zhu, Hengshu and Xiong, Hui and He, Qing},
  journal={Proceedings of the IEEE},
  volume={109},
  number={1},
  pages={43--76},
  year={2020},
}

@article{dhariwal2021diffusion,
  title={Diffusion models beat gans on image synthesis},
  author={Dhariwal, Prafulla and Nichol, Alexander},
  journal={Advances in neural information processing systems},
  volume={34},
  pages={8780--8794},
  year={2021}
}


@misc{huang2021variational,
      title={A Variational Perspective on Diffusion-Based Generative Models and Score Matching}, 
      author={Chin-Wei Huang and Jae Hyun Lim and Aaron Courville},
      year={2021},
      eprint={2106.02808},
      archivePrefix={arXiv},
}

@article{kong2020diffwave,
  title={Diffwave: A versatile diffusion model for audio synthesis},
  author={Kong, Zhifeng and Ping, Wei and Huang, Jiaji and Zhao, Kexin and Catanzaro, Bryan},
  journal={arXiv preprint:2009.09761},
  year={2020}
}

@misc{ho2020ddpm,
      title={Denoising Diffusion Probabilistic Models}, 
      author={Jonathan Ho and Ajay Jain and Pieter Abbeel},
      year={2020},
      eprint={2006.11239},
      archivePrefix={arXiv}, 
}

@article{xu2022poisson,
  title={Poisson flow generative models},
  author={Xu, Yilun and Liu, Ziming and Tegmark, Max and others},
  journal={Advances in Neural Information Processing Systems},
  volume={35},
  pages={16782--16795},
  year={2022}
}

@inproceedings{rombach2022ldm,
  title={High-resolution image synthesis with latent diffusion models},
  author={Rombach, Robin and Blattmann, Andreas and Lorenz, Dominik and others},
booktitle={Proc. of IEEE/CVF Conference on Computer Vision and Pattern Recognition (CVPR'22)},
address={New Orleans, US},
month={Jun.},
year={2022}
}

@article{zeng2022lion,
  title={LION: Latent point diffusion models for 3D shape generation},
  author={Zeng, Xiaohui and others},
  journal={arXiv preprint:2210.06978},
  year={2022}
}

% evaluation
@incollection{pytorch,
title = {PyTorch: An Imperative Style, High-Performance Deep Learning Library},
author = {Paszke, Adam and Gross, Sam and others},
booktitle = {Advances in Neural Information Processing Systems},
pages = {8024--8035},
year = {2019},
publisher = {Curran Associates, Inc.},
url = {http://papers.neurips.cc/paper/9015-pytorch-an-imperative-style-high-performance-deep-learning-library.pdf}
}

@misc{HuggingFace,
author = {Hugging Face},
title = {{Hugging Face â€“ The AI community building the future.}},
url = {https://huggingface.co/},
}

@article{peng2021sap,
  title={Shape as points: A differentiable poisson solver},
  author={Peng, Songyou and Jiang, Chiyu and Liao, Yiyi and Niemeyer, Michael and others},
  journal={Advances in Neural Information Processing Systems},
  volume={34},
  pages={13032--13044},
  year={2021}
}

@inproceedings{meynet2020pcqm,
  title={PCQM: A full-reference quality metric for colored 3D point clouds},
  author={Meynet, Gabriel and Nehm{\'e}, Yana and Digne, Julie and others},
  booktitle={Proc. of IEEE International Conference on Quality of Multimedia Experience (QoMEX'20)},
  year={2020},
  month={May},
  address={Athlone, Ireland}
}

% related work
@inproceedings{lu2023pagoda,
  title={Pagoda: Privacy Protection for Volumetric Video Streaming through Poisson Diffusion Model},
  author={Lu, Rui and Wei, Lai and Zhu, Shuntao and Hu, Chuang and Wang, Dan},
  booktitle={Proc. of ACM International Conference on Multimedia (MM'23)},
  month={Oct.},
  address={Ottawa, Canada},
  year={2023}
}

@inproceedings{fu2022octattention,
  title={Octattention: Octree-based large-scale contexts model for point cloud compression},
  author={Fu, Chunyang and Li, Ge and Song, Rui and Gao, Wei and Liu, Shan},
booktitle={Proc. of Annual AAAI Conference on Artificial Intelligence (AAAI'22)},
year={2022},
month={Feb.},
address={Virtual},
}

@inproceedings{akhtar2020point,
  title={Point cloud geometry prediction across spatial scale using deep learning},
  author={Akhtar, Anique and others},
  booktitle={Proc. of IEEE Visual Communications and Image Processing (VCIP'20)},
year={2020},
address={},
month={Dec.},
}

@inproceedings{zhang2023gpccpp,
  title={G-PCC++: Enhanced Geometry-based Point Cloud Compression},
  author={Zhang, Junzhe and Chen, Tong and Ding, Dandan and others},
  booktitle={Proc. of ACM international conference on multimedia (MM'23)},
  month={Oct.},
  address={Ottawa, Canada},
  year={2023}
}

@inproceedings{huang2022shape,
  title={Shape-invariant 3d adversarial point clouds},
  author={Huang, Qidong and Dong, Xiaoyi and Chen, Dongdong and Zhou, Hang and Zhang, Weiming and Yu, Nenghai},
booktitle={Proc. of IEEE/CVF Conference on Computer Vision and Pattern Recognition (CVPR'22)},
address={New Orleans, LA, US},
month={Jun.},
year={2022}
}

@inproceedings{song2020eia,
  title={Information leakage in embedding models},
  author={Song, Congzheng and Raghunathan, Ananth},
  booktitle={Proc. of ACM SIGSAC Computer and Communications Security (CCS'20)},
  address={Virtual},
month={Nov.},
  year={2020}
}

@inproceedings{lu2022preva,
  title={Preva: Protecting Inference Privacy through Policy-based Video-frame Transformation},
  author={Lu, Rui and Shi, Siping and Wang, Dan and Hu, Chuang and Zhang, Bihai},
  booktitle={Proc. of IEEE/ACM Symposium on Edge Computing (SEC'22)},
  year={2022},
  address={Seattle, WA, USA},
  month={Dec.},
}

@inproceedings{fredrikson2015model,
  title={Model inversion attacks that exploit confidence information and basic countermeasures},
  author={Fredrikson, Matt and Jha, Somesh and Ristenpart, Thomas},
  booktitle={Proc. of ACM SIGSAC Computer and Communications Security (CCS'15)},
address={Denver, Colorado, US},
month={Oct.},
  year={2015}
}

@article{jegorova2022survey,
  title={Survey: Leakage and privacy at inference time},
  author={Jegorova, Marija and Kaul, Chaitanya and Mayor, Charlie and O'Neil, Alison Q and Weir, Alexander and Murray-Smith, Roderick and Tsaftaris, Sotirios A},
  journal={IEEE Transactions on Pattern Analysis and Machine Intelligence},
  year={2022},
}

@article{rigaki2023survey,
  title={A survey of privacy attacks in machine learning},
  author={Rigaki, Maria and Garcia, Sebastian},
  journal={ACM Computing Surveys},
  volume={56},
  number={4},
  pages={1--34},
  year={2023},
}

@inproceedings{hoffman2016elbo,
  title={Elbo surgery: yet another way to carve up the variational evidence lower bound},
  author={Hoffman, Matthew D and Johnson, Matthew J},
  booktitle={Workshop in Advances in Approximate Bayesian Inference},
  year={2016}
}

@inproceedings{gao2022openpointcloud,
  title={OpenPointCloud: An Open-Source Algorithm Library of Deep Learning Based Point Cloud Compression},
  author={Gao, Wei and Ye, Hua and others},
  booktitle={Proc. of ACM international conference on multimedia (MM'22)},
  address={Lisbon, Portugal},
month={Oct.},
  year={2022}
}

@inproceedings{brown2022does,
  title={What does it mean for a language model to preserve privacy?},
  author={Brown, Hannah and Lee, Katherine and Mireshghallah, Fatemehsadat and Shokri, Reza and others},
  booktitle={Proc. of ACM Conference on Fairness, Accountability, and Transparency (FAccT'22)},
  month={Jun.},
address={Seoul, South Korea},
  year={2022}
}

@inproceedings{dosovitskiy2016inverting,
  title={Inverting visual representations with convolutional networks},
  author={Dosovitskiy, Alexey and Brox, Thomas},
  booktitle={Proc. of IEEE/CVF Conference on Computer Vision and Pattern Recognition (CVPR'16)},
month={Jun.},
address={Las Vegas, NV, US},
year={2016}
}

@inproceedings{huang20193d,
  title={3d point cloud geometry compression on deep learning},
  author={Huang, Tianxin and Liu, Yong},
booktitle={Proc. of ACM international conference on multimedia (MM'19)},
address={Nice, France},
month={Oct.},
year={2019}
}

@article{graziosi2020pccoverview,
  title={Emerging MPEG standards for point cloud compression},
  author={Schwarz, Sebastian and Preda, Marius and Baroncini, Vittorio and Budagavi, Madhukar and Cesar, Pablo and Chou, Philip A and Cohen, Robert A and Krivoku{\'c}a, Maja and Li, Zhu and others},
  journal={IEEE Journal on Emerging and Selected Topics in Circuits and Systems},
  volume={9},
  number={1},
  pages={133--148},
  year={2018},
}
%Start here

@article{lvac,
      title={LVAC: Learned Volumetric Attribute Compression for Point Clouds using Coordinate Based Networks}, 
      author={Berivan Isik and others},
      journal={arXiv preprint:2111.08988},
      year={2021}
}
@inproceedings{pc_survey,
author = {Cao, Chao and Preda, Marius and Zaharia, Titus},
title = {3D Point Cloud Compression: A Survey},
month = {Jul.},
year = {2019},
address = {LA, USA},
booktitle={Proc. of ACM International Conference on 3D Web Technology (Web3D'19)}
}
@InProceedings{3dac,
    author    = {Fang, Guangchi and Hu, Qingyong and Wang, Hanyun and Xu, Yiling and Guo, Yulan},
    title     = {3DAC: Learning Attribute Compression for Point Clouds},
    booktitle = {Proc. of IEEE/CVF Conference on Computer Vision and Pattern Recognition (CVPR'22)},
    month     = {Jun.},
    year      = {2022},
    address = {New Orleans, LA, USA}
}
@INPROCEEDINGS{pcgcv2,
  author={Wang, Jianqiang and Ding, Dandan and Li, Zhu and Ma, Zhan},
  booktitle={Proc. of Data Compression Conference (DCC'21)}, 
  title={Multiscale Point Cloud Geometry Compression}, 
  year={2021},
  month = {Mar.},
address = {Virtual}
}

@article{spgan,
  title={{SP-GAN}:Sphere-Guided 3D Shape Generation and Manipulation},
  author={Li, Ruihui and Li, Xianzhi and Hui, Ke-Hei and others},
  journal={ACM Transactions on Graphics},
  volume={40},
  number={4},
  year={2021},
}

@ARTICLE{9127813,
  author={Guo, Yulan and Wang, Hanyun and others},
  journal={IEEE Transactions on Pattern Analysis and Machine Intelligence}, 
  title={Deep Learning for 3D Point Clouds: A Survey}, 
  year={2021},
  volume={43},
  number={12},
  pages={4338-4364}}

@inproceedings{pvcnn,
  title={Point-Voxel CNN for Efficient 3D Deep Learning},
  author={Liu, Zhijian and others},
  booktitle={Proc. of Advances in Neural Information Processing Systems (NeurIPS'19)},
month = {Dec.},
  year={2019},
address = {Vancouver, Canada}
}

@article{pcgcv1,
   title={Lossy Point Cloud Geometry Compression via End-to-End Learning},
   volume={31},
   number={12},
   journal={IEEE Transactions on Circuits and Systems for Video Technology},
   author={Wang, Jianqiang and Zhu, Hao and others},
   year={2021},
   month={Dec.}, 
pages={4909â€“4923} 
}

@ARTICLE{spcgc,
  author={Wang, Jianqiang and Ding, Dandan and Li, Zhu and Feng, Xiaoxing and others},
  journal={IEEE Transactions on Pattern Analysis and Machine Intelligence}, 
  title={Sparse Tensor-Based Multiscale Representation for Point Cloud Geometry Compression}, 
  year={2023},
  volume={45},
  number={7},
  pages={9055-9071},
}

@inproceedings{pccgeo,
   title={Learning Convolutional Transforms for Lossy Point Cloud Geometry Compression},
author={Quach, Maurice and Valenzise, Giuseppe and Dufaux, Frederic},
  booktitle={Proc. of IEEE International Conference on Image Processing (ICIP'19)},
  address={Taipei, Taiwan},
  year={2019},
  month={Mar.},
}
@INPROCEEDINGS{zhou,
  author={Zhou, Linqi and Du, Yilun and others},
  title={3D Shape Generation and Completion through Point-Voxel Diffusion}, 
  booktitle={Proc. of the IEEE/CVF International Conference on Computer Vision (ICCV'21)},
    year={2021},
    address={Virtual Event},
    month={Oct.}
}

@article{bowers2010parallel,
  title={Parallel Poisson disk sampling with spectrum analysis on surfaces},
  author={Bowers, John and Wang, Rui and Wei, Li-Yi and Maletz, David},
  journal={ACM Transactions on Graphics (TOG)},
  volume={29},
  number={6},
  pages={1--10},
  year={2010},
}

@InProceedings{squeeze,
author = {Hu, Jie and others},
title = {Squeeze-and-Excitation Networks},
booktitle = {Proc. of the IEEE Conference on Computer Vision and Pattern Recognition (CVPR'18)},
address = {Salt Lake City, UT, USA},
year = {2018}
}

@inproceedings{pointnet++,
author = {Qi, Charles R. and others},
title = {PointNet++: deep hierarchical feature learning on point sets in a metric space},
year = {2017},
booktitle = {Proceedings of the 31st International Conference on Neural Information Processing Systems (NIPS'17)},
address = {Long Beach, CA, USA}
}

@INPROCEEDINGS{uvgvpc,
  author={Gautier, Guillaume and others},
  booktitle={Proc. of 15th International Conference on Quality of Multimedia Experience (QoMEX'23)}, 
  title={UVG-VPC: Voxelized Point Cloud Dataset for Visual Volumetric Video-based Coding}, 
  year={2023},
address = {Ghent, Belgium}}

@INPROCEEDINGS{pccv2,
  author={Quach, Maurice and Valenzise, Giuseppe and Dufaux, Frederic},
  booktitle={Proceedings of the IEEE 22nd International Workshop on Multimedia Signal Processing (MMSP'20)}, 
  title={Improved Deep Point Cloud Geometry Compression},
address = {Virtual Event},
year = {2020}
  }
@INPROCEEDINGS{voxeldnn,
  author={Nguyen, Dat Thanh and Kaup, AndrÃ©},
  booktitle={Proceedings of the 29th IEEE International Conference on Image Processing (ICIP'22)}, 
  title={Learning-Based Lossless Point Cloud Geometry Coding Using Sparse Tensors}, 
  address ={Bordeaux, France},
year={2022}
}

@INPROCEEDINGS{msvoxeldnn,
  author={Nguyen, Dat Thanh and others},
  booktitle={Proceedings of the 10th IEEE International Conference on Multimedia \& Expo Workshops (ICMEW'21)}, 
  title={Multiscale deep context modeling for lossless point cloud geometry compression}, 
address = {Shenzhen, China},
year = {2021}
  }
@INPROCEEDINGS{vgvae,
  author={Anvekar, Tejas and Tabib, Ramesh Ashok and Hegde, Dikshit and Mudengudi, Uma},
  booktitle={Proc. of the 35th IEEE/CVF Conference on Computer Vision and Pattern Recognition Workshops (CVPRW)'22}, 
  title={VG-VAE: A Venatus Geometry Point-Cloud Variational Auto-Encoder}, 
address = {New Orleans, LA, USA},
year = {2022}
  }

@InProceedings{pdflow,
author="Mao, Aihua
and Du, Zihui
and Wen, Yu-Hui
and Xuan, Jun
and Liu, Yong-Jin",
title="PD-Flow: A Point Cloud Denoising Framework with Normalizing Flows",
booktitle="Proceedings of the 17th European Conference on Computer Vision (ECCV'22)",
address={Tel Aviv, Israel},
year = {2022}
}
@inproceedings{gpcc++,
author = {Zhang, Junzhe and others},
title = {G-PCC++: Enhanced Geometry-based Point Cloud Compression},
booktitle = {Proceedings of the 31st ACM International Conference on Multimedia (MM'23)},
address = {Ottawa, ON, Canada},
year = {2023}
}

@inproceedings{yoga,
author = {Zhang, Junteng and Chen, Tong and Ding, Dandan and Ma, Zhan},
title = {YOGA: Yet Another Geometry-based Point Cloud Compressor},
booktitle = {Proceedings of the 31st ACM International Conference on Multimedia (MM'23)},
address = {Ottawa, ON, Canada},
year = {2023}
}
@inproceedings{hermes,
author = {Wang, Yizong and Zhao, Dong and Zhang, Huanhuan and Huang, Chenghao and Gao, Teng and Guo, Zixuan and Pang, Liming and Ma, Huadong},
title = {Hermes: Leveraging Implicit Inter-Frame Correlation for Bandwidth-Efficient Mobile Volumetric Video Streaming},
booktitle = {Proceedings of the 31st ACM International Conference on Multimedia (MM'23)},
year = {2023},
address = {Ottawa, ON, Canada}
}

@inproceedings{patchdpcc,
  title={patchDPCC: A Patchwise Deep Compression Framework for Dynamic Point Clouds},
  author={Pan, Zirui and Xiao, Mengbai and Han, Xu and Yu, Dongxiao and others},
  booktitle={Proceedings of Conference on Artificial Intelligence, (AAAI'24)},
  address={Vancouver, BC, Canada},
  year={2024}
}

@inproceedings{kabm,
author = {Xia, Shuting and Fan, Tingyu and Xu, Yiling and Hwang, Jenq-Neng and Li, Zhu},
title = {Learning Dynamic Point Cloud Compression via Hierarchical Inter-frame Block Matching},
booktitle = {Proceedings of the 31st ACM International Conference on Multimedia (MM'23)},
year = {2023},
address = {Ottawa, ON, Canada}
}

@inproceedings{diffsinger,
  author       = {Jinglin Liu and
                  Chengxi Li and
                  Yi Ren and
                  Feiyang Chen and
                  Zhou Zhao},
  title        = {DiffSinger: Singing Voice Synthesis via Shallow Diffusion Mechanism},
  booktitle    = {Proceedings of the 36th AAAI Conference on Artificial Intelligence, (AAAI'22)},
address = {Virtual Event},
  year= {2022}
}

@inproceedings{octformer,
  title={OctFormer: Efficient octree-based transformer for point cloud compression with local enhancement},
  author={Cui, Mingyue and Long, Junhua and others},
  booktitle={Proc. of AAAI Conference on Artificial Intelligence, (AAAI'23)},
  address={Washington, DC, USA},
  year={2023}
}
@inproceedings{fashiondiff,
author = {Yan, Han and Zhang, Haijun and Mu, Xiangyu and Fan, Jicong and Zhang, Zhao},
title = {FashionDiff: A Controllable Diffusion Model Using Pairwise Fashion Elements for Intelligent Design},
booktitle = {Proceedings of the 31st ACM International Conference on Multimedia (MM'23)},
year = {2023},
address = {Ottawa, ON, Canada}
}

@inproceedings{unipaint,
author = {Yang, Shiyuan and Chen, Xiaodong and Liao, Jing},
title = {Uni-paint: A Unified Framework for Multimodal Image Inpainting with Pretrained Diffusion Model},
booktitle = {Proceedings of the 31st ACM International Conference on Multimedia (MM'23)},
year = {2023},
address = {Ottawa, ON, Canada}
}
@inproceedings{pde,
author = {Yang, Xiaodong and Shao, Yiting and Liu, Shan and Li, Thomas H. and Li, Ge},
title = {PDE-based Progressive Prediction Framework for Attribute Compression of 3D Point Clouds},
booktitle = {Proceedings of the 31st ACM International Conference on Multimedia (MM'23)},
year = {2023},
address = {Ottawa, ON, Canada}
}

@inproceedings{scp,
  title={SCP: Spherical-Coordinate-Based Learned Point Cloud Compression},
  author={Luo, Ao and Song, Linxin and Nonaka, Keisuke and Unno, Kyohei and Sun, Heming and Goto, Masayuki and Katto, Jiro},
  booktitle={Proceedings of the 38th AAAI Conference on Artificial Intelligence, (AAAI'24)},
address = {Vancouver, BC, Canada},
  year={2024}
}

@inproceedings{anomaly,
  title={Anomalydiffusion: Few-shot anomaly image generation with diffusion model},
  author={Hu, Teng and Zhang, Jiangning and Yi, Ran and others},
booktitle={Proceedings of the 38th AAAI Conference on Artificial Intelligence, (AAAI'24)},
address = {Vancouver, BC, Canada},
  year={2024}
}

@inproceedings{frido,
  title={Frido: Feature pyramid diffusion for complex scene image synthesis},
  author={Fan, Wan-Cyuan and Chen, Yen-Chun and Chen, DongDong and Cheng, Yu and others},
  booktitle={Proceedings of conference on artificial intelligence, (AAAI'23)},
address = {Washington, USA},
  year={2023}
}
@article{privacy_survey,
author = {Rigaki, Maria and Garcia, Sebastian},
title = {A Survey of Privacy Attacks in Machine Learning},
year = {2023},
issue_date = {April 2024},
journal = {ACM Comput. Surv.},
month = nov,
articleno = {101},
numpages = {34},
volume = {56},
number = {4}
}

@INPROCEEDINGS{cvpr_attack,
  author={Dosovitskiy, Alexey and Brox, Thomas},
  booktitle={2016 IEEE Conference on Computer Vision and Pattern Recognition (CVPR)}, 
  title={Inverting Visual Representations with Convolutional Networks}, 
  address = {Las Vegas, NV, USA},
  year={2016}}