@inproceedings{akhtar2020point,
  title={Point cloud geometry prediction across spatial scale using deep learning},
  author={Akhtar, Anique and others},
  booktitle={Proc. of IEEE Visual Communications and Image Processing (VCIP'20)},
year={2020},
address={},
month={Dec.},
}

@inproceedings{anomaly,
  title={Anomalydiffusion: Few-shot anomaly image generation with diffusion model},
  author={Hu, Teng and Zhang, Jiangning and Yi, Ran and others},
booktitle={Proceedings of the 38th AAAI Conference on Artificial Intelligence, (AAAI'24)},
address = {Vancouver, BC, Canada},
  year={2024}
}

@inproceedings{brown2022does,
  title={What does it mean for a language model to preserve privacy?},
  author={Brown, Hannah and Lee, Katherine and Mireshghallah, Fatemehsadat and Shokri, Reza and others},
  booktitle={Proc. of ACM Conference on Fairness, Accountability, and Transparency (FAccT'22)},
  month={Jun.},
address={Seoul, South Korea},
  year={2022}
}

@article{chang2023design,
  title={On the Design Fundamentals of Diffusion Models: A Survey},
  author={Chang, Ziyi and others},
  journal={arXiv:2306.04542},
  year={2023}
}

@article{croitoru2023diffusion,
  title={Diffusion models in vision: A survey},
  author={Croitoru, Florinel-Alin and Hondru, Vlad and Ionescu, Radu Tudor and Shah, Mubarak},
  journal={IEEE Transactions on Pattern Analysis and Machine Intelligence},
  year={2023},
}

@inproceedings{dosovitskiy2016inverting,
  title={Inverting visual representations with convolutional networks},
  author={Dosovitskiy, Alexey and Brox, Thomas},
  booktitle={Proc. of IEEE/CVF Conference on Computer Vision and Pattern Recognition (CVPR'16)},
month={Jun.},
address={Las Vegas, NV, US},
year={2016}
}

@misc{draco,
	author = {Google},
	title = {{Draco 3D Graphics Compression}},
	url = {https://google.github.io/draco/},
        year={2022},
}

@inproceedings{frido,
  title={Frido: Feature pyramid diffusion for complex scene image synthesis},
  author={Fan, Wan-Cyuan and Chen, Yen-Chun and Chen, DongDong and Cheng, Yu and others},
  booktitle={Proceedings of conference on artificial intelligence, (AAAI'23)},
address = {Washington, USA},
  year={2023}
}

@inproceedings{gao2022openpointcloud,
  title={OpenPointCloud: An Open-Source Algorithm Library of Deep Learning Based Point Cloud Compression},
  author={Gao, Wei and Ye, Hua and others},
  booktitle={Proc. of ACM international conference on multimedia (MM'22)},
  address={Lisbon, Portugal},
month={Oct.},
  year={2022}
}

@misc{ho2020ddpm,
      title={Denoising Diffusion Probabilistic Models}, 
      author={Jonathan Ho and Ajay Jain and Pieter Abbeel},
      year={2020},
      eprint={2006.11239},
      archivePrefix={arXiv}, 
}

@misc{huang2021variational,
      title={A Variational Perspective on Diffusion-Based Generative Models and Score Matching}, 
      author={Chin-Wei Huang and Jae Hyun Lim and Aaron Courville},
      year={2021},
      eprint={2106.02808},
      archivePrefix={arXiv},
}

@article{jegorova2022survey,
  title={Survey: Leakage and privacy at inference time},
  author={Jegorova, Marija and Kaul, Chaitanya and Mayor, Charlie and O'Neil, Alison Q and Weir, Alexander and Murray-Smith, Roderick and Tsaftaris, Sotirios A},
  journal={IEEE Transactions on Pattern Analysis and Machine Intelligence},
  year={2022},
}

@book{jpeg,
	author = {JPEG},
	booktitle = {ISO/ IEC JTC1/SC29/WG1 JPEG Output Document N88014 (ISO)},
	title = {{Final Call for Evidence on JPEG Pleno Point Cloud Coding}},
        year={2020},
}

@article{kong2020diffwave,
  title={Diffwave: A versatile diffusion model for audio synthesis},
  author={Kong, Zhifeng and Ping, Wei and Huang, Jiaji and Zhao, Kexin and Catanzaro, Bryan},
  journal={arXiv preprint:2009.09761},
  year={2020}
}

@inproceedings{lu2022preva,
  title={Preva: Protecting Inference Privacy through Policy-based Video-frame Transformation},
  author={Lu, Rui and Shi, Siping and Wang, Dan and Hu, Chuang and Zhang, Bihai},
  booktitle={Proc. of IEEE/ACM Symposium on Edge Computing (SEC'22)},
  year={2022},
  address={Seattle, WA, USA},
  month={Dec.},
}

@inproceedings{lu2023pagoda,
  title={Pagoda: Privacy Protection for Volumetric Video Streaming through Poisson Diffusion Model},
  author={Lu, Rui and Wei, Lai and Zhu, Shuntao and Hu, Chuang and Wang, Dan},
  booktitle={Proc. of ACM International Conference on Multimedia (MM'23)},
  month={Oct.},
  address={Ottawa, Canada},
  year={2023}
}

@misc{mpegpcc,
	author = {MPEG},
	title = {{GitHub - MPEGGroup/mpeg-pcc-tmc2: Video codec based point cloud compression}},
        url = {https://github.com/MPEGGroup/mpeg-pcc-tmc2},
        year={2020},
}

@article{nachmani2021ddgm,
  title={Denoising diffusion gamma models},
  author={Nachmani, Eliya and Roman, Robin San and Wolf, Lior},
  journal={arXiv preprint:2110.05948},
  year={2021}
}

@article{ni2020security,
  title={Security and privacy for mobile edge caching: Challenges and solutions},
  author={Ni, Jianbing and Zhang, Kuan and Vasilakos, Athanasios V},
  journal={IEEE Wireless Communications},
  volume={28},
  number={3},
  pages={77--83},
  year={2020},
}

@INPROCEEDINGS{pcgcv2,
  author={Wang, Jianqiang and Ding, Dandan and Li, Zhu and Ma, Zhan},
  booktitle={Proc. of Data Compression Conference (DCC'21)}, 
  title={Multiscale Point Cloud Geometry Compression}, 
  year={2021},
  month = {Mar.},
address = {Virtual}
}

@article{ren2023hcnct,
  title={HCNCT: A Cross-chain Interaction Scheme for the Blockchain-based Metaverse},
  author={Ren, Yongjun and Lv, Zhiying and others},
  journal={ACM Transactions on Multimedia Computing, Communications and Applications},
  year={2023},
}

@article{rigaki2023survey,
  title={A survey of privacy attacks in machine learning},
  author={Rigaki, Maria and Garcia, Sebastian},
  journal={ACM Computing Surveys},
  volume={56},
  number={4},
  pages={1--34},
  year={2023},
}

@inproceedings{rombach2022ldm,
  title={High-resolution image synthesis with latent diffusion models},
  author={Rombach, Robin and Blattmann, Andreas and Lorenz, Dominik and others},
booktitle={Proc. of IEEE/CVF Conference on Computer Vision and Pattern Recognition (CVPR'22)},
address={New Orleans, US},
month={Jun.},
year={2022}
}

@article{sinha2021d2c,
  title={D2c: Diffusion-decoding models for few-shot conditional generation},
  author={Sinha, Abhishek and Song, Jiaming and Meng, Chenlin and others},
  journal={Advances in Neural Information Processing Systems},
  volume={34},
  pages={12533--12548},
  year={2021}
}

@ARTICLE{spcgc,
  author={Wang, Jianqiang and Ding, Dandan and Li, Zhu and Feng, Xiaoxing and others},
  journal={IEEE Transactions on Pattern Analysis and Machine Intelligence}, 
  title={Sparse Tensor-Based Multiscale Representation for Point Cloud Geometry Compression}, 
  year={2023},
  volume={45},
  number={7},
  pages={9055-9071},
}

@article{spgan,
  title={{SP-GAN}:Sphere-Guided 3D Shape Generation and Manipulation},
  author={Li, Ruihui and Li, Xianzhi and Hui, Ke-Hei and others},
  journal={ACM Transactions on Graphics},
  volume={40},
  number={4},
  year={2021},
}

@article{vahdat2021score,
  title={Score-based generative modeling in latent space},
  author={Vahdat, Arash and Kreis, Karsten and Kautz, Jan},
  journal={Advances in Neural Information Processing Systems},
  volume={34},
  pages={11287--11302},
  year={2021}
}

@inproceedings{vladimirov2022security,
  title={Security and Privacy Protection Obstacles with 3D Reconstructed Models of People in Applications and the Metaverse: A Survey},
  author={Vladimirov, Ivaylo and others},
  booktitle={Proc. of International Scientific Conference on Information, Communication and Energy Systems and Technologies (ICEST'22)},
  address={Ohrid, North Macedonia},
  month={June},
  year={2022}
}

@article{xu2022poisson,
  title={Poisson flow generative models},
  author={Xu, Yilun and Liu, Ziming and Tegmark, Max and others},
  journal={Advances in Neural Information Processing Systems},
  volume={35},
  pages={16782--16795},
  year={2022}
}

@article{zeng2022lion,
  title={LION: Latent point diffusion models for 3D shape generation},
  author={Zeng, Xiaohui and others},
  journal={arXiv preprint:2210.06978},
  year={2022}
}

@inproceedings{zhang2023gpccpp,
  title={G-PCC++: Enhanced Geometry-based Point Cloud Compression},
  author={Zhang, Junzhe and Chen, Tong and Ding, Dandan and others},
  booktitle={Proc. of ACM international conference on multimedia (MM'23)},
  month={Oct.},
  address={Ottawa, Canada},
  year={2023}
}

