@inproceedings{duan24,
    title = "{B}ot{C}hat: Evaluating {LLM}s' Capabilities of Having Multi-Turn Dialogues",
    author = "Duan, Haodong  and
      Wei, Jueqi  and
      Wang, Chonghua  and
      Liu, Hongwei  and
      Fang, Yixiao  and
      Zhang, Songyang  and
      Lin, Dahua  and
      Chen, Kai",
    editor = "Duh, Kevin  and
      Gomez, Helena  and
      Bethard, Steven",
    booktitle = "Findings of the Association for Computational Linguistics: NAACL 2024",
    month = jun,
    year = "2024",
    address = "Mexico City, Mexico",
    publisher = "Association for Computational Linguistics",
    url = "https://aclanthology.org/2024.findings-naacl.201/",
    doi = "10.18653/v1/2024.findings-naacl.201",
    pages = "3184--3200",
}

@misc{fu24,
      title={Imprompter: Tricking LLM Agents into Improper Tool Use}, 
      author={Xiaohan Fu and Shuheng Li and Zihan Wang and Yihao Liu and Rajesh K. Gupta and Taylor Berg-Kirkpatrick and Earlence Fernandes},
      year={2024},
      eprint={2410.14923},
      archivePrefix={arXiv},
      primaryClass={cs.CR},
      url={https://arxiv.org/abs/2410.14923}, 
}

@misc{jia24,
      title={Leveraging LLMs for Dialogue Quality Measurement}, 
      author={Jinghan Jia and Abi Komma and Timothy Leffel and Xujun Peng and Ajay Nagesh and Tamer Soliman and Aram Galstyan and Anoop Kumar},
      year={2024},
      eprint={2406.17304},
      archivePrefix={arXiv},
      primaryClass={cs.CL},
      url={https://arxiv.org/abs/2406.17304}, 
}

@inproceedings{kim23,
    title = "{SODA}: Million-scale Dialogue Distillation with Social Commonsense Contextualization",
    author = "Kim, Hyunwoo  and
      Hessel, Jack  and
      Jiang, Liwei  and
      West, Peter  and
      Lu, Ximing  and
      Yu, Youngjae  and
      Zhou, Pei  and
      Bras, Ronan  and
      Alikhani, Malihe  and
      Kim, Gunhee  and
      Sap, Maarten  and
      Choi, Yejin",
    editor = "Bouamor, Houda  and
      Pino, Juan  and
      Bali, Kalika",
    booktitle = "Proceedings of the 2023 Conference on Empirical Methods in Natural Language Processing",
    month = dec,
    year = "2023",
    address = "Singapore",
    publisher = "Association for Computational Linguistics",
    url = "https://aclanthology.org/2023.emnlp-main.799/",
    doi = "10.18653/v1/2023.emnlp-main.799",
    pages = "12930--12949",
}

@misc{suresh25,
      title={DiaSynth: Synthetic Dialogue Generation Framework for Low Resource Dialogue Applications}, 
      author={Sathya Krishnan Suresh and Wu Mengjun and Tushar Pranav and Eng Siong Chng},
      year={2025},
      eprint={2409.19020},
      archivePrefix={arXiv},
      primaryClass={cs.CL},
      url={https://arxiv.org/abs/2409.19020}, 
}

@misc{zhang24,
      title={A Comprehensive Analysis of the Effectiveness of Large Language Models as Automatic Dialogue Evaluators}, 
      author={Chen Zhang and Luis Fernando D'Haro and Yiming Chen and Malu Zhang and Haizhou Li},
      year={2024},
      eprint={2312.15407},
      archivePrefix={arXiv},
      primaryClass={cs.CL},
      url={https://arxiv.org/abs/2312.15407}, 
}

