@inproceedings{meng2021sdedit,
  title={SDEdit: Guided Image Synthesis and Editing with Stochastic Differential Equations},
  author={Meng, Chenlin and He, Yutong and Song, Yang and Song, Jiaming and Wu, Jiajun and Zhu, Jun-Yan and Ermon, Stefano},
  booktitle={International Conference on Learning Representations},
  year={2021}
}
@inproceedings{shan2023glaze,
  title={Glaze: Protecting Artists from Style Mimicry by $\{$Text-to-Image$\}$ Models},
  author={Shan, Shawn and Cryan, Jenna and Wenger, Emily and Zheng, Haitao and Hanocka, Rana and Zhao, Ben Y},
  booktitle={32nd USENIX Security Symposium (USENIX Security 23)},
  pages={2187--2204},
  year={2023}
}

@article{liang2023mist,
  title={Mist: Towards improved adversarial examples for diffusion models},
  author={Liang, Chumeng and Wu, Xiaoyu},
  journal={arXiv preprint arXiv:2305.12683},
  year={2023}
}
@article{cao2024impress,
  title={IMPRESS: Evaluating the Resilience of Imperceptible Perturbations Against Unauthorized Data Usage in Diffusion-Based Generative AI},
  author={Cao, Bochuan and Li, Changjiang and Wang, Ting and Jia, Jinyuan and Li, Bo and Chen, Jinghui},
  journal={Advances in Neural Information Processing Systems},
  volume={36},
  year={2024}
}
@inproceedings{rombach2022high,
  title={High-resolution image synthesis with latent diffusion models},
  author={Rombach, Robin and Blattmann, Andreas and Lorenz, Dominik and Esser, Patrick and Ommer, Bj{\"o}rn},
  booktitle={Proceedings of the IEEE/CVF conference on computer vision and pattern recognition},
  pages={10684--10695},
  year={2022}
}
@article{ramesh2022hierarchical,
  title={Hierarchical text-conditional image generation with clip latents},
  author={Ramesh, Aditya and Dhariwal, Prafulla and Nichol, Alex and Chu, Casey and Chen, Mark},
  journal={arXiv preprint arXiv:2204.06125},
  volume={1},
  number={2},
  pages={3},
  year={2022}
}
@article{ho2020denoising,
  title={Denoising diffusion probabilistic models},
  author={Ho, Jonathan and Jain, Ajay and Abbeel, Pieter},
  journal={Advances in neural information processing systems},
  volume={33},
  pages={6840--6851},
  year={2020}
}
@inproceedings{sohl2015deep,
  title={Deep unsupervised learning using nonequilibrium thermodynamics},
  author={Sohl-Dickstein, Jascha and Weiss, Eric and Maheswaranathan, Niru and Ganguli, Surya},
  booktitle={International conference on machine learning},
  pages={2256--2265},
  year={2015},
  organization={PMLR}
}
@inproceedings{kawar2023imagic,
  title={Imagic: Text-based real image editing with diffusion models},
  author={Kawar, Bahjat and Zada, Shiran and Lang, Oran and Tov, Omer and Chang, Huiwen and Dekel, Tali and Mosseri, Inbar and Irani, Michal},
  booktitle={Proceedings of the IEEE/CVF Conference on Computer Vision and Pattern Recognition},
  pages={6007--6017},
  year={2023}
}
@inproceedings{lugmayr2022repaint,
  title={Repaint: Inpainting using denoising diffusion probabilistic models},
  author={Lugmayr, Andreas and Danelljan, Martin and Romero, Andres and Yu, Fisher and Timofte, Radu and Van Gool, Luc},
  booktitle={Proceedings of the IEEE/CVF conference on computer vision and pattern recognition},
  pages={11461--11471},
  year={2022}
}
@inproceedings{corneanu2024latentpaint,
  title={LatentPaint: Image Inpainting in Latent Space With Diffusion Models},
  author={Corneanu, Ciprian and Gadde, Raghudeep and Martinez, Aleix M},
  booktitle={Proceedings of the IEEE/CVF Winter Conference on Applications of Computer Vision},
  pages={4334--4343},
  year={2024}
}
@article{goodfellow2014explaining,
  title={Explaining and harnessing adversarial examples},
  author={Goodfellow, Ian J and Shlens, Jonathon and Szegedy, Christian},
  journal={arXiv preprint arXiv:1412.6572},
  year={2014}
}

@article{Dixit2023,
  title={Meet The Three Artists Behind A Landmark Lawsuit Against AI Art Generators},
  author={Pranav Dixit},
  journal={Buzzfeed News},
  year={2023}
}

@article{Joseph2023,
  title={Class Action Filed Against Stability AI, Midjourney, and DeviantArt for DMCA Violations, Right of Publicity Violations, Unlawful Competition, Breach of TOS},
  author={Joseph Saveri Law Firm LLP},
  journal={PR Newswire},
  year={2023}
}

@inproceedings{li2022seeing,
  title={Seeing is living? rethinking the security of facial liveness verification in the deepfake era},
  author={Li, Changjiang and Wang, Li and Ji, Shouling and Zhang, Xuhong and Xi, Zhaohan and Guo, Shanqing and Wang, Ting},
  booktitle={31st USENIX Security Symposium (USENIX Security 22)},
  pages={2673--2690},
  year={2022}
}
@inproceedings{zhang2018unreasonable,
  title={The unreasonable effectiveness of deep features as a perceptual metric},
  author={Zhang, Richard and Isola, Phillip and Efros, Alexei A and Shechtman, Eli and Wang, Oliver},
  booktitle={Proceedings of the IEEE conference on computer vision and pattern recognition},
  pages={586--595},
  year={2018}
}
@article{wang2004image,
  title={Image quality assessment: from error visibility to structural similarity},
  author={Wang, Zhou and Bovik, Alan C and Sheikh, Hamid R and Simoncelli, Eero P},
  journal={IEEE transactions on image processing},
  volume={13},
  number={4},
  pages={600--612},
  year={2004},
  publisher={IEEE}
}
@article{huffman1952method,
  title={A method for the construction of minimum-redundancy codes},
  author={Huffman, David A},
  journal={Proceedings of the IRE},
  volume={40},
  number={9},
  pages={1098--1101},
  year={1952},
  publisher={IEEE}
}
@article{heusel2017gans,
  title={Gans trained by a two time-scale update rule converge to a local nash equilibrium},
  author={Heusel, Martin and Ramsauer, Hubert and Unterthiner, Thomas and Nessler, Bernhard and Hochreiter, Sepp},
  journal={Advances in neural information processing systems},
  volume={30},
  year={2017}
}
@inproceedings{mancini2018adding,
  title={Adding new tasks to a single network with weight transformations using binary masks},
  author={Mancini, Massimiliano and Ricci, Elisa and Caputo, Barbara and Rota Bulo, Samuel},
  booktitle={Proceedings of the European Conference on Computer Vision (ECCV) Workshops},
  pages={0--0},
  year={2018}
}

@inproceedings{ronneberger2015u,
  title={U-net: Convolutional networks for biomedical image segmentation},
  author={Ronneberger, Olaf and Fischer, Philipp and Brox, Thomas},
  booktitle={Medical image computing and computer-assisted intervention--MICCAI 2015: 18th international conference, Munich, Germany, October 5-9, 2015, proceedings, part III 18},
  pages={234--241},
  year={2015},
  organization={Springer}
}

@article{dhariwal2021diffusion,
  title={Diffusion models beat gans on image synthesis},
  author={Dhariwal, Prafulla and Nichol, Alexander},
  journal={Advances in neural information processing systems},
  volume={34},
  pages={8780--8794},
  year={2021}
}
@inproceedings{saharia2022palette,
  title={Palette: Image-to-image diffusion models},
  author={Saharia, Chitwan and Chan, William and Chang, Huiwen and Lee, Chris and Ho, Jonathan and Salimans, Tim and Fleet, David and Norouzi, Mohammad},
  booktitle={ACM SIGGRAPH 2022 conference proceedings},
  pages={1--10},
  year={2022}
}
@inproceedings{zhang2023inversion,
  title={Inversion-based style transfer with diffusion models},
  author={Zhang, Yuxin and Huang, Nisha and Tang, Fan and Huang, Haibin and Ma, Chongyang and Dong, Weiming and Xu, Changsheng},
  booktitle={Proceedings of the IEEE/CVF conference on computer vision and pattern recognition},
  pages={10146--10156},
  year={2023}
}

@misc{stablediffusion,
  title        = "Stability AI Image Models â€” Stability AI",
  author       = "{Stability.ai}",
  howpublished = "\url{https://stability.ai/stable-image}",
  year         = 2024,
  note         = "Accessed: 2024-07-25"
}
@article{gal2022image,
  title={An image is worth one word: Personalizing text-to-image generation using textual inversion},
  author={Gal, Rinon and Alaluf, Yuval and Atzmon, Yuval and Patashnik, Or and Bermano, Amit H and Chechik, Gal and Cohen-Or, Daniel},
  journal={arXiv preprint arXiv:2208.01618},
  year={2022}
}
@inproceedings{ruiz2023dreambooth,
  title={Dreambooth: Fine tuning text-to-image diffusion models for subject-driven generation},
  author={Ruiz, Nataniel and Li, Yuanzhen and Jampani, Varun and Pritch, Yael and Rubinstein, Michael and Aberman, Kfir},
  booktitle={Proceedings of the IEEE/CVF conference on computer vision and pattern recognition},
  pages={22500--22510},
  year={2023}
}
@inproceedings{hu2022lora,
  title={LoRA: Low-Rank Adaptation of Large Language Models},
  author={Hu, Edward J and Wallis, Phillip and Allen-Zhu, Zeyuan and Li, Yuanzhi and Wang, Shean and Wang, Lu and Chen, Weizhu and others},
  booktitle={International Conference on Learning Representations},
  year={2022}
}
@inproceedings{salman2023raising,
  title={Raising the cost of malicious AI-powered image editing},
  author={Salman, Hadi and Khaddaj, Alaa and Leclerc, Guillaume and Ilyas, Andrew and Madry, Aleksander},
  booktitle={Proceedings of the 40th International Conference on Machine Learning},
  pages={29894--29918},
  year={2023}
}
@inproceedings{liang2023adversarial,
  title={Adversarial example does good: preventing painting imitation from diffusion models via adversarial examples},
  author={Liang, Chumeng and Wu, Xiaoyu and Hua, Yang and Zhang, Jiaru and Xue, Yiming and Song, Tao and Xue, Zhengui and Ma, Ruhui and Guan, Haibing},
  booktitle={Proceedings of the 40th International Conference on Machine Learning},
  pages={20763--20786},
  year={2023}
}
@inproceedings{van2023anti,
  title={Anti-dreambooth: Protecting users from personalized text-to-image synthesis},
  author={Van Le, Thanh and Phung, Hao and Nguyen, Thuan Hoang and Dao, Quan and Tran, Ngoc N and Tran, Anh},
  booktitle={Proceedings of the IEEE/CVF International Conference on Computer Vision},
  pages={2116--2127},
  year={2023}
}
@inproceedings{xue2023toward,
  title={Toward effective protection against diffusion-based mimicry through score distillation},
  author={Xue, Haotian and Liang, Chumeng and Wu, Xiaoyu and Chen, Yongxin},
  booktitle={The Twelfth International Conference on Learning Representations},
  year={2023}
}
@inproceedings{liu2024metacloak,
  title={MetaCloak: Preventing Unauthorized Subject-driven Text-to-image Diffusion-based Synthesis via Meta-learning},
  author={Liu, Yixin and Fan, Chenrui and Dai, Yutong and Chen, Xun and Zhou, Pan and Sun, Lichao},
  booktitle={Proceedings of the IEEE/CVF Conference on Computer Vision and Pattern Recognition},
  pages={24219--24228},
  year={2024}
}
@article{liu2024investigating,
  title={Investigating and Defending Shortcut Learning in Personalized Diffusion Models},
  author={Liu, Yixin and Chen, Ruoxi and Sun, Lichao},
  journal={arXiv preprint arXiv:2406.18944},
  year={2024}
}
@inproceedings{nie2022diffusion,
  title={Diffusion Models for Adversarial Purification},
  author={Nie, Weili and Guo, Brandon and Huang, Yujia and Xiao, Chaowei and Vahdat, Arash and Anandkumar, Animashree},
  booktitle={International Conference on Machine Learning},
  pages={16805--16827},
  year={2022},
  organization={PMLR}
}
@inproceedings{zhao2024can,
  title={Can Protective Perturbation Safeguard Personal Data from Being Exploited by Stable Diffusion?},
  author={Zhao, Zhengyue and Duan, Jinhao and Xu, Kaidi and Wang, Chenan and Zhang, Rui and Du, Zidong and Guo, Qi and Hu, Xing},
  booktitle={Proceedings of the IEEE/CVF Conference on Computer Vision and Pattern Recognition},
  pages={24398--24407},
  year={2024}
}
@article{honig2024adversarial,
  title={Adversarial Perturbations Cannot Reliably Protect Artists From Generative AI},
  author={H{\"o}nig, Robert and Rando, Javier and Carlini, Nicholas and Tram{\`e}r, Florian},
  journal={arXiv preprint arXiv:2406.12027},
  year={2024}
}
@article{hessel2021clipscore,
  title={Clipscore: A reference-free evaluation metric for image captioning},
  author={Hessel, Jack and Holtzman, Ari and Forbes, Maxwell and Bras, Ronan Le and Choi, Yejin},
  journal={arXiv preprint arXiv:2104.08718},
  year={2021}
}
@inproceedings{shan2024nightshade,
  title={Nightshade: Prompt-Specific Poisoning Attacks on Text-to-Image Generative Models},
  author={Shan, Shawn and Ding, Wenxin and Passananti, Josephine and Wu, Stanley and Zheng, Haitao and Zhao, Ben Y},
  booktitle={2024 IEEE Symposium on Security and Privacy (SP)},
  pages={212--212},
  year={2024},
  organization={IEEE Computer Society}
}
@inproceedings{li2022blip,
  title={Blip: Bootstrapping language-image pre-training for unified vision-language understanding and generation},
  author={Li, Junnan and Li, Dongxu and Xiong, Caiming and Hoi, Steven},
  booktitle={International conference on machine learning},
  pages={12888--12900},
  year={2022},
  organization={PMLR}
}
@inproceedings{cao2018vggface2,
  title={Vggface2: A dataset for recognising faces across pose and age},
  author={Cao, Qiong and Shen, Li and Xie, Weidi and Parkhi, Omkar M and Zisserman, Andrew},
  booktitle={2018 13th IEEE international conference on automatic face \& gesture recognition (FG 2018)},
  pages={67--74},
  year={2018},
  organization={IEEE}
}

@inproceedings{karras2018progressive,
  title={Progressive Growing of GANs for Improved Quality, Stability, and Variation},
  author={Karras, Tero and Aila, Timo and Laine, Samuli and Lehtinen, Jaakko},
  booktitle={International Conference on Learning Representations},
  year={2018}
}
@inproceedings{deng2020retinaface,
  title={Retinaface: Single-shot multi-level face localisation in the wild},
  author={Deng, Jiankang and Guo, Jia and Ververas, Evangelos and Kotsia, Irene and Zafeiriou, Stefanos},
  booktitle={Proceedings of the IEEE/CVF conference on computer vision and pattern recognition},
  pages={5203--5212},
  year={2020}
}
@inproceedings{deng2019arcface,
  title={Arcface: Additive angular margin loss for deep face recognition},
  author={Deng, Jiankang and Guo, Jia and Xue, Niannan and Zafeiriou, Stefanos},
  booktitle={Proceedings of the IEEE/CVF conference on computer vision and pattern recognition},
  pages={4690--4699},
  year={2019}
}
@article{chen2024topiq,
  title={Topiq: A top-down approach from semantics to distortions for image quality assessment},
  author={Chen, Chaofeng and Mo, Jiadi and Hou, Jingwen and Wu, Haoning and Liao, Liang and Sun, Wenxiu and Yan, Qiong and Lin, Weisi},
  journal={IEEE Transactions on Image Processing},
  year={2024},
  publisher={IEEE}
}
@misc{pyiqa,
  title={{IQA-PyTorch}: PyTorch Toolbox for Image Quality Assessment},
  author={Chaofeng Chen and Jiadi Mo},
  year={2022},
  howpublished = "[Online]. Available: \url{https://github.com/chaofengc/IQA-PyTorch}"
}