@article{cao2024impress,
  title={IMPRESS: Evaluating the Resilience of Imperceptible Perturbations Against Unauthorized Data Usage in Diffusion-Based Generative AI},
  author={Cao, Bochuan and Li, Changjiang and Wang, Ting and Jia, Jinyuan and Li, Bo and Chen, Jinghui},
  journal={Advances in Neural Information Processing Systems},
  volume={36},
  year={2024}
}

@article{goodfellow2014explaining,
  title={Explaining and harnessing adversarial examples},
  author={Goodfellow, Ian J and Shlens, Jonathon and Szegedy, Christian},
  journal={arXiv preprint arXiv:1412.6572},
  year={2014}
}

@article{ho2020denoising,
  title={Denoising diffusion probabilistic models},
  author={Ho, Jonathan and Jain, Ajay and Abbeel, Pieter},
  journal={Advances in neural information processing systems},
  volume={33},
  pages={6840--6851},
  year={2020}
}

@article{honig2024adversarial,
  title={Adversarial Perturbations Cannot Reliably Protect Artists From Generative AI},
  author={H{\"o}nig, Robert and Rando, Javier and Carlini, Nicholas and Tram{\`e}r, Florian},
  journal={arXiv preprint arXiv:2406.12027},
  year={2024}
}

@inproceedings{hu2022lora,
  title={LoRA: Low-Rank Adaptation of Large Language Models},
  author={Hu, Edward J and Wallis, Phillip and Allen-Zhu, Zeyuan and Li, Yuanzhi and Wang, Shean and Wang, Lu and Chen, Weizhu and others},
  booktitle={International Conference on Learning Representations},
  year={2022}
}

@inproceedings{liang2023adversarial,
  title={Adversarial example does good: preventing painting imitation from diffusion models via adversarial examples},
  author={Liang, Chumeng and Wu, Xiaoyu and Hua, Yang and Zhang, Jiaru and Xue, Yiming and Song, Tao and Xue, Zhengui and Ma, Ruhui and Guan, Haibing},
  booktitle={Proceedings of the 40th International Conference on Machine Learning},
  pages={20763--20786},
  year={2023}
}

@article{liang2023mist,
  title={Mist: Towards improved adversarial examples for diffusion models},
  author={Liang, Chumeng and Wu, Xiaoyu},
  journal={arXiv preprint arXiv:2305.12683},
  year={2023}
}

@inproceedings{liu2024metacloak,
  title={MetaCloak: Preventing Unauthorized Subject-driven Text-to-image Diffusion-based Synthesis via Meta-learning},
  author={Liu, Yixin and Fan, Chenrui and Dai, Yutong and Chen, Xun and Zhou, Pan and Sun, Lichao},
  booktitle={Proceedings of the IEEE/CVF Conference on Computer Vision and Pattern Recognition},
  pages={24219--24228},
  year={2024}
}

@inproceedings{meng2021sdedit,
  title={SDEdit: Guided Image Synthesis and Editing with Stochastic Differential Equations},
  author={Meng, Chenlin and He, Yutong and Song, Yang and Song, Jiaming and Wu, Jiajun and Zhu, Jun-Yan and Ermon, Stefano},
  booktitle={International Conference on Learning Representations},
  year={2021}
}

@inproceedings{nie2022diffusion,
  title={Diffusion Models for Adversarial Purification},
  author={Nie, Weili and Guo, Brandon and Huang, Yujia and Xiao, Chaowei and Vahdat, Arash and Anandkumar, Animashree},
  booktitle={International Conference on Machine Learning},
  pages={16805--16827},
  year={2022},
  organization={PMLR}
}

@inproceedings{rombach2022high,
  title={High-resolution image synthesis with latent diffusion models},
  author={Rombach, Robin and Blattmann, Andreas and Lorenz, Dominik and Esser, Patrick and Ommer, Bj{\"o}rn},
  booktitle={Proceedings of the IEEE/CVF conference on computer vision and pattern recognition},
  pages={10684--10695},
  year={2022}
}

@inproceedings{ronneberger2015u,
  title={U-net: Convolutional networks for biomedical image segmentation},
  author={Ronneberger, Olaf and Fischer, Philipp and Brox, Thomas},
  booktitle={Medical image computing and computer-assisted intervention--MICCAI 2015: 18th international conference, Munich, Germany, October 5-9, 2015, proceedings, part III 18},
  pages={234--241},
  year={2015},
  organization={Springer}
}

@inproceedings{ruiz2023dreambooth,
  title={Dreambooth: Fine tuning text-to-image diffusion models for subject-driven generation},
  author={Ruiz, Nataniel and Li, Yuanzhen and Jampani, Varun and Pritch, Yael and Rubinstein, Michael and Aberman, Kfir},
  booktitle={Proceedings of the IEEE/CVF conference on computer vision and pattern recognition},
  pages={22500--22510},
  year={2023}
}

@inproceedings{salman2023raising,
  title={Raising the cost of malicious AI-powered image editing},
  author={Salman, Hadi and Khaddaj, Alaa and Leclerc, Guillaume and Ilyas, Andrew and Madry, Aleksander},
  booktitle={Proceedings of the 40th International Conference on Machine Learning},
  pages={29894--29918},
  year={2023}
}

@inproceedings{shan2023glaze,
  title={Glaze: Protecting Artists from Style Mimicry by $\{$Text-to-Image$\}$ Models},
  author={Shan, Shawn and Cryan, Jenna and Wenger, Emily and Zheng, Haitao and Hanocka, Rana and Zhao, Ben Y},
  booktitle={32nd USENIX Security Symposium (USENIX Security 23)},
  pages={2187--2204},
  year={2023}
}

@misc{stablediffusion,
  title        = "Stability AI Image Models â€” Stability AI",
  author       = "{Stability.ai}",
  howpublished = "\url{https://stability.ai/stable-image}",
  year         = 2024,
  note         = "Accessed: 2024-07-25"
}

@inproceedings{van2023anti,
  title={Anti-dreambooth: Protecting users from personalized text-to-image synthesis},
  author={Van Le, Thanh and Phung, Hao and Nguyen, Thuan Hoang and Dao, Quan and Tran, Ngoc N and Tran, Anh},
  booktitle={Proceedings of the IEEE/CVF International Conference on Computer Vision},
  pages={2116--2127},
  year={2023}
}

@inproceedings{xue2023toward,
  title={Toward effective protection against diffusion-based mimicry through score distillation},
  author={Xue, Haotian and Liang, Chumeng and Wu, Xiaoyu and Chen, Yongxin},
  booktitle={The Twelfth International Conference on Learning Representations},
  year={2023}
}

@inproceedings{zhao2024can,
  title={Can Protective Perturbation Safeguard Personal Data from Being Exploited by Stable Diffusion?},
  author={Zhao, Zhengyue and Duan, Jinhao and Xu, Kaidi and Wang, Chenan and Zhang, Rui and Du, Zidong and Guo, Qi and Hu, Xing},
  booktitle={Proceedings of the IEEE/CVF Conference on Computer Vision and Pattern Recognition},
  pages={24398--24407},
  year={2024}
}

