@inproceedings{brendel2018decision,
  title={Decision-Based Adversarial Attacks: Reliable Attacks Against Black-Box Machine Learning Models},
  author={Brendel, Wieland and Rauber, Jonas and Bethge, Matthias},
  booktitle={International Conference on Learning Representations},
  year={2018}
}

@inproceedings{brunner2019guessing,
  title={Guessing smart: Biased sampling for efficient black-box adversarial attacks},
  author={Brunner, Thomas and Diehl, Frederik and Le, Michael Truong and Knoll, Alois},
  booktitle={Proceedings of the IEEE/CVF International Conference on Computer Vision},
  pages={4958--4966},
  year={2019}
}

@inproceedings{cai2024frequency,
  title={Frequency-Aware GAN for Imperceptible Transfer Attack on 3D Point Clouds},
  author={Cai, Xiaowen and Tao, Yunbo and Liu, Daizong and Zhou, Pan and Qu, Xiaoye and Dong, Jianfeng and Tang, Keke and Sun, Lichao},
  booktitle={Proceedings of the 32nd ACM International Conference on Multimedia},
  pages={6162--6171},
  year={2024}
}

@inproceedings{carlini2017cw,
  title={Towards evaluating the robustness of neural networks},
  author={Carlini, Nicholas and Wagner, David},
  booktitle={2017 ieee symposium on security and privacy (sp)},
  pages={39--57},
  year={2017},
  organization={Ieee}
}

@inproceedings{chen2020hopskipjumpattack,
  title={Hopskipjumpattack: A query-efficient decision-based attack},
  author={Chen, Jianbo and Jordan, Michael I and Wainwright, Martin J},
  booktitle={2020 ieee symposium on security and privacy (sp)},
  pages={1277--1294},
  year={2020},
  organization={IEEE}
}

@article{chen2024anf,
  title={ANF: Crafting Transferable Adversarial Point Clouds via Adversarial Noise Factorization},
  author={Chen, Hai and Zhao, Shu and Yang, Xiao and Yan, Huanqian and He, Yuan and Xue, Hui and Qian, Fulan and Su, Hang},
  journal={IEEE Transactions on Big Data},
  year={2024},
  publisher={IEEE}
}

@inproceedings{cheng2021universal,
  title={Universal adversarial attack against 3D object tracking},
  author={Cheng, Riran and Sang, Nan and Zhou, Yinyuan and Wang, Xupeng},
  booktitle={2021 IEEE 23rd Int Conf on High Performance Computing \& Communications; 7th Int Conf on Data Science \& Systems; 19th Int Conf on Smart City; 7th Int Conf on Dependability in Sensor, Cloud \& Big Data Systems \& Application (HPCC/DSS/SmartCity/DependSys)},
  pages={34--40},
  year={2021},
  organization={IEEE}
}

@article{dong2022isometric,
  title={Isometric 3d adversarial examples in the physical world},
  author={Dong, Yinpeng and Zhu, Jun and Gao, Xiao-Shan and others},
  journal={Advances in Neural Information Processing Systems},
  volume={35},
  pages={19716--19731},
  year={2022}
}

@article{goodfellow2014FGSM,
  title={Explaining and harnessing adversarial examples},
  author={Goodfellow, Ian J and Shlens, Jonathon and Szegedy, Christian},
  journal={arXiv preprint arXiv:1412.6572},
  year={2014}
}

@inproceedings{hamdi2020advpc,
  title={Advpc: Transferable adversarial perturbations on 3d point clouds},
  author={Hamdi, Abdullah and Rojas, Sara and Thabet, Ali and Ghanem, Bernard},
  booktitle={Computer Vision--ECCV 2020: 16th European Conference, Glasgow, UK, August 23--28, 2020, Proceedings, Part XII 16},
  pages={241--257},
  year={2020},
  organization={Springer}
}

@inproceedings{he2023generating,
  title={Generating transferable 3d adversarial point cloud via random perturbation factorization},
  author={He, Bangyan and Liu, Jian and Li, Yiming and Liang, Siyuan and Li, Jingzhi and Jia, Xiaojun and Cao, Xiaochun},
  booktitle={Proceedings of the AAAI Conference on Artificial Intelligence},
  volume={37},
  number={1},
  pages={764--772},
  year={2023}
}

@inproceedings{huang2022siadv,
  title={Shape-invariant 3d adversarial point clouds},
  author={Huang, Qidong and Dong, Xiaoyi and Chen, Dongdong and Zhou, Hang and Zhang, Weiming and Yu, Nenghai},
  booktitle={Proceedings of the IEEE/CVF Conference on Computer Vision and Pattern Recognition},
  pages={15335--15344},
  year={2022}
}

@inproceedings{kim2021minimal,
  title={Minimal adversarial examples for deep learning on 3d point clouds},
  author={Kim, Jaeyeon and Hua, Binh-Son and Nguyen, Thanh and Yeung, Sai-Kit},
  booktitle={Proceedings of the IEEE/CVF International Conference on Computer Vision},
  pages={7797--7806},
  year={2021}
}

@article{li2020practical,
  title={Practical no-box adversarial attacks against dnns},
  author={Li, Qizhang and Guo, Yiwen and Chen, Hao},
  journal={Advances in Neural Information Processing Systems},
  volume={33},
  pages={12849--12860},
  year={2020}
}

@inproceedings{li2020qeba,
  title={Qeba: Query-efficient boundary-based blackbox attack},
  author={Li, Huichen and Xu, Xiaojun and Zhang, Xiaolu and Yang, Shuang and Li, Bo},
  booktitle={Proceedings of the IEEE/CVF conference on computer vision and pattern recognition},
  pages={1221--1230},
  year={2020}
}

@inproceedings{li2021nonlinear,
  title={Nonlinear projection based gradient estimation for query efficient blackbox attacks},
  author={Li, Huichen and Li, Linyi and Xu, Xiaojun and Zhang, Xiaolu and Yang, Shuang and Li, Bo},
  booktitle={International Conference on Artificial Intelligence and Statistics},
  pages={3142--3150},
  year={2021},
  organization={PMLR}
}

@article{li2022decision,
  title={Decision-Based Adversarial Attack With Frequency Mixup},
  author={Li, Xiu-Chuan and Zhang, Xu-Yao and Yin, Fei and Liu, Cheng-Lin},
  journal={IEEE Transactions on Information Forensics and Security},
  volume={17},
  pages={1038--1052},
  year={2022},
  publisher={IEEE}
}

@inproceedings{liu2019extending,
  title={Extending adversarial attacks and defenses to deep 3d point cloud classifiers},
  author={Liu, Daniel and Yu, Ronald and Su, Hao},
  booktitle={2019 IEEE International Conference on Image Processing (ICIP)},
  pages={2279--2283},
  year={2019},
  organization={IEEE}
}

@inproceedings{liu2020sink,
  title={Adversarial shape perturbations on 3d point clouds},
  author={Liu, Daniel and Yu, Ronald and Su, Hao},
  booktitle={Computer Vision--ECCV 2020 Workshops: Glasgow, UK, August 23--28, 2020, Proceedings, Part I 16},
  pages={88--104},
  year={2020},
  organization={Springer}
}

@article{liu2022boosting,
  title={Boosting 3d adversarial attacks with attacking on frequency},
  author={Liu, Binbin and Zhang, Jinlai and Zhu, Jihong},
  journal={IEEE Access},
  volume={10},
  pages={50974--50984},
  year={2022},
  publisher={IEEE}
}

@article{liu2022imperceptible,
  title={Imperceptible transfer attack and defense on 3d point cloud classification},
  author={Liu, Daizong and Hu, Wei},
  journal={IEEE transactions on pattern analysis and machine intelligence},
  volume={45},
  number={4},
  pages={4727--4746},
  year={2022},
  publisher={IEEE}
}

@inproceedings{lou2024hide,
  title={Hide in thicket: Generating imperceptible and rational adversarial perturbations on 3d point clouds},
  author={Lou, Tianrui and Jia, Xiaojun and Gu, Jindong and Liu, Li and Liang, Siyuan and He, Bangyan and Cao, Xiaochun},
  booktitle={Proceedings of the IEEE/CVF Conference on Computer Vision and Pattern Recognition},
  pages={24326--24335},
  year={2024}
}

@inproceedings{lu2023hard,
  title={Hard No-Box Adversarial Attack on Skeleton-Based Human Action Recognition with Skeleton-Motion-Informed Gradient},
  author={Lu, Zhengzhi and Wang, He and Chang, Ziyi and Yang, Guoan and Shum, Hubert PH},
  booktitle={Proceedings of the IEEE/CVF International Conference on Computer Vision},
  pages={4597--4606},
  year={2023}
}

@article{mou2024no,
  title={No-box Universal Adversarial Perturbations against Image Classifiers via Artificial Textures},
  author={Mou, Ningping and Guo, Binqing and Zhao, Lingchen and Wang, Cong and Zhao, Yue and Wang, Qian},
  journal={IEEE Transactions on Information Forensics and Security},
  year={2024},
  publisher={IEEE}
}

@article{naseer2018task,
  title={Task-generalizable adversarial attack based on perceptual metric},
  author={Naseer, Muzammal and Khan, Salman H and Rahman, Shafin and Porikli, Fatih},
  journal={arXiv preprint arXiv:1811.09020},
  year={2018}
}

@inproceedings{rampini2021universal,
  title={Universal spectral adversarial attacks for deformable shapes},
  author={Rampini, Arianna and Pestarini, Franco and Cosmo, Luca and Melzi, Simone and Rodola, Emanuele},
  booktitle={Proceedings of the IEEE/CVF conference on computer vision and pattern recognition},
  pages={3216--3226},
  year={2021}
}

@inproceedings{shi2022shape,
  title={Shape Prior Guided Attack: Sparser Perturbations on 3D Point Clouds},
  author={Shi, Zhenbo and Chen, Zhi and Xu, Zhenbo and Yang, Wei and Yu, Zhidong and Huang, Liusheng},
  booktitle={Proceedings of the AAAI Conference on Artificial Intelligence},
  volume={36},
  number={8},
  pages={8277--8285},
  year={2022}
}

@inproceedings{srinivasan2019black,
  title={Black-Box Decision based Adversarial Attack with Symmetric $\alpha$-stable Distribution},
  author={Srinivasan, Vignesh and Kuruoglu, Ercan E and M{\"u}ller, Klaus-Robert and Samek, Wojciech and Nakajima, Shinichi},
  booktitle={2019 27th European Signal Processing Conference (EUSIPCO)},
  pages={1--5},
  year={2019},
  organization={IEEE}
}

@article{sun2021adversarially,
  title={Adversarially robust 3d point cloud recognition using self-supervisions},
  author={Sun, Jiachen and Cao, Yulong and Choy, Christopher B and Yu, Zhiding and Anandkumar, Anima and Mao, Zhuoqing Morley and Xiao, Chaowei},
  journal={Advances in Neural Information Processing Systems},
  volume={34},
  pages={15498--15512},
  year={2021}
}

@article{sun2022towards,
  title={Towards lightweight black-box attack against deep neural networks},
  author={Sun, Chenghao and Zhang, Yonggang and Chaoqun, Wan and Wang, Qizhou and Li, Ya and Liu, Tongliang and Han, Bo and Tian, Xinmei},
  journal={Advances in Neural Information Processing Systems},
  volume={35},
  pages={19319--19331},
  year={2022}
}

@inproceedings{tang2023manifold,
  title={Deep manifold attack on point clouds via parameter plane stretching},
  author={Tang, Keke and Wu, Jianpeng and Peng, Weilong and Shi, Yawen and Song, Peng and Gu, Zhaoquan and Tian, Zhihong and Wang, Wenping},
  booktitle={Proceedings of the AAAI Conference on Artificial Intelligence},
  volume={37},
  number={2},
  pages={2420--2428},
  year={2023}
}

@inproceedings{tao20233dhacker,
  title={3DHacker: Spectrum-based decision boundary generation for hard-label 3D point cloud attack},
  author={Tao, Yunbo and Liu, Daizong and Zhou, Pan and Xie, Yulai and Du, Wei and Hu, Wei},
  booktitle={Proceedings of the IEEE/CVF International Conference on Computer Vision},
  pages={14340--14350},
  year={2023}
}

@inproceedings{tsai2020robust,
  title={Robust adversarial objects against deep learning models},
  author={Tsai, Tzungyu and Yang, Kaichen and Ho, Tsung-Yi and Jin, Yier},
  booktitle={Proceedings of the AAAI Conference on Artificial Intelligence},
  volume={34},
  number={01},
  pages={954--962},
  year={2020}
}

@article{wen2020geometry,
  title={Geometry-aware generation of adversarial point clouds},
  author={Wen, Yuxin and Lin, Jiehong and Chen, Ke and Chen, CL Philip and Jia, Kui},
  journal={IEEE Transactions on Pattern Analysis and Machine Intelligence},
  volume={44},
  number={6},
  pages={2984--2999},
  year={2020},
  publisher={IEEE}
}

@inproceedings{xiang2019generating,
  title={Generating 3d adversarial point clouds},
  author={Xiang, Chong and Qi, Charles R and Li, Bo},
  booktitle={Proceedings of the IEEE/CVF Conference on Computer Vision and Pattern Recognition},
  pages={9136--9144},
  year={2019}
}

@article{yao2023unsupervised,
  title={Unsupervised cycle-consistent adversarial attacks for visual object tracking},
  author={Yao, Rui and Zhu, Xiangbin and Zhou, Yong and Shao, Zhiwen and Hu, Fuyuan and Zhang, Yanning},
  journal={Displays},
  volume={80},
  pages={102532},
  year={2023},
  publisher={Elsevier}
}

@inproceedings{zhang2019defense,
  title={Defense-pointnet: Protecting pointnet against adversarial attacks},
  author={Zhang, Yu and Liang, Gongbo and Salem, Tawfiq and Jacobs, Nathan},
  booktitle={2019 IEEE International Conference on Big Data (Big Data)},
  pages={5654--5660},
  year={2019}
}

@article{zhang2022practical,
  title={Practical no-box adversarial attacks with training-free hybrid image transformation},
  author={Zhang, Qilong and Zhang, Chaoning and Li, Chaoqun and Song, Jingkuan and Gao, Lianli},
  journal={arXiv preprint arXiv:2203.04607},
  year={2022}
}

@inproceedings{zhang2022unsupervised,
  title={Unsupervised graph poisoning attack via contrastive loss back-propagation},
  author={Zhang, Sixiao and Chen, Hongxu and Sun, Xiangguo and Li, Yicong and Xu, Guandong},
  booktitle={Proceedings of the ACM Web Conference 2022},
  pages={1322--1330},
  year={2022}
}

@article{zhang2023meshattack,
  title={3d adversarial attacks beyond point cloud},
  author={Zhang, Jinlai and Chen, Lyujie and Liu, Binbin and Ouyang, Bo and Xie, Qizhi and Zhu, Jihong and Li, Weiming and Meng, Yanmei},
  journal={Information Sciences},
  volume={633},
  pages={491--503},
  year={2023},
  publisher={Elsevier}
}

@article{zhang2024eidos,
  title={Eidos: Efficient, Imperceptible Adversarial 3D Point Clouds},
  author={Zhang, Hanwei and Cheng, Luo and He, Qisong and Huang, Wei and Li, Renjue and Sicre, Ronan and Huang, Xiaowei and Hermanns, Holger and Zhang, Lijun},
  journal={arXiv preprint arXiv:2405.14210},
  year={2024}
}

@article{zhang2024improving,
  title={Improving transferability of 3D adversarial attacks with scale and shear transformations},
  author={Zhang, Jinlai and Dong, Yinpeng and Zhu, Jun and Zhu, Jihong and Kuang, Minchi and Yuan, Xiaming},
  journal={Information Sciences},
  volume={662},
  pages={120245},
  year={2024},
  publisher={Elsevier}
}

@article{zhao2019unsupervised,
  title={Unsupervised adversarial attacks on deep feature-based retrieval with GAN},
  author={Zhao, Guoping and Zhang, Mingyu and Liu, Jiajun and Wen, Ji-Rong},
  journal={arXiv preprint arXiv:1907.05793},
  year={2019}
}

@inproceedings{zheng2019saliency,
  title={Pointcloud saliency maps},
  author={Zheng, Tianhang and Chen, Changyou and Yuan, Junsong and Li, Bo and Ren, Kui},
  booktitle={Proceedings of the IEEE/CVF International Conference on Computer Vision},
  pages={1598--1606},
  year={2019}
}

