@String{aaai         = {AAAI}}
@String{cvpr         = {CVPR}}
@String{iccv         = {ICCV}}
@String{nips         = {NeurIPS}}
@String{eccv         = {ECCV}}
@String{icml         = {ICML}}
@String{plmr         = {PLMR}}
@String{ijcai        = {IJCAI}}
@String{cviu         = {CVIU}}
@String{wacv         = {WACV}}
@String{iclr         = {ICLR}}
@String{iclrw         = {ICLR Workshop}}
@String{jmlr         = {JMLR}}
@String{tog          = {ACM TOG}}
@String{arxiv        = {arXiv:}}
@String{tvcg         = {IEEE TVCG}}
@String{iros         = {IROS}}
@String{miccai       = {MICCAI}}


@inproceedings{ho2020denoising,
  title={Denoising Diffusion Probabilistic Models},
  author={Ho, Jonathan and Jain, Ajay and Abbeel, Pieter},
  booktitle={Advances in Neural Information Processing Systems},
  volume={33},
  pages={6840--6851},
  year={2020}
}

@inproceedings{song2020denoising,
  title     = {Denoising Diffusion Implicit Models},
  author    = {Jiaming Song and Chenlin Meng and Stefano Ermon},
  booktitle = {International Conference on Learning Representations},
  year      = {2021},
}

@inproceedings{song2020score,
  author    = {Yang Song and Jascha Sohl{-}Dickstein and Diederik P. Kingma and Abhishek Kumar and Stefano Ermon and Ben Poole},
  title     = {Score-Based Generative Modeling through Stochastic Differential Equations},
  booktitle = {International Conference on Learning Representations},
  year      = {2021},
}

@techreport{slotnick2014cfd,
  title={CFD vision 2030 study: a path to revolutionary computational aerosciences},
  author={Slotnick, Jeffrey P and Khodadoust, Abdollah and Alonso, Juan and Darmofal, David and Gropp, William and Lurie, Elizabeth and Mavriplis, Dimitri J},
  year={2014}
}


@article{vahdat2022lion,
  title={LION: Latent Point Diffusion Models for 3D Shape Generation},
  author={Vahdat, Arash and Williams, Francis and Gojcic, Zan and Litany, Or and Fidler, Sanja and Kreis, Karsten and others},
  journal={Advances in Neural Information Processing Systems},
  volume={35},
  pages={10021--10039},
  year={2022}
}

@article{nichol2022point,
  title={Point-E: A System for Generating 3D Point Clouds from Complex Prompts},
  author={Nichol, Alex and Jun, Heewoo and Dhariwal, Prafulla and Mishkin, Pamela and Chen, Mark},
  journal={arXiv preprint arXiv:2212.08751},
  year={2022}
}

@inproceedings{ho2020ddpm,
  author = {Ho, Jonathan and Jain, Ajay and Abbeel, Pieter},
  booktitle = {Advances in Neural Information Processing Systems},
  title = {Denoising Diffusion Probabilistic Models},
  year = {2020}
}

############################## adversarial attacks
@article{goodfellow2014FGSM,
  title={Explaining and harnessing adversarial examples},
  author={Goodfellow, Ian J and Shlens, Jonathon and Szegedy, Christian},
  journal={arXiv preprint arXiv:1412.6572},
  year={2014}
}
@inproceedings{xiang2019generating,
  title={Generating 3d adversarial point clouds},
  author={Xiang, Chong and Qi, Charles R and Li, Bo},
  booktitle={Proceedings of the IEEE/CVF Conference on Computer Vision and Pattern Recognition},
  pages={9136--9144},
  year={2019}
}
@inproceedings{carlini2017cw,
  title={Towards evaluating the robustness of neural networks},
  author={Carlini, Nicholas and Wagner, David},
  booktitle={2017 ieee symposium on security and privacy (sp)},
  pages={39--57},
  year={2017},
  organization={Ieee}
}
@inproceedings{wicker2019robustness,
  title={Robustness of 3d deep learning in an adversarial setting},
  author={Wicker, Matthew and Kwiatkowska, Marta},
  booktitle={Proceedings of the IEEE Conference on Computer Vision and Pattern Recognition (CVPR)},
  pages={11767--11775},
  year={2019}
}
@inproceedings{zhao2020isometry,
  title={On isometry robustness of deep 3d point cloud models under adversarial attacks},
  author={Zhao, Yue and Wu, Yuwei and Chen, Caihua and Lim, Andrew},
  booktitle={Proceedings of the IEEE Conference on Computer Vision and Pattern Recognition (CVPR)},
  pages={1201--1210},
  year={2020}
}
@inproceedings{zhou2020lg,
  title={Lg-gan: Label guided adversarial network for flexible targeted attack of point cloud based deep networks},
  author={Zhou, Hang and Chen, Dongdong and Liao, Jing and Chen, Kejiang and Dong, Xiaoyi and Liu, Kunlin and Zhang, Weiming and Hua, Gang and Yu, Nenghai},
  booktitle={Proceedings of the IEEE Conference on Computer Vision and Pattern Recognition (CVPR)},
  pages={10356--10365},
  year={2020}
}
@inproceedings{tsai2020robust,
  title={Robust adversarial objects against deep learning models},
  author={Tsai, Tzungyu and Yang, Kaichen and Ho, Tsung-Yi and Jin, Yier},
  booktitle={Proceedings of the AAAI Conference on Artificial Intelligence},
  volume={34},
  number={01},
  pages={954--962},
  year={2020}
}
@inproceedings{liu2019extending,
  title={Extending adversarial attacks and defenses to deep 3d point cloud classifiers},
  author={Liu, Daniel and Yu, Ronald and Su, Hao},
  booktitle={2019 IEEE International Conference on Image Processing (ICIP)},
  pages={2279--2283},
  year={2019},
  organization={IEEE}
}
@inproceedings{zhang2019defense,
  title={Defense-pointnet: Protecting pointnet against adversarial attacks},
  author={Zhang, Yu and Liang, Gongbo and Salem, Tawfiq and Jacobs, Nathan},
  booktitle={2019 IEEE International Conference on Big Data (Big Data)},
  pages={5654--5660},
  year={2019}
}
@inproceedings{zheng2019saliency,
  title={Pointcloud saliency maps},
  author={Zheng, Tianhang and Chen, Changyou and Yuan, Junsong and Li, Bo and Ren, Kui},
  booktitle={Proceedings of the IEEE/CVF International Conference on Computer Vision},
  pages={1598--1606},
  year={2019}
}

@inproceedings{liu2020sink,
  title={Adversarial shape perturbations on 3d point clouds},
  author={Liu, Daniel and Yu, Ronald and Su, Hao},
  booktitle={Computer Vision--ECCV 2020 Workshops: Glasgow, UK, August 23--28, 2020, Proceedings, Part I 16},
  pages={88--104},
  year={2020},
  organization={Springer}
}
@inproceedings{kim2021minimal,
  title={Minimal adversarial examples for deep learning on 3d point clouds},
  author={Kim, Jaeyeon and Hua, Binh-Son and Nguyen, Thanh and Yeung, Sai-Kit},
  booktitle={Proceedings of the IEEE/CVF International Conference on Computer Vision},
  pages={7797--7806},
  year={2021}
}
@inproceedings{shi2022shape,
  title={Shape Prior Guided Attack: Sparser Perturbations on 3D Point Clouds},
  author={Shi, Zhenbo and Chen, Zhi and Xu, Zhenbo and Yang, Wei and Yu, Zhidong and Huang, Liusheng},
  booktitle={Proceedings of the AAAI Conference on Artificial Intelligence},
  volume={36},
  number={8},
  pages={8277--8285},
  year={2022}
}
@inproceedings{huang2022siadv,
  title={Shape-invariant 3d adversarial point clouds},
  author={Huang, Qidong and Dong, Xiaoyi and Chen, Dongdong and Zhou, Hang and Zhang, Weiming and Yu, Nenghai},
  booktitle={Proceedings of the IEEE/CVF Conference on Computer Vision and Pattern Recognition},
  pages={15335--15344},
  year={2022}
}
@article{dong2022isometric,
  title={Isometric 3d adversarial examples in the physical world},
  author={Dong, Yinpeng and Zhu, Jun and Gao, Xiao-Shan and others},
  journal={Advances in Neural Information Processing Systems},
  volume={35},
  pages={19716--19731},
  year={2022}
}

@article{zhang2023meshattack,
  title={3d adversarial attacks beyond point cloud},
  author={Zhang, Jinlai and Chen, Lyujie and Liu, Binbin and Ouyang, Bo and Xie, Qizhi and Zhu, Jihong and Li, Weiming and Meng, Yanmei},
  journal={Information Sciences},
  volume={633},
  pages={491--503},
  year={2023},
  publisher={Elsevier}
}
@inproceedings{tang2023manifold,
  title={Deep manifold attack on point clouds via parameter plane stretching},
  author={Tang, Keke and Wu, Jianpeng and Peng, Weilong and Shi, Yawen and Song, Peng and Gu, Zhaoquan and Tian, Zhihong and Wang, Wenping},
  booktitle={Proceedings of the AAAI Conference on Artificial Intelligence},
  volume={37},
  number={2},
  pages={2420--2428},
  year={2023}
}

@article{wen2020geometry,
  title={Geometry-aware generation of adversarial point clouds},
  author={Wen, Yuxin and Lin, Jiehong and Chen, Ke and Chen, CL Philip and Jia, Kui},
  journal={IEEE Transactions on Pattern Analysis and Machine Intelligence},
  volume={44},
  number={6},
  pages={2984--2999},
  year={2020},
  publisher={IEEE}
}
@inproceedings{hamdi2020advpc,
  title={Advpc: Transferable adversarial perturbations on 3d point clouds},
  author={Hamdi, Abdullah and Rojas, Sara and Thabet, Ali and Ghanem, Bernard},
  booktitle={Computer Vision--ECCV 2020: 16th European Conference, Glasgow, UK, August 23--28, 2020, Proceedings, Part XII 16},
  pages={241--257},
  year={2020},
  organization={Springer}
}
@article{liu2022boosting,
  title={Boosting 3d adversarial attacks with attacking on frequency},
  author={Liu, Binbin and Zhang, Jinlai and Zhu, Jihong},
  journal={IEEE Access},
  volume={10},
  pages={50974--50984},
  year={2022},
  publisher={IEEE}
}
@inproceedings{guo2019simple,
  title={Simple black-box adversarial attacks},
  author={Guo, Chuan and Gardner, Jacob and You, Yurong and Wilson, Andrew Gordon and Weinberger, Kilian},
  booktitle={International Conference on Machine Learning (ICML)},
  pages={2484--2493},
  year={2019}
}
@article{yang2020learning,
  title={Learning black-box attackers with transferable priors and query feedback},
  author={Yang, Jiancheng and Jiang, Yangzhou and Huang, Xiaoyang and Ni, Bingbing and Zhao, Chenglong},
  journal={Advances in Neural Information Processing Systems},
  volume={33},
  pages={12288--12299},
  year={2020}
}
@inproceedings{cai2024frequency,
  title={Frequency-Aware GAN for Imperceptible Transfer Attack on 3D Point Clouds},
  author={Cai, Xiaowen and Tao, Yunbo and Liu, Daizong and Zhou, Pan and Qu, Xiaoye and Dong, Jianfeng and Tang, Keke and Sun, Lichao},
  booktitle={Proceedings of the 32nd ACM International Conference on Multimedia},
  pages={6162--6171},
  year={2024}
}

#########Boundary-based 
@inproceedings{brendel2018decision,
  title={Decision-Based Adversarial Attacks: Reliable Attacks Against Black-Box Machine Learning Models},
  author={Brendel, Wieland and Rauber, Jonas and Bethge, Matthias},
  booktitle={International Conference on Learning Representations},
  year={2018}
}

@inproceedings{brunner2019guessing,
  title={Guessing smart: Biased sampling for efficient black-box adversarial attacks},
  author={Brunner, Thomas and Diehl, Frederik and Le, Michael Truong and Knoll, Alois},
  booktitle={Proceedings of the IEEE/CVF International Conference on Computer Vision},
  pages={4958--4966},
  year={2019}
}

@inproceedings{chen2020hopskipjumpattack,
  title={Hopskipjumpattack: A query-efficient decision-based attack},
  author={Chen, Jianbo and Jordan, Michael I and Wainwright, Martin J},
  booktitle={2020 ieee symposium on security and privacy (sp)},
  pages={1277--1294},
  year={2020},
  organization={IEEE}
}

@inproceedings{zhang2021progressive,
  title={Progressive-scale boundary blackbox attack via projective gradient estimation},
  author={Zhang, Jiawei and Li, Linyi and Li, Huichen and Zhang, Xiaolu and Yang, Shuang and Li, Bo},
  booktitle={International Conference on Machine Learning},
  pages={12479--12490},
  year={2021},
  organization={PMLR}
}
@inproceedings{srinivasan2019black,
  title={Black-Box Decision based Adversarial Attack with Symmetric $\alpha$-stable Distribution},
  author={Srinivasan, Vignesh and Kuruoglu, Ercan E and M{\"u}ller, Klaus-Robert and Samek, Wojciech and Nakajima, Shinichi},
  booktitle={2019 27th European Signal Processing Conference (EUSIPCO)},
  pages={1--5},
  year={2019},
  organization={IEEE}
}

@article{li2022decision,
  title={Decision-Based Adversarial Attack With Frequency Mixup},
  author={Li, Xiu-Chuan and Zhang, Xu-Yao and Yin, Fei and Liu, Cheng-Lin},
  journal={IEEE Transactions on Information Forensics and Security},
  volume={17},
  pages={1038--1052},
  year={2022},
  publisher={IEEE}
}

@inproceedings{li2020qeba,
  title={Qeba: Query-efficient boundary-based blackbox attack},
  author={Li, Huichen and Xu, Xiaojun and Zhang, Xiaolu and Yang, Shuang and Li, Bo},
  booktitle={Proceedings of the IEEE/CVF conference on computer vision and pattern recognition},
  pages={1221--1230},
  year={2020}
}

@inproceedings{li2021nonlinear,
  title={Nonlinear projection based gradient estimation for query efficient blackbox attacks},
  author={Li, Huichen and Li, Linyi and Xu, Xiaojun and Zhang, Xiaolu and Yang, Shuang and Li, Bo},
  booktitle={International Conference on Artificial Intelligence and Statistics},
  pages={3142--3150},
  year={2021},
  organization={PMLR}
}
@article{sun2021adversarially,
  title={Adversarially robust 3d point cloud recognition using self-supervisions},
  author={Sun, Jiachen and Cao, Yulong and Choy, Christopher B and Yu, Zhiding and Anandkumar, Anima and Mao, Zhuoqing Morley and Xiao, Chaowei},
  journal={Advances in Neural Information Processing Systems},
  volume={34},
  pages={15498--15512},
  year={2021}
}
@inproceedings{he2023generating,
  title={Generating transferable 3d adversarial point cloud via random perturbation factorization},
  author={He, Bangyan and Liu, Jian and Li, Yiming and Liang, Siyuan and Li, Jingzhi and Jia, Xiaojun and Cao, Xiaochun},
  booktitle={Proceedings of the AAAI Conference on Artificial Intelligence},
  volume={37},
  number={1},
  pages={764--772},
  year={2023}
}
@article{chen2024anf,
  title={ANF: Crafting Transferable Adversarial Point Clouds via Adversarial Noise Factorization},
  author={Chen, Hai and Zhao, Shu and Yang, Xiao and Yan, Huanqian and He, Yuan and Xue, Hui and Qian, Fulan and Su, Hang},
  journal={IEEE Transactions on Big Data},
  year={2024},
  publisher={IEEE}
}


######### Unsupervised adversarial
@article{alayrac2019labels,
  title={Are labels required for improving adversarial robustness?},
  author={Alayrac, Jean-Baptiste and Uesato, Jonathan and Huang, Po-Sen and Fawzi, Alhussein and Stanforth, Robert and Kohli, Pushmeet},
  journal={Advances in Neural Information Processing Systems},
  volume={32},
  year={2019}
}
@article{yao2023unsupervised,
  title={Unsupervised cycle-consistent adversarial attacks for visual object tracking},
  author={Yao, Rui and Zhu, Xiangbin and Zhou, Yong and Shao, Zhiwen and Hu, Fuyuan and Zhang, Yanning},
  journal={Displays},
  volume={80},
  pages={102532},
  year={2023},
  publisher={Elsevier}
}
@inproceedings{boing2021quality,
  title={Quality guarantees for autoencoders via unsupervised adversarial attacks},
  author={B{\"o}ing, Benedikt and Roy, Rajarshi and M{\"u}ller, Emmanuel and Neider, Daniel},
  booktitle={Machine Learning and Knowledge Discovery in Databases: European Conference, ECML PKDD 2020, Ghent, Belgium, September 14--18, 2020, Proceedings, Part II},
  pages={206--222},
  year={2021},
  organization={Springer}
}
@inproceedings{zhang2022unsupervised,
  title={Unsupervised graph poisoning attack via contrastive loss back-propagation},
  author={Zhang, Sixiao and Chen, Hongxu and Sun, Xiangguo and Li, Yicong and Xu, Guandong},
  booktitle={Proceedings of the ACM Web Conference 2022},
  pages={1322--1330},
  year={2022}
}
@article{naseer2018task,
  title={Task-generalizable adversarial attack based on perceptual metric},
  author={Naseer, Muzammal and Khan, Salman H and Rahman, Shafin and Porikli, Fatih},
  journal={arXiv preprint arXiv:1811.09020},
  year={2018}
}
@article{zhao2019unsupervised,
  title={Unsupervised adversarial attacks on deep feature-based retrieval with GAN},
  author={Zhao, Guoping and Zhang, Mingyu and Liu, Jiajun and Wen, Ji-Rong},
  journal={arXiv preprint arXiv:1907.05793},
  year={2019}
}

######### OT adversarial
@article{han2023ot,
  title={Ot-attack: Enhancing adversarial transferability of vision-language models via optimal transport optimization},
  author={Han, Dongchen and Jia, Xiaojun and Bai, Yang and Gu, Jindong and Liu, Yang and Cao, Xiaochun},
  journal={arXiv preprint arXiv:2312.04403},
  year={2023}
}
@inproceedings{labarbarie2024optimal,
  title={Optimal transport based adversarial patch to leverage large scale attack transferability},
  author={Labarbarie, Pol and Chan-Hon-Tong, Adrien and Herbin, St{\'e}phane and Leyli-Abadi, Milad},
  booktitle={The International Conference on Learning Representations (ICLR 2024)},
  year={2024}
}


######### most related
@inproceedings{tao20233dhacker,
  title={3DHacker: Spectrum-based decision boundary generation for hard-label 3D point cloud attack},
  author={Tao, Yunbo and Liu, Daizong and Zhou, Pan and Xie, Yulai and Du, Wei and Hu, Wei},
  booktitle={Proceedings of the IEEE/CVF International Conference on Computer Vision},
  pages={14340--14350},
  year={2023}
}
@inproceedings{moosavi2017universal,
  title={Universal adversarial perturbations},
  author={Moosavi-Dezfooli, Seyed-Mohsen and Fawzi, Alhussein and Fawzi, Omar and Frossard, Pascal},
  booktitle={Proceedings of the IEEE Conference on Computer Vision and Pattern Recognition (CVPR)},
  pages={1765--1773},
  year={2017}
}
@article{zhang2024improving,
  title={Improving transferability of 3D adversarial attacks with scale and shear transformations},
  author={Zhang, Jinlai and Dong, Yinpeng and Zhu, Jun and Zhu, Jihong and Kuang, Minchi and Yuan, Xiaming},
  journal={Information Sciences},
  volume={662},
  pages={120245},
  year={2024},
  publisher={Elsevier}
}
@article{zheng2024sr,
  title={SR-Adv: Salient Region Adversarial Attacks on 3D Point Clouds for Autonomous Driving},
  author={Zheng, Shijun and Liu, Weiquan and Guo, Yu and Zang, Yu and Shen, Siqi and Wen, Chenglu and Cheng, Ming and Zhong, Ping and Wang, Cheng},
  journal={IEEE Transactions on Intelligent Transportation Systems},
  year={2024},
  publisher={IEEE}
}
@inproceedings{chen2023advdiffuser,
  title={Advdiffuser: Natural adversarial example synthesis with diffusion models},
  author={Chen, Xinquan and Gao, Xitong and Zhao, Juanjuan and Ye, Kejiang and Xu, Cheng-Zhong},
  booktitle={Proceedings of the IEEE/CVF International Conference on Computer Vision},
  pages={4562--4572},
  year={2023}
}
@article{liu2023robust,
  title={Robust geometry-dependent attack for 3D point clouds},
  author={Liu, Daizong and Hu, Wei and Li, Xin},
  journal={IEEE Transactions on Multimedia},
  year={2023},
  publisher={IEEE}
}
@inproceedings{lou2024hide,
  title={Hide in thicket: Generating imperceptible and rational adversarial perturbations on 3d point clouds},
  author={Lou, Tianrui and Jia, Xiaojun and Gu, Jindong and Liu, Li and Liang, Siyuan and He, Bangyan and Cao, Xiaochun},
  booktitle={Proceedings of the IEEE/CVF Conference on Computer Vision and Pattern Recognition},
  pages={24326--24335},
  year={2024}
}
@article{zhang2024eidos,
  title={Eidos: Efficient, Imperceptible Adversarial 3D Point Clouds},
  author={Zhang, Hanwei and Cheng, Luo and He, Qisong and Huang, Wei and Li, Renjue and Sicre, Ronan and Huang, Xiaowei and Hermanns, Holger and Zhang, Lijun},
  journal={arXiv preprint arXiv:2405.14210},
  year={2024}
}
@inproceedings{rampini2021universal,
  title={Universal spectral adversarial attacks for deformable shapes},
  author={Rampini, Arianna and Pestarini, Franco and Cosmo, Luca and Melzi, Simone and Rodola, Emanuele},
  booktitle={Proceedings of the IEEE/CVF conference on computer vision and pattern recognition},
  pages={3216--3226},
  year={2021}
}
@inproceedings{cheng2021universal,
  title={Universal adversarial attack against 3D object tracking},
  author={Cheng, Riran and Sang, Nan and Zhou, Yinyuan and Wang, Xupeng},
  booktitle={2021 IEEE 23rd Int Conf on High Performance Computing \& Communications; 7th Int Conf on Data Science \& Systems; 19th Int Conf on Smart City; 7th Int Conf on Dependability in Sensor, Cloud \& Big Data Systems \& Application (HPCC/DSS/SmartCity/DependSys)},
  pages={34--40},
  year={2021},
  organization={IEEE}
}
@article{liu2022imperceptible,
  title={Imperceptible transfer attack and defense on 3d point cloud classification},
  author={Liu, Daizong and Hu, Wei},
  journal={IEEE transactions on pattern analysis and machine intelligence},
  volume={45},
  number={4},
  pages={4727--4746},
  year={2022},
  publisher={IEEE}
}

################################################ OT
@article{lei2019geometric,
  title={A geometric view of optimal transportation and generative model},
  author={Lei, Na and Su, Kehua and Cui, Li and Yau, Shing-Tung and Gu, Xianfeng David},
  journal={Computer Aided Geometric Design},
  volume={68},
  pages={1--21},
  year={2019},
  publisher={Elsevier}
}
@article{lei2020geometric,
  title={A geometric understanding of deep learning},
  author={Lei, Na and An, Dongsheng and Guo, Yang and Su, Kehua and Liu, Shixia and Luo, Zhongxuan and Yau, Shing-Tung and Gu, Xianfeng},
  journal={Engineering},
  volume={6},
  number={3},
  pages={361--374},
  year={2020},
  publisher={Elsevier}
}
@article{gu2016minkowski,
  title={Variational principles for Minkowski type problems, discrete optimal transport, and discrete Monge--Amp{\`e}re equations},
  author={Gu, Xianfeng and Luo, Feng and Sun, Jian and Yau, Shing-Tung},
  journal={Asian Journal of Mathematics},
  volume={20},
  number={2},
  pages={383--398},
  year={2016},
  publisher={International Press of Boston}
}
@article{an2019ae,
  title={Ae-ot: a new generative model based on extended semi-discrete optimal transport},
  author={An, Dongsheng and Guo, Yang and Lei, Na and Luo, Zhongxuan and Yau, Shing-Tung and Gu, Xianfeng},
  journal={ICLR 2020},
  year={2019}
}
@book{alexandrov2005convex,
  title={Convex polyhedra},
  author={Alexandrov, Alexandr D},
  volume={109},
  year={2005},
  publisher={Springer}
}
@book{villani2008optimal,
  title={Optimal transport: old and new},
  author={Villani, C{\'e}dric},
  volume={338},
  year={2008},
  publisher={Springer Science \& Business Media}
}
@article{caflisch1998monte,
  title={Monte carlo and quasi-monte carlo methods},
  author={Caflisch, Russel E},
  journal={Acta numerica},
  volume={7},
  pages={1--49},
  year={1998},
  publisher={Cambridge University Press}
}
@book{figalli2017monge,
  title={The Monge--Amp{\`e}re equation and its applications},
  author={Figalli, Alessio},
  year={2017}
}
@inproceedings{li2022weakly,
  title={Weakly supervised point cloud upsampling via optimal transport},
  author={Li, Zezeng and Wang, Weimin and Lei, Na and Wang, Rui},
  booktitle={ICASSP 2022-2022 IEEE International Conference on Acoustics, Speech and Signal Processing (ICASSP)},
  pages={2564--2568},
  year={2022},
  organization={IEEE}
}
@inproceedings{li2023dpm,
  title={DPM-OT: A New Diffusion Probabilistic Model Based on Optimal Transport},
  author={Li, Zezeng and Li, ShengHao and Wang, Zhanpeng and Lei, Na and Luo, Zhongxuan and Gu, Xianfeng},
  booktitle={Proceedings of the IEEE International Conference on Computer Vision},
  year={2023}
}
@article{li2022real,
  title={Real-World super-resolution under the guidance of optimal transport},
  author={Li, Zezeng and Lei, Na and Shi, Ji and Xue, Hao},
  journal={Machine Vision and Applications},
  volume={33},
  number={3},
  pages={48},
  year={2022},
  publisher={Springer}
}
@article{li2023ot,
  title={OT-Net: A Reusable Neural Optimal Transport Solver},
  author={Li, Zezeng and Li, Shenghao and Jin, Lianbao and Lei, Na and Luo, Zhongxuan},
  journal={Machine Learning},
  pages={1--26},
  year={2024},
  publisher={Springer}
}


@article{figalli2010regularity,
  title={Regularity properties of optimal maps between nonconvex domains in the plane},
  author={Figalli, Alessio},
  journal={Communications in Partial Differential Equations},
  volume={35},
  number={3},
  pages={465--479},
  year={2010},
  publisher={Taylor \& Francis}
}
@article{chen2017partial,
  title={Partial W2, p regularity for optimal transport maps},
  author={Chen, Shibing and Figalli, Alessio},
  journal={Journal of Functional Analysis},
  volume={272},
  number={11},
  pages={4588--4605},
  year={2017},
  publisher={Elsevier}
}
@article{Brenier1991,
  title={Polar factorization and monotone rearrangement of vector-valued functions},
  author={Brenier, Yann},
  journal={Communications on pure and applied mathematics},
  volume={44},
  number={4},
  pages={375--417},
  year={1991},
  publisher={Wiley Online Library}
}


################################################ vulnerability of DNNs
@inproceedings{athalye2018obfuscated,
  title={Obfuscated gradients give a false sense of security: Circumventing defenses to adversarial examples},
  author={Athalye, Anish and Carlini, Nicholas and Wagner, David},
  booktitle={International conference on machine learning},
  pages={274--283},
  year={2018},
  organization={PMLR}
}

@inproceedings{moosavi2016deepfool,
  title={Deepfool: a simple and accurate method to fool deep neural networks},
  author={Moosavi-Dezfooli, Seyed-Mohsen and Fawzi, Alhussein and Frossard, Pascal},
  booktitle={Proceedings of the IEEE conference on computer vision and pattern recognition},
  pages={2574--2582},
  year={2016}
}
@inproceedings{papernot2016limitations,
  title={The limitations of deep learning in adversarial settings},
  author={Papernot, Nicolas and McDaniel, Patrick and Jha, Somesh and Fredrikson, Matt and Celik, Z Berkay and Swami, Ananthram},
  booktitle={2016 IEEE European symposium on security and privacy (EuroS\&P)},
  pages={372--387},
  year={2016},
  organization={IEEE}
}
@article{szegedy2013intriguing,
  title={Intriguing properties of neural networks},
  author={Szegedy, C},
  journal={arXiv preprint arXiv:1312.6199},
  year={2013}
}


################################################ No-box
@article{li2020practical,
  title={Practical no-box adversarial attacks against dnns},
  author={Li, Qizhang and Guo, Yiwen and Chen, Hao},
  journal={Advances in Neural Information Processing Systems},
  volume={33},
  pages={12849--12860},
  year={2020}
}
@inproceedings{lu2023hard,
  title={Hard No-Box Adversarial Attack on Skeleton-Based Human Action Recognition with Skeleton-Motion-Informed Gradient},
  author={Lu, Zhengzhi and Wang, He and Chang, Ziyi and Yang, Guoan and Shum, Hubert PH},
  booktitle={Proceedings of the IEEE/CVF International Conference on Computer Vision},
  pages={4597--4606},
  year={2023}
}
@article{zhang2022practical,
  title={Practical no-box adversarial attacks with training-free hybrid image transformation},
  author={Zhang, Qilong and Zhang, Chaoning and Li, Chaoqun and Song, Jingkuan and Gao, Lianli},
  journal={arXiv preprint arXiv:2203.04607},
  year={2022}
}
@article{mou2024no,
  title={No-box Universal Adversarial Perturbations against Image Classifiers via Artificial Textures},
  author={Mou, Ningping and Guo, Binqing and Zhao, Lingchen and Wang, Cong and Zhao, Yue and Wang, Qian},
  journal={IEEE Transactions on Information Forensics and Security},
  year={2024},
  publisher={IEEE}
}
@article{sun2022towards,
  title={Towards lightweight black-box attack against deep neural networks},
  author={Sun, Chenghao and Zhang, Yonggang and Chaoqun, Wan and Wang, Qizhou and Li, Ya and Liu, Tongliang and Han, Bo and Tian, Xinmei},
  journal={Advances in Neural Information Processing Systems},
  volume={35},
  pages={19319--19331},
  year={2022}
}
@inproceedings{duboudin2022look,
  title={Look beyond bias with entropic adversarial data augmentation},
  author={Duboudin, Thomas and Dellandr{\'e}a, Emmanuel and Abgrall, Corentin and H{\'e}naff, Gilles and Chen, Liming},
  booktitle={2022 26th International Conference on Pattern Recognition (ICPR)},
  pages={2142--2148},
  year={2022},
  organization={IEEE}
}

################################################ misc
@inproceedings{wu20153dshapenets,
  title={3d shapenets: A deep representation for volumetric shapes},
  author={Wu, Zhirong and Song, Shuran and Khosla, Aditya and Yu, Fisher and Zhang, Linguang and Tang, Xiaoou and Xiao, Jianxiong},
  booktitle={Proceedings of the IEEE Conference on Computer Vision and Pattern Recognition (CVPR)},
  pages={1912--1920},
  year={2015}
}
@inproceedings{luo2021diffusion,
  title={Diffusion probabilistic models for 3d point cloud generation},
  author={Luo, Shitong and Hu, Wei},
  booktitle={Proceedings of the IEEE/CVF conference on computer vision and pattern recognition},
  pages={2837--2845},
  year={2021}
}
@inproceedings{yu2022point,
  title={Point-bert: Pre-training 3d point cloud transformers with masked point modeling},
  author={Yu, Xumin and Tang, Lulu and Rao, Yongming and Huang, Tiejun and Zhou, Jie and Lu, Jiwen},
  booktitle={Proceedings of the IEEE/CVF conference on computer vision and pattern recognition},
  pages={19313--19322},
  year={2022}
}
@inproceedings{qi2017pointnet,
  title={Pointnet: Deep learning on point sets for 3d classification and segmentation},
  author={Qi, Charles R and Su, Hao and Mo, Kaichun and Guibas, Leonidas J},
  booktitle={Proceedings of the IEEE Conference on Computer Vision and Pattern Recognition (CVPR)},
  pages={652--660},
  year={2017}
}
@inproceedings{qi2017pointnet++,
  title={Pointnet++: Deep hierarchical feature learning on point sets in a metric space},
  author={Qi, Charles R and Yi, Li and Su, Hao and Guibas, Leonidas J},
  booktitle={Advances in Neural Information Processing Systems (NIPS)},
  year={2017}
}
@article{wang2019dynamic,
  title={Dynamic graph cnn for learning on point clouds},
  author={Wang, Yue and Sun, Yongbin and Liu, Ziwei and Sarma, Sanjay E and Bronstein, Michael M and Solomon, Justin M},
  journal={ACM Transactions on Graphics (tog)},
  volume={38},
  number={5},
  pages={1--12},
  year={2019},
  publisher={Acm New York, NY, USA}
}
@inproceedings{wu2019pointconv,
  title={Pointconv: Deep convolutional networks on 3d point clouds},
  author={Wu, Wenxuan and Qi, Zhongang and Fuxin, Li},
  booktitle={Proceedings of the IEEE/CVF Conference on computer vision and pattern recognition},
  pages={9621--9630},
  year={2019}
}
@article{chang2015shapenet,
  title={Shapenet: An information-rich 3d model repository},
  author={Chang, Angel X and Funkhouser, Thomas and Guibas, Leonidas and Hanrahan, Pat and Huang, Qixing and Li, Zimo and Savarese, Silvio and Savva, Manolis and Song, Shuran and Su, Hao and others},
  journal={arXiv preprint arXiv:1512.03012},
  year={2015}
}
@inproceedings{geiger2012we,
  title={Are we ready for autonomous driving? the kitti vision benchmark suite},
  author={Geiger, Andreas and Lenz, Philip and Urtasun, Raquel},
  booktitle={2012 IEEE conference on computer vision and pattern recognition},
  pages={3354--3361},
  year={2012},
  organization={IEEE}
}
@inproceedings{caesar2020nuscenes,
  title={nuscenes: A multimodal dataset for autonomous driving},
  author={Caesar, Holger and Bankiti, Varun and Lang, Alex H and Vora, Sourabh and Liong, Venice Erin and Xu, Qiang and Krishnan, Anush and Pan, Yu and Baldan, Giancarlo and Beijbom, Oscar},
  booktitle={Proceedings of the IEEE/CVF conference on computer vision and pattern recognition},
  pages={11621--11631},
  year={2020}
}
@article{huttenlocher1993comparing,
  title={Comparing images using the Hausdorff distance},
  author={Huttenlocher, Daniel P and Klanderman, Gregory A. and Rucklidge, William J},
  journal={IEEE Transactions on pattern analysis and machine intelligence},
  volume={15},
  number={9},
  pages={850--863},
  year={1993},
  publisher={IEEE}
}
@inproceedings{fan2017point,
  title={A point set generation network for 3d object reconstruction from a single image},
  author={Fan, Haoqiang and Su, Hao and Guibas, Leonidas J},
  booktitle={Proceedings of the IEEE conference on computer vision and pattern recognition},
  pages={605--613},
  year={2017}
}
@article{guo2021pct,
  title={Pct: Point cloud transformer},
  author={Guo, Meng-Hao and Cai, Jun-Xiong and Liu, Zheng-Ning and Mu, Tai-Jiang and Martin, Ralph R and Hu, Shi-Min},
  journal={Computational Visual Media},
  volume={7},
  pages={187--199},
  year={2021},
  publisher={Springer}
}
@inproceedings{yang2019pointflow,
  title={Pointflow: 3d point cloud generation with continuous normalizing flows},
  author={Yang, Guandao and Huang, Xun and Hao, Zekun and Liu, Ming-Yu and Belongie, Serge and Hariharan, Bharath},
  booktitle={Proceedings of the IEEE/CVF international conference on computer vision},
  pages={4541--4550},
  year={2019}
}
@inproceedings{zhou2019dup,
  title={Dup-net: Denoiser and upsampler network for 3d adversarial point clouds defense},
  author={Zhou, Hang and Chen, Kejiang and Zhang, Weiming and Fang, Han and Zhou, Wenbo and Yu, Nenghai},
  booktitle={Proceedings of the IEEE/CVF international conference on computer vision},
  pages={1961--1970},
  year={2019}
}
@article{wu2020if,
  title={If-defense: 3d adversarial point cloud defense via implicit function based restoration},
  author={Wu, Ziyi and Duan, Yueqi and Wang, He and Fan, Qingnan and Guibas, Leonidas J},
  journal={arXiv preprint arXiv:2010.05272},
  year={2020}
}
@inproceedings{peng2020convolutional,
  title={Convolutional occupancy networks},
  author={Peng, Songyou and Niemeyer, Michael and Mescheder, Lars and Pollefeys, Marc and Geiger, Andreas},
  booktitle={Computer Vision--ECCV 2020: 16th European Conference, Glasgow, UK, August 23--28, 2020, Proceedings, Part III 16},
  pages={523--540},
  year={2020},
  organization={Springer}
}
@article{adam2014,
  title={Adam: A method for stochastic optimization},
  author={Kingma, Diederik P and Ba, Jimmy},
  journal={arXiv preprint arXiv:1412.6980},
  year={2014}
}