@INPROCEEDINGS{8579057,
  author={Le, Truc and Duan, Ye},
  booktitle={2018 IEEE/CVF Conference on Computer Vision and Pattern Recognition}, 
  title={PointGrid: A Deep Network for 3D Shape Understanding}, 
  year={2018},
  volume={},
  number={},
  pages={9204-9214},
  keywords={Three-dimensional displays;Shape;Computer architecture;Two dimensional displays;Feature extraction;Microprocessors},
  doi={10.1109/CVPR.2018.00959}}

@article{Pang_2023,
  title={Learning the Geodesic Embedding with Graph Neural Networks},
  author={Pang, Bo and Zheng, Zhongtian and Wang, Guoping and Wang, Peng-Shuai},
  journal={ACM Transactions on Graphics},
  volume={42},
  number={6},
  pages={1--12},
  year={2023},
  publisher={Association for Computing Machinery (ACM)},
  url={http://dx.doi.org/10.1145/3618317},
  doi={10.1145/3618317},
  month={dec},
  issn={1557-7368}
}

@misc{allen2022learning,
      title={Learning rigid dynamics with face interaction graph networks}, 
      author={Kelsey R. Allen and Yulia Rubanova and Tatiana Lopez-Guevara and William Whitney and Alvaro Sanchez-Gonzalez and Peter Battaglia and Tobias Pfaff},
      year={2022},
      eprint={2212.03574},
      archivePrefix={arXiv},
      primaryClass={cs.LG}
}

@article{antonietti2024agglomeration,
  title={Agglomeration of polygonal grids using graph neural networks with applications to multigrid solvers},
  author={Antonietti, Paola F and Farenga, Nicola and Manuzzi, Enrico and Martinelli, Gabriele and Saverio, Luca},
  journal={Computers \& Mathematics with Applications},
  volume={154},
  pages={45--57},
  year={2024},
  publisher={Elsevier}
}

@misc{bruna2013spectral,
  title={Spectral networks and locally connected networks on graphs},
  author={Bruna, Joan and Zaremba, Wojciech and Szlam, Arthur and LeCun, Yann},
  year={2013},
  eprint={1312.6203},
  archivePrefix={arXiv},
  primaryClass={cs.LG}
}

@misc{chen2023polygnn,
      title={PolyGNN: Polyhedron-based Graph Neural Network for 3D Building Reconstruction from Point Clouds}, 
      author={Zhaiyu Chen and Yilei Shi and Liangliang Nan and Zhitong Xiong and Xiao Xiang Zhu},
      year={2023},
      eprint={2307.08636},
      archivePrefix={arXiv},
      primaryClass={cs.CV}
}

@misc{cheng2023sdfusion,
      title={SDFusion: Multimodal 3D Shape Completion, Reconstruction, and Generation}, 
      author={Yen-Chi Cheng and Hsin-Ying Lee and Sergey Tulyakov and Alexander Schwing and Liangyan Gui},
      year={2023},
      eprint={2212.04493},
      archivePrefix={arXiv},
      primaryClass={cs.CV}
}

@inproceedings{defferrard2016convolutional,
  title={Convolutional neural networks on graphs with fast localized spectral filtering},
  author={Defferrard, Micha{\"e}l and Bresson, Xavier and Vandergheynst, Pierre},
  booktitle={Advances in neural information processing systems},
  volume={29},
  pages={3844--3852},
  year={2016}
}

@article{gillsjo2023polygon,
  title={Polygon Detection for Room Layout Estimation using Heterogeneous Graphs and Wireframes},
  author={Gillsj{\"o}, David and Flood, Gabrielle and {\AA}str{\"o}m, Kalle},
  journal={arXiv preprint arXiv:2306.12203},
  year={2023}
}

@article{he2018recognition,
  title={Recognition of building group patterns in topographic maps based on graph partitioning and random forest},
  author={He, Xianjin and Zhang, Xinchang and Xin, Qinchuan},
  journal={ISPRS Journal of Photogrammetry and Remote Sensing},
  volume={136},
  pages={26--40},
  year={2018},
  publisher={Elsevier}
}

@misc{henaff2015deep,
  title={Deep convolutional networks on graph-structured data},
  author={Henaff, Mikael and Bruna, Joan and LeCun, Yann},
  year={2015},
  eprint={1506.05163},
  archivePrefix={arXiv},
  primaryClass={cs.LG}
}

@inproceedings{jiang2021weakly,
  title={Weakly Supervised Spatial Deep Learning based on Imperfect Vector Labels with Registration Errors},
  author={Jiang, Zhe and He, Wenchong and Kirby, Marcus and Asiri, Sultan and Yan, Da},
  booktitle={Proceedings of the 27th ACM SIGKDD Conference on Knowledge Discovery \& Data Mining},
  pages={767--775},
  year={2021},
  publisher={Association for Computing Machinery},
  address={New York, NY, USA},
  url={https://doi.org/10.1145/3447548.3467301},
  doi={10.1145/3447548.3467301}
}

@article{jiang2022weakly,
  title={Weakly Supervised Spatial Deep Learning for Earth Image Segmentation Based on Imperfect Polyline Labels},
  author={Jiang, Zhe and He, Wenchong and Kirby, Marcus Stephen and Sainju, Arpan Man and Wang, Shaowen and Stanislawski, Lawrence V. and Shavers, Ethan J. and Usery, E. Lynn},
  journal={ACM Trans. Intell. Syst. Technol.},
  volume={13},
  number={2},
  pages={25:1--25:20},
  year={2022},
  publisher={Association for Computing Machinery},
  address={New York, NY, USA},
  url={https://doi.org/10.1145/3480970},
  doi={10.1145/3480970},
  month={jan},
  articleno={25},
  numpages={20}
}

@misc{jones2022selfsupervised,
      title={Self-Supervised Representation Learning for CAD}, 
      author={Benjamin T. Jones and Michael Hu and Vladimir G. Kim and Adriana Schulz},
      year={2022},
      eprint={2210.10807},
      archivePrefix={arXiv},
      primaryClass={cs.CV}
}

@misc{koo2024salad,
      title={SALAD: Part-Level Latent Diffusion for 3D Shape Generation and Manipulation}, 
      author={Juil Koo and Seungwoo Yoo and Minh Hieu Nguyen and Minhyuk Sung},
      year={2024},
      eprint={2303.12236},
      archivePrefix={arXiv},
      primaryClass={cs.CV}
}

@article{mai2023towards,
  title={Towards general-purpose representation learning of polygonal geometries},
  author={Mai, Gengchen and Jiang, Chiyu and Sun, Weiwei and Zhu, Rui and Xuan, Yao and Cai, Ling and Janowicz, Krzysztof and Ermon, Stefano and Lao, Ni},
  journal={GeoInformatica},
  volume={27},
  number={2},
  pages={289--340},
  year={2023},
  publisher={Springer}
}

@inproceedings{monti2017geometric,
  title={Geometric deep learning on graphs and manifolds using mixture model CNNs},
  author={Monti, Federico and Boscaini, Davide and Masci, Jonathan and Rodola, Emanuele and Svoboda, Jan and Bronstein, Michael M},
  booktitle={Proceedings of the IEEE conference on computer vision and pattern recognition},
  pages={5115--5124},
  year={2017}
}

@inproceedings{pham2010fast,
  title={Fast polygonal integration and its application in extending haar-like features to improve object detection},
  author={Pham, Minh-Tri and Gao, Yang and Hoang, Viet-Dung D and Cham, Tat-Jen},
  booktitle={2010 IEEE computer society conference on computer vision and pattern recognition},
  pages={942--949},
  year={2010},
  organization={IEEE}
}

@misc{qi2016volumetric,
      title={Volumetric and Multi-View CNNs for Object Classification on 3D Data}, 
      author={Charles R. Qi and Hao Su and Matthias Niessner and Angela Dai and Mengyuan Yan and Leonidas J. Guibas},
      year={2016},
      eprint={1604.03265},
      archivePrefix={arXiv},
      primaryClass={cs.CV}
}

@inproceedings{qi2017graph,
  title={3D Graph Neural Networks for RGBD Semantic Segmentation},
  author={Qi, Xiaojuan and Liao, Renjie and Jia, Jiaya and Fidler, Sanja and Urtasun, Raquel},
  booktitle={2017 IEEE International Conference on Computer Vision (ICCV)},
  pages={5209--5218},
  year={2017},
  doi={10.1109/ICCV.2017.556},
  keywords={Three-dimensional displays;Two dimensional displays;Neural networks;Semantics;Feature extraction;Image segmentation;Solid modeling}
}

@misc{qi2017pointnet,
      title={PointNet: Deep Learning on Point Sets for 3D Classification and Segmentation}, 
      author={Charles R. Qi and Hao Su and Kaichun Mo and Leonidas J. Guibas},
      year={2017},
      eprint={1612.00593},
      archivePrefix={arXiv},
      primaryClass={cs.CV}
}

@inproceedings{shi2020pointgnn,
  title={Point-GNN: Graph Neural Network for 3D Object Detection in a Point Cloud},
  author={Shi, Weijing and Rajkumar, Raj},
  booktitle={2020 IEEE/CVF Conference on Computer Vision and Pattern Recognition (CVPR)},
  pages={1708--1716},
  year={2020},
  doi={10.1109/CVPR42600.2020.00178},
  keywords={Three-dimensional displays;Neural networks;Object detection;Feature extraction;Convolution;Laser radar;Shape}
}

@misc{su2015multiview,
      title={Multi-view Convolutional Neural Networks for 3D Shape Recognition}, 
      author={Hang Su and Subhransu Maji and Evangelos Kalogerakis and Erik Learned-Miller},
      year={2015},
      eprint={1505.00880},
      archivePrefix={arXiv},
      primaryClass={cs.CV}
}

@article{van2019deep,
  title={Deep Learning for Classification Tasks on Geospatial Vector Polygons},
  author={vanâ€™t Veer, RH and Bloem, P and Folmer, EJA},
  journal={stat},
  volume={1050},
  pages={11},
  year={2019}
}

@article{wang2017ocnn,
  title={O-CNN: Octree-based convolutional neural networks for 3D shape analysis},
  author={Wang, Peng-Shuai and Liu, Yang and Guo, Yu-Xiao and Sun, Chun-Yu and Tong, Xiao},
  journal={ACM Transactions On Graphics (TOG)},
  volume={36},
  number={4},
  pages={1--11},
  year={2017},
  publisher={ACM}
}

@article{wang2019dynamic,
  title={Dynamic Graph CNN for Learning on Point Clouds},
  author={Wang, Yue and Sun, Yongbin and Liu, Ziwei and Sarma, Sanjay E. and Bronstein, Michael M. and Solomon, Justin M.},
  journal={ACM Trans. Graph.},
  volume={38},
  number={5},
  pages={146:1--146:12},
  year={2019},
  publisher={Association for Computing Machinery},
  address={New York, NY, USA},
  url={https://doi.org/10.1145/3326362},
  doi={10.1145/3326362},
  month={oct},
  articleno={146},
  numpages={12},
  keywords={segmentation, classification, Point cloud}
}

@inproceedings{wu20153dshapenets,
  title={3D ShapeNets: A deep representation for volumetric shapes},
  author={Wu, Zhirong and Song, Shuran and Khosla, Aditya and Yu, Fisher and Zhang, Linguang and Tang, Xiaoou and Xiao, Jianxiong},
  booktitle={Proceedings of the IEEE conference on computer vision and pattern recognition},
  pages={1912--1920},
  year={2015}
}

@article{yan2019graph,
  title={A graph convolutional neural network for classification of building patterns using spatial vector data},
  author={Yan, Xiongfeng and Ai, Tinghua and Yang, Min and Yin, Hongmei},
  journal={ISPRS journal of photogrammetry and remote sensing},
  volume={150},
  pages={259--273},
  year={2019},
  publisher={Elsevier}
}

@article{yan2021graph,
  title={Graph convolutional autoencoder model for the shape coding and cognition of buildings in maps},
  author={Yan, Xiongfeng and Ai, Tinghua and Yang, Min and Tong, Xiaohua},
  journal={International Journal of Geographical Information Science},
  volume={35},
  number={3},
  pages={490--512},
  year={2021},
  publisher={Taylor \& Francis}
}

@inproceedings{yu2024polygongnn,
  title={PolygonGNN: Representation Learning for Polygonal Geometries with Heterogeneous Visibility Graph},
  author={Yu, Dazhou and Hu, Yuntong and Li, Yun and Zhao, Liang},
  booktitle={Proceedings of the 30th ACM SIGKDD Conference on Knowledge Discovery and Data Mining},
  pages={4012--4022},
  year={2024}
}

@misc{zhang20233dshape2vecset,
      title={3DShape2VecSet: A 3D Shape Representation for Neural Fields and Generative Diffusion Models}, 
      author={Biao Zhang and Jiapeng Tang and Matthias Niessner and Peter Wonka},
      year={2023},
      eprint={2301.11445},
      archivePrefix={arXiv},
      primaryClass={cs.CV}
}

@inproceedings{zorzi2023re,
  title={Re: PolyWorld-A Graph Neural Network for Polygonal Scene Parsing},
  author={Zorzi, Stefano and Fraundorfer, Friedrich},
  booktitle={Proceedings of the IEEE/CVF International Conference on Computer Vision},
  pages={16762--16771},
  year={2023}
}

