@unpublished{yuspatial,
  title={Spatial-RAG: Spatial Retrieval Augmented Generation for Real-World Spatial Reasoning Questions},
  year={2025},
  author={Yu, Dazhou and Bao, Riyang and Mai, Gengchen and Zhao, Liang},
  note   = {Manuscript in preparation},
  doi={10.13140/RG.2.2.14184.99848/1},
  month={feb},
}
@inproceedings{zhang2024risurconv,
  title={RISurConv: Rotation Invariant Surface Attention-Augmented Convolutions for 3D Point Cloud Classification and Segmentation},
  author={Zhang, Zhiyuan and Yang, Licheng and Xiang, Zhiyu},
  booktitle={2024 European Conference on Computer Vision (ECCV)},
  pages={1--14},
  year={2024}
}
@inproceedings{chen2024local,
  title={Local-consistent Transformation Learning for Rotation-invariant Point Cloud Analysis},
  author={Chen, Yiyang and Duan, Lunhao and Zhao, Shanshan and Ding, Changxing and Tao, Dacheng},
  booktitle={Proceedings of the IEEE/CVF Conference on Computer Vision and Pattern Recognition},
  pages={5418--5427},
  year={2024}
}
@inproceedings{yu2024polygongnn,
  title={PolygonGNN: Representation Learning for Polygonal Geometries with Heterogeneous Visibility Graph},
  author={Yu, Dazhou and Hu, Yuntong and Li, Yun and Zhao, Liang},
  booktitle={Proceedings of the 30th ACM SIGKDD Conference on Knowledge Discovery and Data Mining},
  pages={4012--4022},
  year={2024}
}
@article{chang2015shapenet,
  title={Shapenet: An information-rich 3d model repository},
  author={Chang, Angel X and Funkhouser, Thomas and Guibas, Leonidas and Hanrahan, Pat and Huang, Qixing and Li, Zimo and Savarese, Silvio and Savva, Manolis and Song, Shuran and Su, Hao and others},
  journal={arXiv preprint arXiv:1512.03012},
  year={2015}
}
@inproceedings{wu20153d,
  title={3d shapenets: A deep representation for volumetric shapes},
  author={Wu, Zhirong and Song, Shuran and Khosla, Aditya and Yu, Fisher and Zhang, Linguang and Tang, Xiaoou and Xiao, Jianxiong},
  booktitle={Proceedings of the IEEE conference on computer vision and pattern recognition},
  pages={1912--1920},
  year={2015}
}
@article{liu2023integrating,
  title={Integrating geometries of ReLU feedforward neural networks},
  author={Liu, Yajing and Caglar, Turgay and Peterson, Christopher and Kirby, Michael},
  journal={Frontiers in big Data},
  volume={6},
  pages={1274831},
  year={2023},
  publisher={Frontiers Media SA}
}

@inproceedings{zorzi2022polyworld,
  title={Polyworld: Polygonal building extraction with graph neural networks in satellite images},
  author={Zorzi, Stefano and Bazrafkan, Shabab and Habenschuss, Stefan and Fraundorfer, Friedrich},
  booktitle={Proceedings of the IEEE/CVF Conference on Computer Vision and Pattern Recognition},
  pages={1848--1857},
  year={2022}
}
@inproceedings{zorzi2023re,
  title={Re: PolyWorld-A Graph Neural Network for Polygonal Scene Parsing},
  author={Zorzi, Stefano and Fraundorfer, Friedrich},
  booktitle={Proceedings of the IEEE/CVF International Conference on Computer Vision},
  pages={16762--16771},
  year={2023}
}
@article{zhou2023move,
  title={Move and remove: Multi-task learning for building simplification in vector maps with a graph convolutional neural network},
  author={Zhou, Zhiyong and Fu, Cheng and Weibel, Robert},
  journal={ISPRS Journal of Photogrammetry and Remote Sensing},
  volume={202},
  pages={205--218},
  year={2023},
  publisher={Elsevier}
}
@misc{weisstein_polyhedron,
  author = {Weisstein, Eric W.},
  title = {Polyhedron},
  howpublished = {\url{https://mathworld.wolfram.com/Polyhedron.html}},
  note = {Accessed: 2024-05-05}, 
  publisher = {MathWorld--A Wolfram Web Resource}
}

@article{van2019deep,
  title={Deep Learning for Classification Tasks on Geospatial Vector Polygons},
  author={van’t Veer, RH and Bloem, P and Folmer, EJA},
  journal={stat},
  volume={1050},
  pages={11},
  year={2019}
}
@article{yan2021graph,
  title={Graph convolutional autoencoder model for the shape coding and cognition of buildings in maps},
  author={Yan, Xiongfeng and Ai, Tinghua and Yang, Min and Tong, Xiaohua},
  journal={International Journal of Geographical Information Science},
  volume={35},
  number={3},
  pages={490--512},
  year={2021},
  publisher={Taylor \& Francis}
}
@article{mai2023towards,
  title={Towards general-purpose representation learning of polygonal geometries},
  author={Mai, Gengchen and Jiang, Chiyu and Sun, Weiwei and Zhu, Rui and Xuan, Yao and Cai, Ling and Janowicz, Krzysztof and Ermon, Stefano and Lao, Ni},
  journal={GeoInformatica},
  volume={27},
  number={2},
  pages={289--340},
  year={2023},
  publisher={Springer}
}

@article{lecun1998gradient,
  title={Gradient-based learning applied to document recognition},
  author={LeCun, Yann and Bottou, L{\'e}on and Bengio, Yoshua and Haffner, Patrick},
  journal={Proceedings of the IEEE},
  volume={86},
  number={11},
  pages={2278--2324},
  year={1998},
  publisher={Ieee}
}

@inproceedings{jiang2019ddsl,
  title={Ddsl: Deep differentiable simplex layer for learning geometric signals},
  author={Jiang, Chiyu and Lansigan, Dana and Marcus, Philip and Nie{\ss}ner, Matthias and others},
  booktitle={Proceedings of the IEEE/CVF International Conference on Computer Vision},
  pages={8769--8778},
  year={2019}
}

@inproceedings{han,
  title={Heterogeneous graph attention network},
  author={Wang, Xiao and Ji, Houye and Shi, Chuan and Wang, Bai and Ye, Yanfang and Cui, Peng and Yu, Philip S},
  booktitle={The world wide web conference},
  pages={2022--2032},
  year={2019}
}
@inproceedings{hamzei2022translating,
  title={Translating place-related questions to GeoSPARQL queries},
  author={Hamzei, Ehsan and Tomko, Martin and Winter, Stephan},
  booktitle={Proceedings of the ACM Web Conference 2022},
  pages={902--911},
  year={2022}
}

@article{kuhn2021semantics,
  title={The semantics of place-related questions},
  author={Kuhn, Werner and Hamzei, Ehsan and Tomko, Martin and Winter, Stephan and Li, Haonan},
  journal={Journal of Spatial Information Science},
  number={23},
  pages={157--168},
  year={2021}
}

@article{mai2021geographic,
  title={Geographic question answering: Challenges, uniqueness, classification, and future directions},
  author={Mai, Gengchen and Janowicz, Krzysztof and Zhu, Rui and Cai, Ling and Lao, Ni},
  journal={AGILE: GIScience series},
  volume={2},
  pages={8},
  year={2021},
  publisher={Copernicus Publications G{\"o}ttingen, Germany}
}
@inproceedings{pham2010fast,
  title={Fast polygonal integration and its application in extending haar-like features to improve object detection},
  author={Pham, Minh-Tri and Gao, Yang and Hoang, Viet-Dung D and Cham, Tat-Jen},
  booktitle={2010 IEEE computer society conference on computer vision and pattern recognition},
  pages={942--949},
  year={2010},
  organization={IEEE}
}
@inproceedings{hu2020heterogeneous,
  title={Heterogeneous graph transformer},
  author={Hu, Ziniu and Dong, Yuxiao and Wang, Kuansan and Sun, Yizhou},
  booktitle={Proceedings of the web conference 2020},
  pages={2704--2710},
  year={2020}
}
@article{he2018recognition,
  title={Recognition of building group patterns in topographic maps based on graph partitioning and random forest},
  author={He, Xianjin and Zhang, Xinchang and Xin, Qinchuan},
  journal={ISPRS Journal of Photogrammetry and Remote Sensing},
  volume={136},
  pages={26--40},
  year={2018},
  publisher={Elsevier}
}
@article{yu2022deep,
  title={Deep Spatial Domain Generalization},
  author={Yu, Dazhou and Bai, Guangji and Li, Yun and Zhao, Liang},
  journal={arXiv preprint arXiv:2210.00729},
  year={2022}
}


@article{guo2005mutual,
  title={Mutual information and minimum mean-square error in Gaussian channels},
  author={Guo, Dongning and Shamai, Shlomo and Verd{\'u}, Sergio},
  journal={IEEE transactions on information theory},
  volume={51},
  number={4},
  pages={1261--1282},
  year={2005},
  publisher={IEEE}
}
@article{liu2021application,
  title={Application of RR-XGBoost combined model in data calibration of micro air quality detector},
  author={Liu, Bing and Tan, Xianghua and Jin, Yueqiang and Yu, Wangwang and Li, Chaoyang},
  journal={Scientific Reports},
  volume={11},
  number={1},
  pages={1--14},
  year={2021},
  publisher={Nature Publishing Group}
}

@incollection{getis2009spatial,
  title={Spatial autocorrelation},
  author={Getis, Arthur},
  booktitle={Handbook of applied spatial analysis: Software tools, methods and applications},
  pages={255--278},
  year={2009},
  publisher={Springer}
}

@article{hong2015multimodal,
  title={Multimodal deep autoencoder for human pose recovery},
  author={Hong, Chaoqun and Yu, Jun and Wan, Jian and Tao, Dacheng and Wang, Meng},
  journal={IEEE transactions on image processing},
  volume={24},
  number={12},
  pages={5659--5670},
  year={2015},
  publisher={IEEE}
}

@article{gao2020survey,
  title={A survey on deep learning for multimodal data fusion},
  author={Gao, Jing and Li, Peng and Chen, Zhikui and Zhang, Jianing},
  journal={Neural Computation},
  volume={32},
  number={5},
  pages={829--864},
  year={2020},
  publisher={MIT Press One Rogers Street, Cambridge, MA 02142-1209, USA journals-info~…}
}

@article{suk2014hierarchical,
  title={Hierarchical feature representation and multimodal fusion with deep learning for AD/MCI diagnosis},
  author={Suk, Heung-Il and Lee, Seong-Whan and Shen, Dinggang and Alzheimer's Disease Neuroimaging Initiative and others},
  journal={NeuroImage},
  volume={101},
  pages={569--582},
  year={2014},
  publisher={Elsevier}
}

@article{sun2022graph,
  title={A graph neural network (GNN) approach to basin-scale river network learning: the role of physics-based connectivity and data fusion},
  author={Sun, Alexander Y and Jiang, Peishi and Yang, Zong-Liang and Xie, Yangxinyu and Chen, Xingyuan},
  journal={Hydrology and Earth System Sciences},
  volume={26},
  number={19},
  pages={5163--5184},
  year={2022},
  publisher={Copernicus GmbH}
}

@article{liu2021data,
  title={A data calibration method for micro air quality detectors based on a LASSO regression and NARX neural network combined model},
  author={Liu, Bing and Jin, Yueqiang and Xu, Dezhi and Wang, Yishu and Li, Chaoyang},
  journal={Scientific Reports},
  volume={11},
  number={1},
  pages={21173},
  year={2021},
  publisher={Nature Publishing Group UK London}
}

@article{li2022graph,
  title={A graph neural network-based stock forecasting method utilizing multi-source heterogeneous data fusion},
  author={Li, Xiaohan and Wang, Jun and Tan, Jinghua and Ji, Shiyu and Jia, Huading},
  journal={Multimedia Tools and Applications},
  volume={81},
  number={30},
  pages={43753--43775},
  year={2022},
  publisher={Springer}
}

@article{leung2000statistical,
  title={Statistical tests for spatial nonstationarity based on the geographically weighted regression model},
  author={Leung, Yee and Mei, Chang-Lin and Zhang, Wen-Xiu},
  journal={Environment and Planning A},
  volume={32},
  number={1},
  pages={9--32},
  year={2000},
  publisher={SAGE Publications Sage UK: London, England}
}

@article{asif2021graph,
  title={Graph neural network: A comprehensive review on non-euclidean space},
  author={Asif, Nurul A and Sarker, Yeahia and Chakrabortty, Ripon K and Ryan, Michael J and Ahamed, Md Hafiz and Saha, Dip K and Badal, Faisal R and Das, Sajal K and Ali, Md Firoz and Moyeen, Sumaya I and others},
  journal={IEEE Access},
  volume={9},
  pages={60588--60606},
  year={2021},
  publisher={IEEE}
}

@inproceedings{wen2022graph,
  title={Graph neural networks for multimodal single-cell data integration},
  author={Wen, Hongzhi and Ding, Jiayuan and Jin, Wei and Wang, Yiqi and Xie, Yuying and Tang, Jiliang},
  booktitle={Proceedings of the 28th ACM SIGKDD Conference on Knowledge Discovery and Data Mining},
  pages={4153--4163},
  year={2022}
}

@article{krivosheev2020siamese,
  title={Siamese graph neural networks for data integration},
  author={Krivosheev, Evgeny and Atzeni, Mattia and Mirylenka, Katsiaryna and Scotton, Paolo and Casati, Fabio},
  journal={arXiv preprint arXiv:2001.06543},
  year={2020}
}

@article{holzinger2021towards,
  title={Towards multi-modal causability with graph neural networks enabling information fusion for explainable AI},
  author={Holzinger, Andreas and Malle, Bernd and Saranti, Anna and Pfeifer, Bastian},
  journal={Information Fusion},
  volume={71},
  pages={28--37},
  year={2021},
  publisher={Elsevier}
}

@inproceedings{wei2019mmgcn,
  title={MMGCN: Multi-modal graph convolution network for personalized recommendation of micro-video},
  author={Wei, Yinwei and Wang, Xiang and Nie, Liqiang and He, Xiangnan and Hong, Richang and Chua, Tat-Seng},
  booktitle={Proceedings of the 27th ACM international conference on multimedia},
  pages={1437--1445},
  year={2019}
}

@inproceedings{mai2020modality,
  title={Modality to modality translation: An adversarial representation learning and graph fusion network for multimodal fusion},
  author={Mai, Sijie and Hu, Haifeng and Xing, Songlong},
  booktitle={Proceedings of the AAAI Conference on Artificial Intelligence},
  volume={34},
  number={01},
  pages={164--172},
  year={2020}
}

@article{liu2021applicationnn,
  title={Application of combined model of stepwise regression analysis and artificial neural network in data calibration of miniature air quality detector},
  author={Liu, Bing and Zhao, Qingbo and Jin, Yueqiang and Shen, Jiayu and Li, Chaoyang},
  journal={Scientific Reports},
  volume={11},
  number={1},
  pages={3247},
  year={2021},
  publisher={Nature Publishing Group UK London}
}

@article{perdikaris2017nonlinear,
  title={Nonlinear information fusion algorithms for data-efficient multi-fidelity modelling},
  author={Perdikaris, Paris and Raissi, Maziar and Damianou, Andreas and Lawrence, Neil D and Karniadakis, George Em},
  journal={Proceedings of the Royal Society A: Mathematical, Physical and Engineering Sciences},
  volume={473},
  number={2198},
  pages={20160751},
  year={2017},
  publisher={The Royal Society Publishing}
}

@article{snyder2013changing,
  title={The changing paradigm of air pollution monitoring},
  author={Snyder, Emily G and Watkins, Timothy H and Solomon, Paul A and Thoma, Eben D and Williams, Ronald W and Hagler, Gayle SW and Shelow, David and Hindin, David A and Kilaru, Vasu J and Preuss, Peter W},
  journal={Environmental science \& technology},
  volume={47},
  number={20},
  pages={11369--11377},
  year={2013},
  publisher={ACS Publications}
}

@article{fang2021ms,
  title={Ms-net: Multi-source spatio-temporal network for traffic flow prediction},
  author={Fang, Shen and Prinet, V{\'e}ronique and Chang, Jianlong and Werman, Michael and Zhang, Chunxia and Xiang, Shiming and Pan, Chunhong},
  journal={IEEE Transactions on Intelligent Transportation Systems},
  volume={23},
  number={7},
  pages={7142--7155},
  year={2021},
  publisher={IEEE}
}

@article{li2022ga2mif,
  title={GA2MIF: Graph and Attention-based Two-stage Multi-source Information Fusion for Conversational Emotion Detection},
  author={Li, Jiang and Wang, Xiaoping and Lv, Guoqing and Zeng, Zhigang},
  journal={arXiv preprint arXiv:2207.11900},
  year={2022}
}
@article{bei2019spatial,
  title={A spatial adaptive algorithm framework for building pattern recognition using graph convolutional networks},
  author={Bei, Weijia and Guo, Mingqiang and Huang, Ying},
  journal={Sensors},
  volume={19},
  number={24},
  pages={5518},
  year={2019},
  publisher={MDPI}
}
@article{yan2019graph,
  title={A graph convolutional neural network for classification of building patterns using spatial vector data},
  author={Yan, Xiongfeng and Ai, Tinghua and Yang, Min and Yin, Hongmei},
  journal={ISPRS journal of photogrammetry and remote sensing},
  volume={150},
  pages={259--273},
  year={2019},
  publisher={Elsevier}
}
@inproceedings{li2020approximating,
  title={Approximating shapes in images with low-complexity polygons},
  author={Li, Muxingzi and Lafarge, Florent and Marlet, Renaud},
  booktitle={Proceedings of the IEEE/CVF Conference on Computer Vision and Pattern Recognition},
  pages={8633--8641},
  year={2020}
}
@article{feng2019learning,
  title={Learning cartographic building generalization with deep convolutional neural networks},
  author={Feng, Yu and Thiemann, Frank and Sester, Monika},
  journal={ISPRS International Journal of Geo-Information},
  volume={8},
  number={6},
  pages={258},
  year={2019},
  publisher={MDPI}
}
@article{zhong2020open,
  title={Open-source data-driven urban land-use mapping integrating point-line-polygon semantic objects: A case study of Chinese cities},
  author={Zhong, Yanfei and Su, Yu and Wu, Siqi and Zheng, Zhendong and Zhao, Ji and Ma, Ailong and Zhu, Qiqi and Ye, Richen and Li, Xiaoman and Pellikka, Petri and others},
  journal={Remote Sensing of Environment},
  volume={247},
  pages={111838},
  year={2020},
  publisher={Elsevier}
}
@article{spangler2023calculating,
  title={Calculating access to parks and other polygonal resources: a description of open-source methodologies},
  author={Spangler, Keith R and Brochu, Paige and Nori-Sarma, Amruta and Milechin, Dennis and Rickles, Michael and Davis, Brandeus and Dukes, Kimberly A and Lane, Kevin J},
  journal={Spatial and spatio-temporal epidemiology},
  volume={47},
  pages={100606},
  year={2023},
  publisher={Elsevier}
}
@article{scheider2021geo,
  title={Geo-analytical question-answering with GIS},
  author={Scheider, Simon and Nyamsuren, Enkhbold and Kruiger, Han and Xu, Haiqi},
  journal={International Journal of Digital Earth},
  volume={14},
  number={1},
  pages={1--14},
  year={2021},
  publisher={Taylor \& Francis}
}
@article{fabbri2020template,
  title={Template-based question generation from retrieved sentences for improved unsupervised question answering},
  author={Fabbri, Alexander R and Ng, Patrick and Wang, Zhiguo and Nallapati, Ramesh and Xiang, Bing},
  journal={arXiv preprint arXiv:2004.11892},
  year={2020}
}
@article{mu2022computation,
  title={Computation of the distance between a polygon and a point in spatial analysis},
  author={Mu, Wangshu and Tong, Daoqin},
  journal={International Journal of Geographical Information Science},
  volume={36},
  number={8},
  pages={1575--1600},
  year={2022},
  publisher={Taylor \& Francis}
}

@inproceedings{cosma2023geometric,
  title={Geometric Superpixel Representations for Efficient Image Classification with Graph Neural Networks},
  author={Cosma, Radu A and Knobel, Lukas and van der Linden, Putri and Knigge, David M and Bekkers, Erik J},
  booktitle={Proceedings of the IEEE/CVF International Conference on Computer Vision},
  pages={109--118},
  year={2023}
}
@article{zhao2022extracting,
  title={Extracting planar roof structures from very high resolution images using graph neural networks},
  author={Zhao, Wufan and Persello, Claudio and Stein, Alfred},
  journal={ISPRS Journal of Photogrammetry and Remote Sensing},
  volume={187},
  pages={34--45},
  year={2022},
  publisher={Elsevier}
}
@article{antonietti2024agglomeration,
  title={Agglomeration of polygonal grids using graph neural networks with applications to multigrid solvers},
  author={Antonietti, Paola F and Farenga, Nicola and Manuzzi, Enrico and Martinelli, Gabriele and Saverio, Luca},
  journal={Computers \& Mathematics with Applications},
  volume={154},
  pages={45--57},
  year={2024},
  publisher={Elsevier}
}
@article{gillsjo2023polygon,
  title={Polygon Detection for Room Layout Estimation using Heterogeneous Graphs and Wireframes},
  author={Gillsj{\"o}, David and Flood, Gabrielle and {\AA}str{\"o}m, Kalle},
  journal={arXiv preprint arXiv:2306.12203},
  year={2023}
}
@inproceedings{gueze2023floor,
  title={Floor Plan Reconstruction from Sparse Views: Combining Graph Neural Network with Constrained Diffusion},
  author={Gueze, Arnaud and Ospici, Matthieu and Rohmer, Damien and Cani, Marie-Paule},
  booktitle={Proceedings of the IEEE/CVF International Conference on Computer Vision},
  pages={1583--1592},
  year={2023}
}
@article{wang2023hexagon,
  title={A hexagon-based method for polygon generalization using morphological operators},
  author={Wang, Lu and Ai, Tinghua and Burghardt, Dirk and Shen, Yilang and Yang, Min},
  journal={International Journal of Geographical Information Science},
  volume={37},
  number={1},
  pages={88--117},
  year={2023},
  publisher={Taylor \& Francis}
}
@article{ma2020polysimp,
  title={PolySimp: A tool for polygon simplification based on the underlying scaling hierarchy},
  author={Ma, Ding and Zhao, Zhigang and Zheng, Ye and Guo, Renzhong and Zhu, Wei},
  journal={ISPRS International Journal of Geo-Information},
  volume={9},
  number={10},
  pages={594},
  year={2020},
  publisher={MDPI}
}
@inproceedings{kefalidis2023benchmarking,
  title={Benchmarking geospatial question answering engines using the dataset GeoQuestions1089},
  author={Kefalidis, Sergios-Anestis and Punjani, Dharmen and Tsalapati, Eleni and Plas, Konstantinos and Pollali, Mariangela and Mitsios, Michail and Tsokanaridou, Myrto and Koubarakis, Manolis and Maret, Pierre},
  booktitle={International Semantic Web Conference},
  pages={266--284},
  year={2023},
  organization={Springer}
}
@misc{qi2016volumetric,
      title={Volumetric and Multi-View CNNs for Object Classification on 3D Data}, 
      author={Charles R. Qi and Hao Su and Matthias Niessner and Angela Dai and Mengyuan Yan and Leonidas J. Guibas},
      year={2016},
      eprint={1604.03265},
      archivePrefix={arXiv},
      primaryClass={cs.CV}
}
@misc{su2015multiview,
      title={Multi-view Convolutional Neural Networks for 3D Shape Recognition}, 
      author={Hang Su and Subhransu Maji and Evangelos Kalogerakis and Erik Learned-Miller},
      year={2015},
      eprint={1505.00880},
      archivePrefix={arXiv},
      primaryClass={cs.CV}
}
@misc{qi2017pointnet,
      title={PointNet: Deep Learning on Point Sets for 3D Classification and Segmentation}, 
      author={Charles R. Qi and Hao Su and Kaichun Mo and Leonidas J. Guibas},
      year={2017},
      eprint={1612.00593},
      archivePrefix={arXiv},
      primaryClass={cs.CV}
}
@INPROCEEDINGS{8579057,
  author={Le, Truc and Duan, Ye},
  booktitle={2018 IEEE/CVF Conference on Computer Vision and Pattern Recognition}, 
  title={PointGrid: A Deep Network for 3D Shape Understanding}, 
  year={2018},
  volume={},
  number={},
  pages={9204-9214},
  keywords={Three-dimensional displays;Shape;Computer architecture;Two dimensional displays;Feature extraction;Microprocessors},
  doi={10.1109/CVPR.2018.00959}}
@inproceedings{jiang2021weakly,
  title={Weakly Supervised Spatial Deep Learning based on Imperfect Vector Labels with Registration Errors},
  author={Jiang, Zhe and He, Wenchong and Kirby, Marcus and Asiri, Sultan and Yan, Da},
  booktitle={Proceedings of the 27th ACM SIGKDD Conference on Knowledge Discovery \& Data Mining},
  pages={767--775},
  year={2021},
  publisher={Association for Computing Machinery},
  address={New York, NY, USA},
  url={https://doi.org/10.1145/3447548.3467301},
  doi={10.1145/3447548.3467301}
}
@article{jiang2022weakly,
  title={Weakly Supervised Spatial Deep Learning for Earth Image Segmentation Based on Imperfect Polyline Labels},
  author={Jiang, Zhe and He, Wenchong and Kirby, Marcus Stephen and Sainju, Arpan Man and Wang, Shaowen and Stanislawski, Lawrence V. and Shavers, Ethan J. and Usery, E. Lynn},
  journal={ACM Trans. Intell. Syst. Technol.},
  volume={13},
  number={2},
  pages={25:1--25:20},
  year={2022},
  publisher={Association for Computing Machinery},
  address={New York, NY, USA},
  url={https://doi.org/10.1145/3480970},
  doi={10.1145/3480970},
  month={jan},
  articleno={25},
  numpages={20}
}
@misc{jones2022selfsupervised,
      title={Self-Supervised Representation Learning for CAD}, 
      author={Benjamin T. Jones and Michael Hu and Vladimir G. Kim and Adriana Schulz},
      year={2022},
      eprint={2210.10807},
      archivePrefix={arXiv},
      primaryClass={cs.CV}
}
@misc{koo2024salad,
      title={SALAD: Part-Level Latent Diffusion for 3D Shape Generation and Manipulation}, 
      author={Juil Koo and Seungwoo Yoo and Minh Hieu Nguyen and Minhyuk Sung},
      year={2024},
      eprint={2303.12236},
      archivePrefix={arXiv},
      primaryClass={cs.CV}
}
@misc{cheng2023sdfusion,
      title={SDFusion: Multimodal 3D Shape Completion, Reconstruction, and Generation}, 
      author={Yen-Chi Cheng and Hsin-Ying Lee and Sergey Tulyakov and Alexander Schwing and Liangyan Gui},
      year={2023},
      eprint={2212.04493},
      archivePrefix={arXiv},
      primaryClass={cs.CV}
}
@misc{zhang20233dshape2vecset,
      title={3DShape2VecSet: A 3D Shape Representation for Neural Fields and Generative Diffusion Models}, 
      author={Biao Zhang and Jiapeng Tang and Matthias Niessner and Peter Wonka},
      year={2023},
      eprint={2301.11445},
      archivePrefix={arXiv},
      primaryClass={cs.CV}
}
@inproceedings{qi2017graph,
  title={3D Graph Neural Networks for RGBD Semantic Segmentation},
  author={Qi, Xiaojuan and Liao, Renjie and Jia, Jiaya and Fidler, Sanja and Urtasun, Raquel},
  booktitle={2017 IEEE International Conference on Computer Vision (ICCV)},
  pages={5209--5218},
  year={2017},
  doi={10.1109/ICCV.2017.556},
  keywords={Three-dimensional displays;Two dimensional displays;Neural networks;Semantics;Feature extraction;Image segmentation;Solid modeling}
}
@inproceedings{shi2020pointgnn,
  title={Point-GNN: Graph Neural Network for 3D Object Detection in a Point Cloud},
  author={Shi, Weijing and Rajkumar, Raj},
  booktitle={2020 IEEE/CVF Conference on Computer Vision and Pattern Recognition (CVPR)},
  pages={1708--1716},
  year={2020},
  doi={10.1109/CVPR42600.2020.00178},
  keywords={Three-dimensional displays;Neural networks;Object detection;Feature extraction;Convolution;Laser radar;Shape}
}
@article{wang2019dynamic,
  title={Dynamic Graph CNN for Learning on Point Clouds},
  author={Wang, Yue and Sun, Yongbin and Liu, Ziwei and Sarma, Sanjay E. and Bronstein, Michael M. and Solomon, Justin M.},
  journal={ACM Trans. Graph.},
  volume={38},
  number={5},
  pages={146:1--146:12},
  year={2019},
  publisher={Association for Computing Machinery},
  address={New York, NY, USA},
  url={https://doi.org/10.1145/3326362},
  doi={10.1145/3326362},
  month={oct},
  articleno={146},
  numpages={12},
  keywords={segmentation, classification, Point cloud}
}
@article{Pang_2023,
  title={Learning the Geodesic Embedding with Graph Neural Networks},
  author={Pang, Bo and Zheng, Zhongtian and Wang, Guoping and Wang, Peng-Shuai},
  journal={ACM Transactions on Graphics},
  volume={42},
  number={6},
  pages={1--12},
  year={2023},
  publisher={Association for Computing Machinery (ACM)},
  url={http://dx.doi.org/10.1145/3618317},
  doi={10.1145/3618317},
  month={dec},
  issn={1557-7368}
}
@misc{allen2022learning,
      title={Learning rigid dynamics with face interaction graph networks}, 
      author={Kelsey R. Allen and Yulia Rubanova and Tatiana Lopez-Guevara and William Whitney and Alvaro Sanchez-Gonzalez and Peter Battaglia and Tobias Pfaff},
      year={2022},
      eprint={2212.03574},
      archivePrefix={arXiv},
      primaryClass={cs.LG}
}
@misc{chen2023polygnn,
      title={PolyGNN: Polyhedron-based Graph Neural Network for 3D Building Reconstruction from Point Clouds}, 
      author={Zhaiyu Chen and Yilei Shi and Liangliang Nan and Zhitong Xiong and Xiao Xiang Zhu},
      year={2023},
      eprint={2307.08636},
      archivePrefix={arXiv},
      primaryClass={cs.CV}
}
@inproceedings{wu20153dshapenets,
  title={3D ShapeNets: A deep representation for volumetric shapes},
  author={Wu, Zhirong and Song, Shuran and Khosla, Aditya and Yu, Fisher and Zhang, Linguang and Tang, Xiaoou and Xiao, Jianxiong},
  booktitle={Proceedings of the IEEE conference on computer vision and pattern recognition},
  pages={1912--1920},
  year={2015}
}
@article{wang2017ocnn,
  title={O-CNN: Octree-based convolutional neural networks for 3D shape analysis},
  author={Wang, Peng-Shuai and Liu, Yang and Guo, Yu-Xiao and Sun, Chun-Yu and Tong, Xiao},
  journal={ACM Transactions On Graphics (TOG)},
  volume={36},
  number={4},
  pages={1--11},
  year={2017},
  publisher={ACM}
}
@article{shi2015deeppano,
  title={DeepPano: Deep panoramic representation for 3-D shape recognition},
  author={Shi, Baoguang and Bai, Xiang and Zhou, Zhicheng and Zhang, Sorui and Fu, Tao and Cheng, Longin Jan Latecki},
  journal={IEEE Signal Processing Letters},
  volume={22},
  number={12},
  pages={2339--2343},
  year={2015},
  publisher={IEEE}
}
@inproceedings{furuya2017deep,
  title={Deep semantic hashing of 3D geometric features for efficient 3D model retrieval},
  author={Furuya, Takahiko and Ohbuchi, Ryutarou},
  booktitle={Proceedings of the Computer Graphics International Conference},
  pages={1--6},
  year={2017},
  organization={ACM}
}
@misc{bruna2013spectral,
  title={Spectral networks and locally connected networks on graphs},
  author={Bruna, Joan and Zaremba, Wojciech and Szlam, Arthur and LeCun, Yann},
  year={2013},
  eprint={1312.6203},
  archivePrefix={arXiv},
  primaryClass={cs.LG}
}
@misc{henaff2015deep,
  title={Deep convolutional networks on graph-structured data},
  author={Henaff, Mikael and Bruna, Joan and LeCun, Yann},
  year={2015},
  eprint={1506.05163},
  archivePrefix={arXiv},
  primaryClass={cs.LG}
}
@inproceedings{defferrard2016convolutional,
  title={Convolutional neural networks on graphs with fast localized spectral filtering},
  author={Defferrard, Micha{\"e}l and Bresson, Xavier and Vandergheynst, Pierre},
  booktitle={Advances in neural information processing systems},
  volume={29},
  pages={3844--3852},
  year={2016}
}
@inproceedings{monti2017geometric,
  title={Geometric deep learning on graphs and manifolds using mixture model CNNs},
  author={Monti, Federico and Boscaini, Davide and Masci, Jonathan and Rodola, Emanuele and Svoboda, Jan and Bronstein, Michael M},
  booktitle={Proceedings of the IEEE conference on computer vision and pattern recognition},
  pages={5115--5124},
  year={2017}
}
