@inproceedings{TessOverview,
  author = {Ray Smith},
  title = {An Overview of the Tesseract OCR Engine},
  booktitle = {ICDAR '07: Proceedings of the Ninth International Conference on Document Analysis and Recognition},
  url = {https://storage.googleapis.com/pub-tools-public-publication-data/pdf/33418.pdf},
  year = {2007},
  isbn = {0-7695-2822-8},
  pages = {629--633},
  publisher = {IEEE Computer Society},
  address = {Washington, DC, USA},
}