@inproceedings{gutteridge2023drew,
  title={Drew: Dynamically rewired message passing with delay},
  author={Gutteridge, Benjamin and Dong, Xiaowen and Bronstein, Michael M and Di Giovanni, Francesco},
  booktitle={International Conference on Machine Learning},
  pages={12252--12267},
  year={2023},
  organization={PMLR}
}

@article{tonshoff2023did,
  title={Where did the gap go? reassessing the long-range graph benchmark},
  author={T{\"o}nshoff, Jan and Ritzert, Martin and Rosenbluth, Eran and Grohe, Martin},
  journal={arXiv preprint arXiv:2309.00367},
  year={2023}
}

@article{longa2023graph,
  title={Graph neural networks for temporal graphs: State of the art, open challenges, and opportunities},
  author={Longa, Antonio and Lachi, Veronica and Santin, Gabriele and Bianchini, Monica and Lepri, Bruno and Lio, Pietro and Scarselli, Franco and Passerini, Andrea},
  journal={arXiv preprint arXiv:2302.01018},
  year={2023}
}

@inproceedings{you2022roland,
  title={ROLAND: graph learning framework for dynamic graphs},
  author={You, Jiaxuan and Du, Tianyu and Leskovec, Jure},
  booktitle={Proceedings of the 28th ACM SIGKDD conference on knowledge discovery and data mining},
  pages={2358--2366},
  year={2022}
}

@inproceedings{pareja2020evolvegcn,
  title={Evolvegcn: Evolving graph convolutional networks for dynamic graphs},
  author={Pareja, Aldo and Domeniconi, Giacomo and Chen, Jie and Ma, Tengfei and Suzumura, Toyotaro and Kanezashi, Hiroki and Kaler, Tim and Schardl, Tao and Leiserson, Charles},
  booktitle={Proceedings of the AAAI conference on artificial intelligence},
  volume={34},
  number={04},
  pages={5363--5370},
  year={2020}
}

@inproceedings{li2020dyngcn,
  title={DynGCN: A dynamic graph convolutional network based on spatial-temporal modeling},
  author={Li, Jing and Liu, Yu and Zou, Lei},
  booktitle={Web Information Systems Engineering--WISE 2020: 21st International Conference, Amsterdam, The Netherlands, October 20--24, 2020, Proceedings, Part I 21},
  pages={83--95},
  year={2020},
  organization={Springer}
}

@article{ramakrishnan2014quantum,
  title={Quantum chemistry structures and properties of 134 kilo molecules},
  author={Ramakrishnan, Raghunathan and Dral, Pavlo O and Rupp, Matthias and Von Lilienfeld, O Anatole},
  journal={Scientific data},
  volume={1},
  number={1},
  pages={1--7},
  year={2014},
  publisher={Nature Publishing Group}
}

@inproceedings{kosmala2023ewald,
  title={Ewald-based long-range message passing for molecular graphs},
  author={Kosmala, Arthur and Gasteiger, Johannes and Gao, Nicholas and G{\"u}nnemann, Stephan},
  booktitle={International Conference on Machine Learning},
  pages={17544--17563},
  year={2023},
  organization={PMLR}
}

@inproceedings{ma2023graph,
  title={Graph inductive biases in transformers without message passing},
  author={Ma, Liheng and Lin, Chen and Lim, Derek and Romero-Soriano, Adriana and Dokania, Puneet K and Coates, Mark and Torr, Philip and Lim, Ser-Nam},
  booktitle={International Conference on Machine Learning},
  pages={23321--23337},
  year={2023},
  organization={PMLR}
}

@article{kim2022pure,
  title={Pure transformers are powerful graph learners},
  author={Kim, Jinwoo and Nguyen, Dat and Min, Seonwoo and Cho, Sungjun and Lee, Moontae and Lee, Honglak and Hong, Seunghoon},
  journal={Advances in Neural Information Processing Systems},
  volume={35},
  pages={14582--14595},
  year={2022}
}

@article{dwivedi2020generalization,
  title={A generalization of transformer networks to graphs},
  author={Dwivedi, Vijay Prakash and Bresson, Xavier},
  journal={arXiv preprint arXiv:2012.09699},
  year={2020}
}

@inproceedings{abboud2022shortest,
  title={Shortest path networks for graph property prediction},
  author={Abboud, Ralph and Dimitrov, Radoslav and Ceylan, Ismail Ilkan},
  booktitle={Learning on Graphs Conference},
  pages={5--1},
  year={2022},
  organization={PMLR}
}

@article{dwivedi2022long,
  title={Long range graph benchmark},
  author={Dwivedi, Vijay Prakash and Ramp{\'a}{\v{s}}ek, Ladislav and Galkin, Michael and Parviz, Ali and Wolf, Guy and Luu, Anh Tuan and Beaini, Dominique},
  journal={Advances in Neural Information Processing Systems},
  volume={35},
  pages={22326--22340},
  year={2022}
}

@article{zhou2021dirichlet,
  title={Dirichlet energy constrained learning for deep graph neural networks},
  author={Zhou, Kaixiong and Huang, Xiao and Zha, Daochen and Chen, Rui and Li, Li and Choi, Soo-Hyun and Hu, Xia},
  journal={Advances in Neural Information Processing Systems},
  volume={34},
  pages={21834--21846},
  year={2021}
}

@article{cai2020note,
  title={A note on over-smoothing for graph neural networks},
  author={Cai, Chen and Wang, Yusu},
  journal={arXiv preprint arXiv:2006.13318},
  year={2020}
}

@article{shi2022revisiting,
  title={Revisiting over-smoothing in bert from the perspective of graph},
  author={Shi, Han and Gao, Jiahui and Xu, Hang and Liang, Xiaodan and Li, Zhenguo and Kong, Lingpeng and Lee, Stephen and Kwok, James T},
  journal={arXiv preprint arXiv:2202.08625},
  year={2022}
}

@article{battaglia2018relational,
  title={Relational inductive biases, deep learning, and graph networks},
  author={Battaglia, Peter W and Hamrick, Jessica B and Bapst, Victor and Sanchez-Gonzalez, Alvaro and Zambaldi, Vinicius and Malinowski, Mateusz and Tacchetti, Andrea and Raposo, David and Santoro, Adam and Faulkner, Ryan and others},
  journal={arXiv preprint arXiv:1806.01261},
  year={2018}
}

@article{liao2022equiformer,
  title={Equiformer: Equivariant graph attention transformer for 3d atomistic graphs},
  author={Liao, Yi-Lun and Smidt, Tess},
  journal={arXiv preprint arXiv:2206.11990},
  year={2022}
}

@inproceedings{chen2022structure,
  title={Structure-aware transformer for graph representation learning},
  author={Chen, Dexiong and O’Bray, Leslie and Borgwardt, Karsten},
  booktitle={International Conference on Machine Learning},
  pages={3469--3489},
  year={2022},
  organization={PMLR}
}

@inproceedings{satorras2021n,
  title={E (n) equivariant graph neural networks},
  author={Satorras, V{\i}ctor Garcia and Hoogeboom, Emiel and Welling, Max},
  booktitle={International conference on machine learning},
  pages={9323--9332},
  year={2021},
  organization={PMLR}
}

@article{gilmer2020message,
  title={Message passing neural networks},
  author={Gilmer, Justin and Schoenholz, Samuel S and Riley, Patrick F and Vinyals, Oriol and Dahl, George E},
  journal={Machine learning meets quantum physics},
  pages={199--214},
  year={2020},
  publisher={Springer}
}

@article{zhou2020graph,
  title={Graph neural networks: A review of methods and applications},
  author={Zhou, Jie and Cui, Ganqu and Hu, Shengding and Zhang, Zhengyan and Yang, Cheng and Liu, Zhiyuan and Wang, Lifeng and Li, Changcheng and Sun, Maosong},
  journal={AI open},
  volume={1},
  pages={57--81},
  year={2020},
  publisher={Elsevier}
}

@inproceedings{gilmer2017neural,
  title={Neural message passing for quantum chemistry},
  author={Gilmer, Justin and Schoenholz, Samuel S and Riley, Patrick F and Vinyals, Oriol and Dahl, George E},
  booktitle={International conference on machine learning},
  pages={1263--1272},
  year={2017},
  organization={PMLR}
}

@article{xiong2021graph,
  title={Graph neural networks for automated de novo drug design},
  author={Xiong, Jiacheng and Xiong, Zhaoping and Chen, Kaixian and Jiang, Hualiang and Zheng, Mingyue},
  journal={Drug discovery today},
  volume={26},
  number={6},
  pages={1382--1393},
  year={2021},
  publisher={Elsevier Current Trends}
}

@inproceedings{morris2019weisfeiler,
  title={Weisfeiler and leman go neural: Higher-order graph neural networks},
  author={Morris, Christopher and Ritzert, Martin and Fey, Matthias and Hamilton, William L and Lenssen, Jan Eric and Rattan, Gaurav and Grohe, Martin},
  booktitle={Proceedings of the AAAI conference on artificial intelligence},
  volume={33},
  number={01},
  pages={4602--4609},
  year={2019}
}

@article{alon2020bottleneck,
  title={On the bottleneck of graph neural networks and its practical implications},
  author={Alon, Uri and Yahav, Eran},
  journal={arXiv preprint arXiv:2006.05205},
  year={2020}
}

@article{velivckovic2017graph,
  title={Graph attention networks},
  author={Veli{\v{c}}kovi{\'c}, Petar and Cucurull, Guillem and Casanova, Arantxa and Romero, Adriana and Lio, Pietro and Bengio, Yoshua},
  journal={arXiv preprint arXiv:1710.10903},
  year={2017}
}

@article{velickovic2017graph,
  title={Graph attention networks},
  author={Velickovic, Petar and Cucurull, Guillem and Casanova, Arantxa and Romero, Adriana and Lio, Pietro and Bengio, Yoshua and others},
  journal={stat},
  volume={1050},
  number={20},
  pages={10--48550},
  year={2017}
}

@article{xu2018powerful,
  title={How powerful are graph neural networks?},
  author={Xu, Keyulu and Hu, Weihua and Leskovec, Jure and Jegelka, Stefanie},
  journal={arXiv preprint arXiv:1810.00826},
  year={2018}
}

@inproceedings{wang2022powerful,
  title={How powerful are spectral graph neural networks},
  author={Wang, Xiyuan and Zhang, Muhan},
  booktitle={International conference on machine learning},
  pages={23341--23362},
  year={2022},
  organization={PMLR}
}

@article{rampavsek2022recipe,
  title={Recipe for a general, powerful, scalable graph transformer},
  author={Ramp{\'a}{\v{s}}ek, Ladislav and Galkin, Michael and Dwivedi, Vijay Prakash and Luu, Anh Tuan and Wolf, Guy and Beaini, Dominique},
  journal={Advances in Neural Information Processing Systems},
  volume={35},
  pages={14501--14515},
  year={2022}
}

@article{chen2019powerful,
  title={Are powerful graph neural nets necessary? a dissection on graph classification},
  author={Chen, Ting and Bian, Song and Sun, Yizhou},
  journal={arXiv preprint arXiv:1905.04579},
  year={2019}
}

@article{li2015gated,
  title={Gated graph sequence neural networks},
  author={Li, Yujia and Tarlow, Daniel and Brockschmidt, Marc and Zemel, Richard},
  journal={arXiv preprint arXiv:1511.05493},
  year={2015}
}

@article{bresson2017residual,
  title={Residual gated graph convnets},
  author={Bresson, Xavier and Laurent, Thomas},
  journal={arXiv preprint arXiv:1711.07553},
  year={2017}
}

@article{ruiz2020gated,
  title={Gated graph recurrent neural networks},
  author={Ruiz, Luana and Gama, Fernando and Ribeiro, Alejandro},
  journal={IEEE Transactions on Signal Processing},
  volume={68},
  pages={6303--6318},
  year={2020},
  publisher={IEEE}
}

@inproceedings{lu2020spatiotemporal,
  title={Spatiotemporal adaptive gated graph convolution network for urban traffic flow forecasting},
  author={Lu, Bin and Gan, Xiaoying and Jin, Haiming and Fu, Luoyi and Zhang, Haisong},
  booktitle={Proceedings of the 29th ACM International conference on information \& knowledge management},
  pages={1025--1034},
  year={2020}
}

@inproceedings{han2014chronos,
  title={Chronos: a graph engine for temporal graph analysis},
  author={Han, Wentao and Miao, Youshan and Li, Kaiwei and Wu, Ming and Yang, Fan and Zhou, Lidong and Prabhakaran, Vijayan and Chen, Wenguang and Chen, Enhong},
  booktitle={Proceedings of the Ninth European Conference on Computer Systems},
  pages={1--14},
  year={2014}
}

@article{zhao2019t,
  title={T-GCN: A temporal graph convolutional network for traffic prediction},
  author={Zhao, Ling and Song, Yujiao and Zhang, Chao and Liu, Yu and Wang, Pu and Lin, Tao and Deng, Min and Li, Haifeng},
  journal={IEEE transactions on intelligent transportation systems},
  volume={21},
  number={9},
  pages={3848--3858},
  year={2019},
  publisher={IEEE}
}

@article{rossi2020temporal,
  title={Temporal graph networks for deep learning on dynamic graphs},
  author={Rossi, Emanuele and Chamberlain, Ben and Frasca, Fabrizio and Eynard, Davide and Monti, Federico and Bronstein, Michael},
  journal={arXiv preprint arXiv:2006.10637},
  year={2020}
}

@inproceedings{guo2019attention,
  title={Attention based spatial-temporal graph convolutional networks for traffic flow forecasting},
  author={Guo, Shengnan and Lin, Youfang and Feng, Ning and Song, Chao and Wan, Huaiyu},
  booktitle={Proceedings of the AAAI conference on artificial intelligence},
  volume={33},
  number={01},
  pages={922--929},
  year={2019}
}

@inproceedings{yan2018spatial,
  title={Spatial temporal graph convolutional networks for skeleton-based action recognition},
  author={Yan, Sijie and Xiong, Yuanjun and Lin, Dahua},
  booktitle={Proceedings of the AAAI conference on artificial intelligence},
  volume={32},
  number={1},
  year={2018}
}

@article{yu2017spatio,
  title={Spatio-temporal graph convolutional networks: A deep learning framework for traffic forecasting},
  author={Yu, Bing and Yin, Haoteng and Zhu, Zhanxing},
  journal={arXiv preprint arXiv:1709.04875},
  year={2017}
}

@article{bui2022spatial,
  title={Spatial-temporal graph neural network for traffic forecasting: An overview and open research issues},
  author={Bui, Khac-Hoai Nam and Cho, Jiho and Yi, Hongsuk},
  journal={Applied Intelligence},
  volume={52},
  number={3},
  pages={2763--2774},
  year={2022},
  publisher={Springer}
}

@article{manessi2020dynamic,
  title={Dynamic graph convolutional networks},
  author={Manessi, Franco and Rozza, Alessandro and Manzo, Mario},
  journal={Pattern Recognition},
  volume={97},
  pages={107000},
  year={2020},
  publisher={Elsevier}
}

@article{wang2019dynamic,
  title={Dynamic graph cnn for learning on point clouds},
  author={Wang, Yue and Sun, Yongbin and Liu, Ziwei and Sarma, Sanjay E and Bronstein, Michael M and Solomon, Justin M},
  journal={ACM Transactions on Graphics (tog)},
  volume={38},
  number={5},
  pages={1--12},
  year={2019},
  publisher={Acm New York, NY, USA}
}

@inproceedings{beck2017taxonomy,
  title={A taxonomy and survey of dynamic graph visualization},
  author={Beck, Fabian and Burch, Michael and Diehl, Stephan and Weiskopf, Daniel},
  booktitle={Computer graphics forum},
  volume={36},
  number={1},
  pages={133--159},
  year={2017},
  organization={Wiley Online Library}
}

@article{harary1997dynamic,
  title={Dynamic graph models},
  author={Harary, Frank and Gupta, Gopal},
  journal={Mathematical and Computer Modelling},
  volume={25},
  number={7},
  pages={79--87},
  year={1997},
  publisher={Elsevier}
}

@inproceedings{sankar2020dysat,
  title={Dysat: Deep neural representation learning on dynamic graphs via self-attention networks},
  author={Sankar, Aravind and Wu, Yanhong and Gou, Liang and Zhang, Wei and Yang, Hao},
  booktitle={Proceedings of the 13th international conference on web search and data mining},
  pages={519--527},
  year={2020}
}

@article{di2022graph,
  title={Graph neural networks as gradient flows},
  author={Di Giovanni, Francesco and Rowbottom, James and Chamberlain, Benjamin Paul and Markovich, Thomas and Bronstein, Michael M},
  year={2022}
}

@article{topping2021understanding,
  title={Understanding over-squashing and bottlenecks on graphs via curvature},
  author={Topping, Jake and Di Giovanni, Francesco and Chamberlain, Benjamin Paul and Dong, Xiaowen and Bronstein, Michael M},
  journal={arXiv preprint arXiv:2111.14522},
  year={2021}
}

@article{chamberlain2021beltrami,
  title={Beltrami flow and neural diffusion on graphs},
  author={Chamberlain, Benjamin and Rowbottom, James and Eynard, Davide and Di Giovanni, Francesco and Dong, Xiaowen and Bronstein, Michael},
  journal={Advances in Neural Information Processing Systems},
  volume={34},
  pages={1594--1609},
  year={2021}
}

@article{bodnar2022neural,
  title={Neural sheaf diffusion: A topological perspective on heterophily and oversmoothing in gnns},
  author={Bodnar, Cristian and Di Giovanni, Francesco and Chamberlain, Benjamin and Lio, Pietro and Bronstein, Michael},
  journal={Advances in Neural Information Processing Systems},
  volume={35},
  pages={18527--18541},
  year={2022}
}

@inproceedings{di2023over,
  title={On over-squashing in message passing neural networks: The impact of width, depth, and topology},
  author={Di Giovanni, Francesco and Giusti, Lorenzo and Barbero, Federico and Luise, Giulia and Lio, Pietro and Bronstein, Michael M},
  booktitle={International Conference on Machine Learning},
  pages={7865--7885},
  year={2023},
  organization={PMLR}
}

@article{di2022heterogeneous,
  title={Heterogeneous manifolds for curvature-aware graph embedding},
  author={Di Giovanni, Francesco and Luise, Giulia and Bronstein, Michael},
  journal={arXiv preprint arXiv:2202.01185},
  year={2022}
}

@inproceedings{rossi2024edge,
  title={Edge directionality improves learning on heterophilic graphs},
  author={Rossi, Emanuele and Charpentier, Bertrand and Di Giovanni, Francesco and Frasca, Fabrizio and G{\"u}nnemann, Stephan and Bronstein, Michael M},
  booktitle={Learning on Graphs Conference},
  pages={25--1},
  year={2024},
  organization={PMLR}
}

@article{di2021rotationally,
  title={Rotationally symmetric Ricci flow on Rn+ 1},
  author={Di Giovanni, Francesco},
  journal={Advances in Mathematics},
  volume={381},
  pages={107621},
  year={2021},
  publisher={Elsevier}
}

@article{bronstein2017geometric,
  title={Geometric deep learning: going beyond euclidean data},
  author={Bronstein, Michael M and Bruna, Joan and LeCun, Yann and Szlam, Arthur and Vandergheynst, Pierre},
  journal={IEEE Signal Processing Magazine},
  volume={34},
  number={4},
  pages={18--42},
  year={2017},
  publisher={IEEE}
}

@inproceedings{monti2017geometric,
  title={Geometric deep learning on graphs and manifolds using mixture model cnns},
  author={Monti, Federico and Boscaini, Davide and Masci, Jonathan and Rodola, Emanuele and Svoboda, Jan and Bronstein, Michael M},
  booktitle={Proceedings of the IEEE conference on computer vision and pattern recognition},
  pages={5115--5124},
  year={2017}
}

@article{monti2019fake,
  title={Fake news detection on social media using geometric deep learning},
  author={Monti, Federico and Frasca, Fabrizio and Eynard, Davide and Mannion, Damon and Bronstein, Michael M},
  journal={arXiv preprint arXiv:1902.06673},
  year={2019}
}

@inproceedings{masci2015geodesic,
  title={Geodesic convolutional neural networks on riemannian manifolds},
  author={Masci, Jonathan and Boscaini, Davide and Bronstein, Michael and Vandergheynst, Pierre},
  booktitle={Proceedings of the IEEE international conference on computer vision workshops},
  pages={37--45},
  year={2015}
}

@article{bronstein2021geometric,
  title={Geometric deep learning: Grids, groups, graphs, geodesics, and gauges},
  author={Bronstein, Michael M and Bruna, Joan and Cohen, Taco and Veli{\v{c}}kovi{\'c}, Petar},
  journal={arXiv preprint arXiv:2104.13478},
  year={2021}
}

@article{levie2018cayleynets,
  title={Cayleynets: Graph convolutional neural networks with complex rational spectral filters},
  author={Levie, Ron and Monti, Federico and Bresson, Xavier and Bronstein, Michael M},
  journal={IEEE Transactions on Signal Processing},
  volume={67},
  number={1},
  pages={97--109},
  year={2018},
  publisher={IEEE}
}

@article{gaudelet2021utilizing,
  title={Utilizing graph machine learning within drug discovery and development},
  author={Gaudelet, Thomas and Day, Ben and Jamasb, Arian R and Soman, Jyothish and Regep, Cristian and Liu, Gertrude and Hayter, Jeremy BR and Vickers, Richard and Roberts, Charles and Tang, Jian and others},
  journal={Briefings in bioinformatics},
  volume={22},
  number={6},
  pages={bbab159},
  year={2021},
  publisher={Oxford University Press}
}

@article{yang2024dynamic,
  title={Dynamic graph representation learning with neural networks: A survey},
  author={Yang, Leshanshui and Chatelain, Cl{\'e}ment and Adam, S{\'e}bastien},
  journal={IEEE Access},
  volume={12},
  pages={43460--43484},
  year={2024},
  publisher={IEEE}
}

@article{kreuzer2021rethinking,
  title={Rethinking graph transformers with spectral attention},
  author={Kreuzer, Devin and Beaini, Dominique and Hamilton, Will and L{\'e}tourneau, Vincent and Tossou, Prudencio},
  journal={Advances in Neural Information Processing Systems},
  volume={34},
  pages={21618--21629},
  year={2021}
}

@article{dwivedi2023benchmarking,
  title={Benchmarking graph neural networks},
  author={Dwivedi, Vijay Prakash and Joshi, Chaitanya K and Luu, Anh Tuan and Laurent, Thomas and Bengio, Yoshua and Bresson, Xavier},
  journal={Journal of Machine Learning Research},
  volume={24},
  number={43},
  pages={1--48},
  year={2023}
}

@article{dwivedi2021graph,
  title={Graph neural networks with learnable structural and positional representations},
  author={Dwivedi, Vijay Prakash and Luu, Anh Tuan and Laurent, Thomas and Bengio, Yoshua and Bresson, Xavier},
  journal={arXiv preprint arXiv:2110.07875},
  year={2021}
}

@article{yang2020revisiting,
  title={Revisiting over-smoothing in deep GCNs},
  author={Yang, Chaoqi and Wang, Ruijie and Yao, Shuochao and Liu, Shengzhong and Abdelzaher, Tarek},
  journal={arXiv preprint arXiv:2003.13663},
  year={2020}
}

@article{huang2020tackling,
  title={Tackling over-smoothing for general graph convolutional networks},
  author={Huang, Wenbing and Rong, Yu and Xu, Tingyang and Sun, Fuchun and Huang, Junzhou},
  journal={arXiv preprint arXiv:2008.09864},
  year={2020}
}

@article{keriven2022not,
  title={Not too little, not too much: a theoretical analysis of graph (over) smoothing},
  author={Keriven, Nicolas},
  journal={Advances in Neural Information Processing Systems},
  volume={35},
  pages={2268--2281},
  year={2022}
}

@inproceedings{chen2019over,
  title={On the over-smoothing problem of cnn based disparity estimation},
  author={Chen, Chuangrong and Chen, Xiaozhi and Cheng, Hui},
  booktitle={Proceedings of the IEEE/CVF International Conference on Computer Vision},
  pages={8997--9005},
  year={2019}
}

@article{chen2022preventing,
  title={Preventing over-smoothing for hypergraph neural networks},
  author={Chen, Guanzi and Zhang, Jiying and Xiao, Xi and Li, Yang},
  journal={arXiv preprint arXiv:2203.17159},
  year={2022}
}

@article{giraldo2022understanding,
  title={Understanding the relationship between over-smoothing and over-squashing in graph neural networks},
  author={Giraldo, Jhony H and Malliaros, Fragkiskos D and Bouwmans, Thierry},
  journal={arXiv preprint arXiv:2212.02374},
  year={2022},
  publisher={CoRR}
}

@article{zhao2019pairnorm,
  title={Pairnorm: Tackling oversmoothing in gnns},
  author={Zhao, Lingxiao and Akoglu, Leman},
  journal={arXiv preprint arXiv:1909.12223},
  year={2019}
}

@inproceedings{chen2020measuring,
  title={Measuring and relieving the over-smoothing problem for graph neural networks from the topological view},
  author={Chen, Deli and Lin, Yankai and Li, Wei and Li, Peng and Zhou, Jie and Sun, Xu},
  booktitle={Proceedings of the AAAI conference on artificial intelligence},
  volume={34},
  number={04},
  pages={3438--3445},
  year={2020}
}

@article{li2020dirichlet,
  title={Dirichlet graph variational autoencoder},
  author={Li, Jia and Yu, Jianwei and Li, Jiajin and Zhang, Honglei and Zhao, Kangfei and Rong, Yu and Cheng, Hong and Huang, Junzhou},
  journal={Advances in Neural Information Processing Systems},
  volume={33},
  pages={5274--5283},
  year={2020}
}

@article{gao2021stochastic,
  title={Stochastic graph neural networks},
  author={Gao, Zhan and Isufi, Elvin and Ribeiro, Alejandro},
  journal={IEEE Transactions on Signal Processing},
  volume={69},
  pages={4428--4443},
  year={2021},
  publisher={IEEE}
}

@article{li2020stochastic,
  title={Stochastic deep gaussian processes over graphs},
  author={Li, Naiqi and Li, Wenjie and Sun, Jifeng and Gao, Yinghua and Jiang, Yong and Xia, Shu-Tao},
  journal={Advances in Neural Information Processing Systems},
  volume={33},
  pages={5875--5886},
  year={2020}
}

@article{gao2021stability,
  title={Stability of graph convolutional neural networks to stochastic perturbations},
  author={Gao, Zhan and Isufi, Elvin and Ribeiro, Alejandro},
  journal={Signal Processing},
  volume={188},
  pages={108216},
  year={2021},
  publisher={Elsevier}
}

@inproceedings{abu2019mixhop,
  title={Mixhop: Higher-order graph convolutional architectures via sparsified neighborhood mixing},
  author={Abu-El-Haija, Sami and Perozzi, Bryan and Kapoor, Amol and Alipourfard, Nazanin and Lerman, Kristina and Harutyunyan, Hrayr and Ver Steeg, Greg and Galstyan, Aram},
  booktitle={international conference on machine learning},
  pages={21--29},
  year={2019},
  organization={PMLR}
}

@inproceedings{ba2022mixhop,
  title={MixHop Graph WaveNet for Traffic Forecasting},
  author={Ba, Bing and Fu, Qi and Hang, Chongjing and Jiang, YunXia},
  booktitle={National Conference of Theoretical Computer Science},
  pages={117--131},
  year={2022},
  organization={Springer}
}

@article{lu2022make,
  title={Make more connections: Urban traffic flow forecasting with spatiotemporal adaptive gated graph convolution network},
  author={Lu, Bin and Gan, Xiaoying and Jin, Haiming and Fu, Luoyi and Wang, Xinbing and Zhang, Haisong},
  journal={ACM Transactions on Intelligent Systems and Technology (TIST)},
  volume={13},
  number={2},
  pages={1--25},
  year={2022},
  publisher={ACM New York, NY}
}

@inproceedings{abu2020n,
  title={N-gcn: Multi-scale graph convolution for semi-supervised node classification},
  author={Abu-El-Haija, Sami and Kapoor, Amol and Perozzi, Bryan and Lee, Joonseok},
  booktitle={uncertainty in artificial intelligence},
  pages={841--851},
  year={2020},
  organization={PMLR}
}

@article{nikolentzos2020k,
  title={K-hop graph neural networks},
  author={Nikolentzos, Giannis and Dasoulas, George and Vazirgiannis, Michalis},
  journal={Neural Networks},
  volume={130},
  pages={195--205},
  year={2020},
  publisher={Pergamon}
}

@article{feng2022powerful,
  title={How powerful are k-hop message passing graph neural networks},
  author={Feng, Jiarui and Chen, Yixin and Li, Fuhai and Sarkar, Anindya and Zhang, Muhan},
  journal={Advances in Neural Information Processing Systems},
  volume={35},
  pages={4776--4790},
  year={2022}
}

@article{zhang2021nested,
  title={Nested graph neural networks},
  author={Zhang, Muhan and Li, Pan},
  journal={Advances in Neural Information Processing Systems},
  volume={34},
  pages={15734--15747},
  year={2021}
}

@article{gasteiger2019diffusion,
  title={Diffusion improves graph learning},
  author={Gasteiger, Johannes and Wei{\ss}enberger, Stefan and G{\"u}nnemann, Stephan},
  journal={Advances in neural information processing systems},
  volume={32},
  year={2019}
}

@article{zhao2021adaptive,
  title={Adaptive diffusion in graph neural networks},
  author={Zhao, Jialin and Dong, Yuxiao and Ding, Ming and Kharlamov, Evgeny and Tang, Jie},
  journal={Advances in neural information processing systems},
  volume={34},
  pages={23321--23333},
  year={2021}
}

@inproceedings{lee2023time,
  title={Time-aware random walk diffusion to improve dynamic graph learning},
  author={Lee, Jong-whi and Jung, Jinhong},
  booktitle={Proceedings of the AAAI Conference on Artificial Intelligence},
  volume={37},
  number={7},
  pages={8473--8481},
  year={2023}
}

@inproceedings{chamberlain2021grand,
  title={Grand: Graph neural diffusion},
  author={Chamberlain, Ben and Rowbottom, James and Gorinova, Maria I and Bronstein, Michael and Webb, Stefan and Rossi, Emanuele},
  booktitle={International conference on machine learning},
  pages={1407--1418},
  year={2021},
  organization={PMLR}
}

@article{thorpe2022grand++,
  title={GRAND++: Graph neural diffusion with a source term},
  author={Thorpe, Matthew and Nguyen, Tan and Xia, Hedi and Strohmer, Thomas and Bertozzi, Andrea and Osher, Stanley and Wang, Bao},
  journal={ICLR},
  year={2022}
}

@article{huang2024temporal,
  title={Temporal graph benchmark for machine learning on temporal graphs},
  author={Huang, Shenyang and Poursafaei, Farimah and Danovitch, Jacob and Fey, Matthias and Hu, Weihua and Rossi, Emanuele and Leskovec, Jure and Bronstein, Michael and Rabusseau, Guillaume and Rabbany, Reihaneh},
  journal={Advances in Neural Information Processing Systems},
  volume={36},
  year={2024}
}

@article{frasca2020sign,
  title={Sign: Scalable inception graph neural networks},
  author={Frasca, Fabrizio and Rossi, Emanuele and Eynard, Davide and Chamberlain, Ben and Bronstein, Michael and Monti, Federico},
  journal={arXiv preprint arXiv:2004.11198},
  year={2020}
}

@inproceedings{bodnar2021weisfeiler,
  title={Weisfeiler and lehman go topological: Message passing simplicial networks},
  author={Bodnar, Cristian and Frasca, Fabrizio and Wang, Yuguang and Otter, Nina and Montufar, Guido F and Lio, Pietro and Bronstein, Michael},
  booktitle={International Conference on Machine Learning},
  pages={1026--1037},
  year={2021},
  organization={PMLR}
}

@article{bodnar2021weisfeiler,
  title={Weisfeiler and lehman go cellular: Cw networks},
  author={Bodnar, Cristian and Frasca, Fabrizio and Otter, Nina and Wang, Yuguang and Lio, Pietro and Montufar, Guido F and Bronstein, Michael},
  journal={Advances in neural information processing systems},
  volume={34},
  pages={2625--2640},
  year={2021}
}

@inproceedings{giusti2023cell,
  title={Cell attention networks},
  author={Giusti, Lorenzo and Battiloro, Claudio and Testa, Lucia and Di Lorenzo, Paolo and Sardellitti, Stefania and Barbarossa, Sergio},
  booktitle={2023 International Joint Conference on Neural Networks (IJCNN)},
  pages={1--8},
  year={2023},
  organization={IEEE}
}

@article{bevilacqua2021equivariant,
  title={Equivariant subgraph aggregation networks},
  author={Bevilacqua, Beatrice and Frasca, Fabrizio and Lim, Derek and Srinivasan, Balasubramaniam and Cai, Chen and Balamurugan, Gopinath and Bronstein, Michael M and Maron, Haggai},
  journal={arXiv preprint arXiv:2110.02910},
  year={2021}
}

@inproceedings{jain2016structural,
  title={Structural-rnn: Deep learning on spatio-temporal graphs},
  author={Jain, Ashesh and Zamir, Amir R and Savarese, Silvio and Saxena, Ashutosh},
  booktitle={Proceedings of the ieee conference on computer vision and pattern recognition},
  pages={5308--5317},
  year={2016}
}

@inproceedings{plizzari2021spatial,
  title={Spatial temporal transformer network for skeleton-based action recognition},
  author={Plizzari, Chiara and Cannici, Marco and Matteucci, Matteo},
  booktitle={Pattern recognition. ICPR international workshops and challenges: virtual event, January 10--15, 2021, Proceedings, Part III},
  pages={694--701},
  year={2021},
  organization={Springer International Publishing}
}

@article{li2022enhanced,
  title={Enhanced time-expanded graph for space information network modeling},
  author={Li, Jiandong and Wang, Peng and Li, Hongyan and Shi, Keyi},
  journal={Science China Information Sciences},
  volume={65},
  number={9},
  pages={192301},
  year={2022},
  publisher={Springer}
}

@article{azimifar2015vehicle,
  title={Vehicle-to-vehicle forwarding in green roadside infrastructure},
  author={Azimifar, Morteza and Todd, Terence D and Khezrian, Amir and Karakostas, George},
  journal={IEEE transactions on vehicular technology},
  volume={65},
  number={2},
  pages={780--795},
  year={2015},
  publisher={IEEE}
}

@inproceedings{rehman2020exploring,
  title={Exploring accelerator and parallel graph algorithmic choices for temporal graphs},
  author={Rehman, Akif and Ahmad, Masab and Khan, Omer},
  booktitle={Proceedings of the Eleventh International Workshop on Programming Models and Applications for Multicores and Manycores},
  pages={1--10},
  year={2020}
}

@article{deng2019graph,
  title={Graph message passing with cross-location attentions for long-term ili prediction},
  author={Deng, Songgaojun and Wang, Shusen and Rangwala, Huzefa and Wang, Lijing and Ning, Yue},
  journal={arXiv preprint arXiv:1912.10202},
  year={2019}
}

@article{gao2022pifold,
  title={PiFold: Toward effective and efficient protein inverse folding},
  author={Gao, Zhangyang and Tan, Cheng and Chac{\'o}n, Pablo and Li, Stan Z},
  journal={arXiv preprint arXiv:2209.12643},
  year={2022}
}

@article{gao2023knowledge,
  title={Knowledge-Design: Pushing the Limit of Protein Design via Knowledge Refinement},
  author={Gao, Zhangyang and Tan, Cheng and Li, Stan Z},
  journal={arXiv preprint arXiv:2305.15151},
  year={2023}
}

@article{zhang2023spin,
  title={SPIN-CGNN: Improved fixed backbone protein design with contact map-based graph construction and contact graph neural network},
  author={Zhang, Xing and Yin, Hongmei and Ling, Fei and Zhan, Jian and Zhou, Yaoqi},
  journal={PLoS Computational Biology},
  volume={19},
  number={12},
  pages={e1011330},
  year={2023},
  publisher={Public Library of Science San Francisco, CA USA}
}

@article{jumper2021highly,
  title={Highly accurate protein structure prediction with AlphaFold},
  author={Jumper, John and Evans, Richard and Pritzel, Alexander and Green, Tim and Figurnov, Michael and Ronneberger, Olaf and Tunyasuvunakool, Kathryn and Bates, Russ and {\v{Z}}{\'\i}dek, Augustin and Potapenko, Anna and others},
  journal={nature},
  volume={596},
  number={7873},
  pages={583--589},
  year={2021},
  publisher={Nature Publishing Group}
}

@article{ingraham2019generative,
  title={Generative models for graph-based protein design},
  author={Ingraham, John and Garg, Vikas and Barzilay, Regina and Jaakkola, Tommi},
  journal={Advances in neural information processing systems},
  volume={32},
  year={2019}
}

@article{gao2022alphadesign,
  title={Alphadesign: A graph protein design method and benchmark on alphafolddb},
  author={Gao, Zhangyang and Tan, Cheng and Li, Stan Z},
  journal={arXiv preprint arXiv:2202.01079},
  year={2022}
}

@article{strokach2020fast,
  title={Fast and flexible protein design using deep graph neural networks},
  author={Strokach, Alexey and Becerra, David and Corbi-Verge, Carles and Perez-Riba, Albert and Kim, Philip M},
  journal={Cell systems},
  volume={11},
  number={4},
  pages={402--411},
  year={2020},
  publisher={Elsevier}
}

@article{maguire2021xenet,
  title={XENet: Using a new graph convolution to accelerate the timeline for protein design on quantum computers},
  author={Maguire, Jack B and Grattarola, Daniele and Mulligan, Vikram Khipple and Klyshko, Eugene and Melo, Hans},
  journal={PLoS computational biology},
  volume={17},
  number={9},
  pages={e1009037},
  year={2021},
  publisher={Public Library of Science San Francisco, CA USA}
}

@article{tan2022generative,
  title={Generative de novo protein design with global context},
  author={Tan, Cheng and Gao, Zhangyang and Xia, Jun and Hu, Bozhen and Li, Stan Z},
  journal={arXiv preprint arXiv:2204.10673},
  year={2022}
}

@article{hu2020open,
  title={Open graph benchmark: Datasets for machine learning on graphs},
  author={Hu, Weihua and Fey, Matthias and Zitnik, Marinka and Dong, Yuxiao and Ren, Hongyu and Liu, Bowen and Catasta, Michele and Leskovec, Jure},
  journal={Advances in neural information processing systems},
  volume={33},
  pages={22118--22133},
  year={2020}
}

@article{kipf2016semi,
  title={Semi-supervised classification with graph convolutional networks},
  author={Kipf, Thomas N and Welling, Max},
  journal={arXiv preprint arXiv:1609.02907},
  year={2016}
}

@article{kipf2016variational,
  title={Variational graph auto-encoders},
  author={Kipf, Thomas N and Welling, Max},
  journal={arXiv preprint arXiv:1611.07308},
  year={2016}
}

@article{hamilton2017inductive,
  title={Inductive representation learning on large graphs},
  author={Hamilton, Will and Ying, Zhitao and Leskovec, Jure},
  journal={Advances in neural information processing systems},
  volume={30},
  year={2017}
}

@inproceedings{barcelo2020logical,
  title={The logical expressiveness of graph neural networks},
  author={Barcel{\'o}, Pablo and Kostylev, Egor V and Monet, Mikael and P{\'e}rez, Jorge and Reutter, Juan and Silva, Juan-Pablo},
  booktitle={8th International Conference on Learning Representations (ICLR 2020)},
  year={2020}
}

@article{oono2019graph,
  title={Graph neural networks exponentially lose expressive power for node classification},
  author={Oono, Kenta and Suzuki, Taiji},
  journal={arXiv preprint arXiv:1905.10947},
  year={2019}
}

@article{pepe2024modeling,
  title={Modeling orientational features via geometric algebra for 3D protein coordinates prediction},
  author={Pepe, Alberto and Lasenby, Joan},
  journal={Mathematical Methods in the Applied Sciences},
  volume={47},
  number={14},
  pages={11385--11404},
  year={2024}
}

@article{arnaiz2022diffwire,
  title={Diffwire: Inductive graph rewiring via the lov$\backslash$'asz bound},
  author={Arnaiz-Rodr{\'\i}guez, Adri{\'a}n and Begga, Ahmed and Escolano, Francisco and Oliver, Nuria},
  journal={arXiv preprint arXiv:2206.07369},
  year={2022}
}

@inproceedings{deac2022expander,
  title={Expander graph propagation},
  author={Deac, Andreea and Lackenby, Marc and Veli{\v{c}}kovi{\'c}, Petar},
  booktitle={Learning on Graphs Conference},
  pages={38--1},
  year={2022},
  organization={PMLR}
}

@inproceedings{shirzad2023exphormer,
  title={Exphormer: Sparse transformers for graphs},
  author={Shirzad, Hamed and Velingker, Ameya and Venkatachalam, Balaji and Sutherland, Danica J and Sinop, Ali Kemal},
  booktitle={International Conference on Machine Learning},
  pages={31613--31632},
  year={2023},
  organization={PMLR}
}

@article{rong2019dropedge,
  title={Dropedge: Towards deep graph convolutional networks on node classification},
  author={Rong, Yu and Huang, Wenbing and Xu, Tingyang and Huang, Junzhou},
  journal={arXiv preprint arXiv:1907.10903},
  year={2019}
}

@article{papp2021dropgnn,
  title={DropGNN: Random dropouts increase the expressiveness of graph neural networks},
  author={Papp, P{\'a}l Andr{\'a}s and Martinkus, Karolis and Faber, Lukas and Wattenhofer, Roger},
  journal={Advances in Neural Information Processing Systems},
  volume={34},
  pages={21997--22009},
  year={2021}
}

@inproceedings{black2023understanding,
  title={Understanding oversquashing in gnns through the lens of effective resistance},
  author={Black, Mitchell and Wan, Zhengchao and Nayyeri, Amir and Wang, Yusu},
  booktitle={International Conference on Machine Learning},
  pages={2528--2547},
  year={2023},
  organization={PMLR}
}

@article{battaglia2016interaction,
  title={Interaction networks for learning about objects, relations and physics},
  author={Battaglia, Peter and Pascanu, Razvan and Lai, Matthew and Jimenez Rezende, Danilo and others},
  journal={Advances in neural information processing systems},
  volume={29},
  year={2016}
}

@article{wang2022equivariant,
  title={Equivariant and stable positional encoding for more powerful graph neural networks},
  author={Wang, Haorui and Yin, Haoteng and Zhang, Muhan and Li, Pan},
  journal={arXiv preprint arXiv:2203.00199},
  year={2022}
}

@article{masters2022gps++,
  title={Gps++: An optimised hybrid mpnn/transformer for molecular property prediction},
  author={Masters, Dominic and Dean, Josef and Klaser, Kerstin and Li, Zhiyi and Maddrell-Mander, Sam and Sanders, Adam and Helal, Hatem and Beker, Deniz and Ramp{\'a}{\v{s}}ek, Ladislav and Beaini, Dominique},
  journal={arXiv preprint arXiv:2212.02229},
  year={2022}
}

@article{rusch2022gradient,
  title={Gradient gating for deep multi-rate learning on graphs},
  author={Rusch, T Konstantin and Chamberlain, Benjamin P and Mahoney, Michael W and Bronstein, Michael M and Mishra, Siddhartha},
  journal={arXiv preprint arXiv:2210.00513},
  year={2022}
}

@article{nt2019revisiting,
  title={Revisiting graph neural networks: All we have is low-pass filters},
  author={Nt, Hoang and Maehara, Takanori},
  journal={arXiv preprint arXiv:1905.09550},
  year={2019}
}

@article{vaswani2017attention,
  title={Attention is all you need},
  author={Vaswani, Ashish},
  journal={arXiv preprint arXiv:1706.03762},
  year={2017}
}

@article{kazemi2020representation,
  title={Representation learning for dynamic graphs: A survey},
  author={Kazemi, Seyed Mehran and Goel, Rishab and Jain, Kshitij and Kobyzev, Ivan and Sethi, Akshay and Forsyth, Peter and Poupart, Pascal},
  journal={Journal of Machine Learning Research},
  volume={21},
  number={70},
  pages={1--73},
  year={2020}
}

@article{skarding2021foundations,
  title={Foundations and modeling of dynamic networks using dynamic graph neural networks: A survey},
  author={Skarding, Joakim and Gabrys, Bogdan and Musial, Katarzyna},
  journal={iEEE Access},
  volume={9},
  pages={79143--79168},
  year={2021},
  publisher={IEEE}
}

@article{barros2021survey,
  title={A survey on embedding dynamic graphs},
  author={Barros, Claudio DT and Mendon{\c{c}}a, Matheus RF and Vieira, Alex B and Ziviani, Artur},
  journal={ACM Computing Surveys (CSUR)},
  volume={55},
  number={1},
  pages={1--37},
  year={2021},
  publisher={ACM New York, NY}
}

@article{yu2023spatio,
  title={Spatio-temporal graph learning for epidemic prediction},
  author={Yu, Shuo and Xia, Feng and Li, Shihao and Hou, Mingliang and Sheng, Quan Z},
  journal={ACM Transactions on Intelligent Systems and Technology},
  volume={14},
  number={2},
  pages={1--25},
  year={2023},
  publisher={ACM New York, NY}
}

@article{hochreiter1997long,
  title={Long Short-term Memory},
  author={Hochreiter, S},
  journal={Neural Computation MIT-Press},
  year={1997}
}

@article{cho2014learning,
  title={Learning phrase representations using RNN encoder-decoder for statistical machine translation},
  author={Cho, Kyunghyun},
  journal={arXiv preprint arXiv:1406.1078},
  year={2014}
}

@article{hajiramezanali2019variational,
  title={Variational graph recurrent neural networks},
  author={Hajiramezanali, Ehsan and Hasanzadeh, Arman and Narayanan, Krishna and Duffield, Nick and Zhou, Mingyuan and Qian, Xiaoning},
  journal={Advances in neural information processing systems},
  volume={32},
  year={2019}
}

@article{tortorella2021dynamic,
  title={Dynamic graph echo state networks},
  author={Tortorella, Domenico and Micheli, Alessio},
  journal={arXiv preprint arXiv:2110.08565},
  year={2021}
}

@article{niknam2023dyvgrnn,
  title={DyVGRNN: DYnamic mixture variational graph recurrent neural networks},
  author={Niknam, Ghazaleh and Molaei, Soheila and Zare, Hadi and Pan, Shirui and Jalili, Mahdi and Zhu, Tingting and Clifton, David},
  journal={Neural Networks},
  volume={165},
  pages={596--610},
  year={2023},
  publisher={Elsevier}
}

@inproceedings{sandfelder2021ego,
  title={Ego-gnns: Exploiting ego structures in graph neural networks},
  author={Sandfelder, Dylan and Vijayan, Priyesh and Hamilton, William L},
  booktitle={ICASSP 2021-2021 IEEE International Conference on Acoustics, Speech and Signal Processing (ICASSP)},
  pages={8523--8527},
  year={2021},
  organization={IEEE}
}

@inproceedings{he2023generalization,
  title={A generalization of vit/mlp-mixer to graphs},
  author={He, Xiaoxin and Hooi, Bryan and Laurent, Thomas and Perold, Adam and LeCun, Yann and Bresson, Xavier},
  booktitle={International conference on machine learning},
  pages={12724--12745},
  year={2023},
  organization={PMLR}
}

@inproceedings{de2023projections,
  title={Projections of model spaces for latent graph inference},
  author={de Oc{\'a}riz Borde, Haitz S{\'a}ez and Arroyo, Alvaro and Posner, Ingmar},
  booktitle={ICLR 2023 Workshop on Physics for Machine Learning},
  year={2023}
}

@article{arroyo2024deep,
  title={Deep attentive survival analysis in limit order books: Estimating fill probabilities with convolutional-transformers},
  author={Arroyo, Alvaro and Cartea, Alvaro and Moreno-Pino, Fernando and Zohren, Stefan},
  journal={Quantitative Finance},
  volume={24},
  number={1},
  pages={35--57},
  year={2024},
  publisher={Routledge}
}

@inproceedings{scalzo2021nonstationary,
  title={Nonstationary portfolios: Diversification in the spectral domain},
  author={Scalzo, Bruno and Arroyo, Alvaro and Stankovi{\'c}, Ljubi{\v{s}}a and Mandic, Danilo P},
  booktitle={ICASSP 2021-2021 IEEE International Conference on Acoustics, Speech and Signal Processing (ICASSP)},
  pages={5155--5159},
  year={2021},
  organization={IEEE}
}

@inproceedings{arroyo2022dynamic,
  title={Dynamic portfolio cuts: A spectral approach to graph-theoretic diversification},
  author={Arroyo, Alvaro and Scalzo, Bruno and Stankovi{\'c}, Ljubi{\v{s}}a and Mandic, Danilo P},
  booktitle={ICASSP 2022-2022 IEEE International Conference on Acoustics, Speech and Signal Processing (ICASSP)},
  pages={5468--5472},
  year={2022},
  organization={IEEE}
}

@article{borde2023neural,
  title={Neural Latent Geometry Search: Product Manifold Inference via Gromov-Hausdorff-Informed Bayesian Optimization},
  author={Borde, Haitz Saez de Ocariz and Arroyo, Alvaro and Morales, Ismael and Posner, Ingmar and Dong, Xiaowen},
  journal={arXiv preprint arXiv:2309.04810},
  year={2023}
}

@article{de2023gromov,
  title={Gromov-Hausdorff Distances for Comparing Product Manifolds of Model Spaces},
  author={de Oc{\'a}riz Borde, Haitz S{\'a}ez and Arroyo, Alvaro and Morales, Ismael and Posner, Ingmar and Dong, Xiaowen},
  year={2023}
}

@article{ying2021transformers,
  title={Do transformers really perform badly for graph representation?},
  author={Ying, Chengxuan and Cai, Tianle and Luo, Shengjie and Zheng, Shuxin and Ke, Guolin and He, Di and Shen, Yanming and Liu, Tie-Yan},
  journal={Advances in neural information processing systems},
  volume={34},
  pages={28877--28888},
  year={2021}
}

@article{zhao2023graphtext,
  title={Graphtext: Graph reasoning in text space},
  author={Zhao, Jianan and Zhuo, Le and Shen, Yikang and Qu, Meng and Liu, Kai and Bronstein, Michael and Zhu, Zhaocheng and Tang, Jian},
  journal={arXiv preprint arXiv:2310.01089},
  year={2023}
}

@article{wang2021review,
  title={A review on graph neural network methods in financial applications},
  author={Wang, Jianian and Zhang, Sheng and Xiao, Yanghua and Song, Rui},
  journal={arXiv preprint arXiv:2111.15367},
  year={2021}
}

@article{finkelshtein2023cooperative,
  title={Cooperative graph neural networks},
  author={Finkelshtein, Ben and Huang, Xingyue and Bronstein, Michael and Ceylan, Ismail Ilkan},
  journal={arXiv preprint arXiv:2310.01267},
  year={2023}
}

@inproceedings{sanchez2020learning,
  title={Learning to simulate complex physics with graph networks},
  author={Sanchez-Gonzalez, Alvaro and Godwin, Jonathan and Pfaff, Tobias and Ying, Rex and Leskovec, Jure and Battaglia, Peter},
  booktitle={International conference on machine learning},
  pages={8459--8468},
  year={2020},
  organization={PMLR}
}

@article{xie2022accelerating,
  title={Accelerating amorphous polymer electrolyte screening by learning to reduce errors in molecular dynamics simulated properties},
  author={Xie, Tian and France-Lanord, Arthur and Wang, Yanming and Lopez, Jeffrey and Stolberg, Michael A and Hill, Megan and Leverick, Graham Michael and Gomez-Bombarelli, Rafael and Johnson, Jeremiah A and Shao-Horn, Yang and others},
  journal={Nature communications},
  volume={13},
  number={1},
  pages={3415},
  year={2022},
  publisher={Nature Publishing Group UK London}
}

@article{meng2022physics,
  title={When physics meets machine learning: A survey of physics-informed machine learning},
  author={Meng, Chuizheng and Seo, Sungyong and Cao, Defu and Griesemer, Sam and Liu, Yan},
  journal={arXiv preprint arXiv:2203.16797},
  year={2022}
}

@article{wu2023advective,
  title={Advective diffusion transformers for topological generalization in graph learning},
  author={Wu, Qitian and Yang, Chenxiao and Zeng, Kaipeng and Nie, Fan and Bronstein, Michael and Yan, Junchi},
  journal={arXiv preprint arXiv:2310.06417},
  year={2023}
}

@inproceedings{chaolong2018spatio,
  title={Spatio-temporal graph convolution for skeleton based action recognition},
  author={Chaolong, Li and Zhen, Cui and Wenming, Zheng and Chunyan, Xu and Jian, Yang},
  booktitle={Thirty-second AAAI conference on artificial intelligence},
  volume={2},
  year={2018}
}

@article{wu2019graph,
  title={Graph wavenet for deep spatial-temporal graph modeling},
  author={Wu, Zonghan and Pan, Shirui and Long, Guodong and Jiang, Jing and Zhang, Chengqi},
  journal={arXiv preprint arXiv:1906.00121},
  year={2019}
}

@article{li2017diffusion,
  title={Diffusion convolutional recurrent neural network: Data-driven traffic forecasting},
  author={Li, Yaguang and Yu, Rose and Shahabi, Cyrus and Liu, Yan},
  journal={arXiv preprint arXiv:1707.01926},
  year={2017}
}

@inproceedings{wu2020connecting,
  title={Connecting the dots: Multivariate time series forecasting with graph neural networks},
  author={Wu, Zonghan and Pan, Shirui and Long, Guodong and Jiang, Jing and Chang, Xiaojun and Zhang, Chengqi},
  booktitle={Proceedings of the 26th ACM SIGKDD international conference on knowledge discovery \& data mining},
  pages={753--763},
  year={2020}
}

@inproceedings{fan2022gnn,
  title={A GNN-RNN approach for harnessing geospatial and temporal information: application to crop yield prediction},
  author={Fan, Joshua and Bai, Junwen and Li, Zhiyun and Ortiz-Bobea, Ariel and Gomes, Carla P},
  booktitle={Proceedings of the AAAI conference on artificial intelligence},
  volume={36},
  number={11},
  pages={11873--11881},
  year={2022}
}

@inproceedings{deng2020cola,
  title={Cola-GNN: Cross-location attention based graph neural networks for long-term ILI prediction},
  author={Deng, Songgaojun and Wang, Shusen and Rangwala, Huzefa and Wang, Lijing and Ning, Yue},
  booktitle={Proceedings of the 29th ACM international conference on information \& knowledge management},
  pages={245--254},
  year={2020}
}

@inproceedings{wang2022causalgnn,
  title={Causalgnn: Causal-based graph neural networks for spatio-temporal epidemic forecasting},
  author={Wang, Lijing and Adiga, Aniruddha and Chen, Jiangzhuo and Sadilek, Adam and Venkatramanan, Srinivasan and Marathe, Madhav},
  booktitle={Proceedings of the AAAI conference on artificial intelligence},
  volume={36},
  number={11},
  pages={12191--12199},
  year={2022}
}

@article{kapoor2020examining,
  title={Examining covid-19 forecasting using spatio-temporal graph neural networks},
  author={Kapoor, Amol and Ben, Xue and Liu, Luyang and Perozzi, Bryan and Barnes, Matt and Blais, Martin and O'Banion, Shawn},
  journal={arXiv preprint arXiv:2007.03113},
  year={2020}
}

@article{xia2022spatial,
  title={Spatial-temporal sequential hypergraph network for crime prediction with dynamic multiplex relation learning},
  author={Xia, Lianghao and Huang, Chao and Xu, Yong and Dai, Peng and Bo, Liefeng and Zhang, Xiyue and Chen, Tianyi},
  journal={arXiv preprint arXiv:2201.02435},
  year={2022}
}

@inproceedings{xue2023lazygnn,
  title={Lazygnn: Large-scale graph neural networks via lazy propagation},
  author={Xue, Rui and Han, Haoyu and Torkamani, MohamadAli and Pei, Jian and Liu, Xiaorui},
  booktitle={International Conference on Machine Learning},
  pages={38926--38937},
  year={2023},
  organization={PMLR}
}

@inproceedings{eijkelboom2023can,
  title={Can strong structural encoding reduce the importance of Message Passing?},
  author={Eijkelboom, Floor and Bekkers, Erik J and Bronstein, Michael M and Di Giovanni, Francesco},
  booktitle={Topological, Algebraic and Geometric Learning Workshops 2023},
  pages={278--288},
  year={2023},
  organization={PMLR}
}

@article{ekstrom2024accelerating,
  title={Accelerating molecular graph neural networks via knowledge distillation},
  author={Ekstr{\"o}m Kelvinius, Filip and Georgiev, Dimitar and Toshev, Artur and Gasteiger, Johannes},
  journal={Advances in Neural Information Processing Systems},
  volume={36},
  year={2024}
}

@article{saqur2020multimodal,
  title={Multimodal graph networks for compositional generalization in visual question answering},
  author={Saqur, Raeid and Narasimhan, Karthik},
  journal={Advances in Neural Information Processing Systems},
  volume={33},
  pages={3070--3081},
  year={2020}
}

@inproceedings{he2024pytorch,
  title={Pytorch geometric signed directed: a software package on graph neural networks for signed and directed graphs},
  author={He, Yixuan and Zhang, Xitong and Huang, Junjie and Rozemberczki, Benedek and Cucuringu, Mihai and Reinert, Gesine},
  booktitle={Learning on Graphs Conference},
  pages={12--1},
  year={2024},
  organization={PMLR}
}

@inproceedings{sripathmanathan2023impact,
  title={On the Impact of Sample Size in Reconstructing Graph Signals},
  author={Sripathmanathan, Baskaran and Dong, Xiaowen and Bronstein, Michael},
  booktitle={2023 International Conference on Sampling Theory and Applications (SampTA)},
  pages={1--6},
  year={2023},
  organization={IEEE}
}

@article{barbero2023locality,
  title={Locality-aware graph-rewiring in gnns},
  author={Barbero, Federico and Velingker, Ameya and Saberi, Amin and Bronstein, Michael and Di Giovanni, Francesco},
  journal={arXiv preprint arXiv:2310.01668},
  year={2023}
}

@inproceedings{barcelo2022weisfeiler,
  title={Weisfeiler and leman go relational},
  author={Barcel{\'o}, Pablo and Galkin, Mikhail and Morris, Christopher and Orth, Miguel Romero},
  booktitle={Learning on graphs conference},
  pages={46--1},
  year={2022},
  organization={PMLR}
}

@article{karhadkar2022fosr,
  title={FoSR: First-order spectral rewiring for addressing oversquashing in GNNs},
  author={Karhadkar, Kedar and Banerjee, Pradeep Kr and Mont{\'u}far, Guido},
  journal={arXiv preprint arXiv:2210.11790},
  year={2022}
}

@inproceedings{gao2022equivalence,
  title={On the equivalence between temporal and static equivariant graph representations},
  author={Gao, Jianfei and Ribeiro, Bruno},
  booktitle={International Conference on Machine Learning},
  pages={7052--7076},
  year={2022},
  organization={PMLR}
}

@inproceedings{huang2017densely,
  title={Densely connected convolutional networks},
  author={Huang, Gao and Liu, Zhuang and Van Der Maaten, Laurens and Weinberger, Kilian Q},
  booktitle={Proceedings of the IEEE conference on computer vision and pattern recognition},
  pages={4700--4708},
  year={2017}
}

@article{rusch2020coupled,
  title={Coupled oscillatory recurrent neural network (cornn): An accurate and (gradient) stable architecture for learning long time dependencies},
  author={Rusch, T Konstantin and Mishra, Siddhartha},
  journal={arXiv preprint arXiv:2010.00951},
  year={2020}
}

@inproceedings{rusch2021unicornn,
  title={Unicornn: A recurrent model for learning very long time dependencies},
  author={Rusch, T Konstantin and Mishra, Siddhartha},
  booktitle={International Conference on Machine Learning},
  pages={9168--9178},
  year={2021},
  organization={PMLR}
}

@article{errica2023adaptive,
  title={Adaptive Message Passing: A General Framework to Mitigate Oversmoothing, Oversquashing, and Underreaching},
  author={Errica, Federico and Christiansen, Henrik and Zaverkin, Viktor and Maruyama, Takashi and Niepert, Mathias and Alesiani, Francesco},
  journal={arXiv preprint arXiv:2312.16560},
  year={2023}
}

@inproceedings{rusch2022graph,
  title={Graph-coupled oscillator networks},
  author={Rusch, T Konstantin and Chamberlain, Ben and Rowbottom, James and Mishra, Siddhartha and Bronstein, Michael},
  booktitle={International Conference on Machine Learning},
  pages={18888--18909},
  year={2022},
  organization={PMLR}
}

@article{qureshi2023limits,
  title={Limits of depth: Over-smoothing and over-squashing in gnns},
  author={Qureshi, Shaima and others},
  journal={Big Data Mining and Analytics},
  volume={7},
  number={1},
  pages={205--216},
  year={2023},
  publisher={TUP}
}

@inproceedings{buciulea2024learning,
  title={Learning graphs and simplicial complexes from data},
  author={Buciulea, Andrei and Isufi, Elvin and Leus, Geert and Marques, Antonio G},
  booktitle={ICASSP 2024-2024 IEEE International Conference on Acoustics, Speech and Signal Processing (ICASSP)},
  pages={9861--9865},
  year={2024},
  organization={IEEE}
}

@article{hoang2023mitigating,
  title={Mitigating Degree Biases in Message Passing Mechanism by Utilizing Community Structures},
  author={Hoang, Van Thuy and Lee, O and others},
  journal={arXiv preprint arXiv:2312.16788},
  year={2023}
}

@article{zaheer2020big,
  title={Big bird: Transformers for longer sequences},
  author={Zaheer, Manzil and Guruganesh, Guru and Dubey, Kumar Avinava and Ainslie, Joshua and Alberti, Chris and Ontanon, Santiago and Pham, Philip and Ravula, Anirudh and Wang, Qifan and Yang, Li and others},
  journal={Advances in neural information processing systems},
  volume={33},
  pages={17283--17297},
  year={2020}
}

@article{wang2021inductive,
  title={Inductive representation learning in temporal networks via causal anonymous walks},
  author={Wang, Yanbang and Chang, Yen-Yu and Liu, Yunyu and Leskovec, Jure and Li, Pan},
  journal={arXiv preprint arXiv:2101.05974},
  year={2021}
}

@article{xu2020inductive,
  title={Inductive representation learning on temporal graphs},
  author={Xu, Da and Ruan, Chuanwei and Korpeoglu, Evren and Kumar, Sushant and Achan, Kannan},
  journal={arXiv preprint arXiv:2002.07962},
  year={2020}
}

@inproceedings{cini2023scalable,
  title={Scalable spatiotemporal graph neural networks},
  author={Cini, Andrea and Marisca, Ivan and Bianchi, Filippo Maria and Alippi, Cesare},
  booktitle={Proceedings of the AAAI conference on artificial intelligence},
  volume={37},
  number={6},
  pages={7218--7226},
  year={2023}
}

@inproceedings{gallicchio2010graph,
  title={Graph echo state networks},
  author={Gallicchio, Claudio and Micheli, Alessio},
  booktitle={The 2010 international joint conference on neural networks (IJCNN)},
  pages={1--8},
  year={2010},
  organization={IEEE}
}

@phdthesis{fu2022simulate,
  title={Simulate time-integrated coarse-grained molecular dynamics with geometric machine learning},
  author={Fu, Xiang},
  year={2022},
  school={Massachusetts Institute of Technology}
}

@inproceedings{luo2022neighborhood,
  title={Neighborhood-aware scalable temporal network representation learning},
  author={Luo, Yuhong and Li, Pan},
  booktitle={Learning on Graphs Conference},
  pages={1--1},
  year={2022},
  organization={PMLR}
}

@article{michail2016introduction,
  title={An introduction to temporal graphs: An algorithmic perspective},
  author={Michail, Othon},
  journal={Internet Mathematics},
  volume={12},
  number={4},
  pages={239--280},
  year={2016},
  publisher={Taylor \& Francis}
}

@inproceedings{li2020dynamic,
  title={Dynamic multiscale graph neural networks for 3d skeleton based human motion prediction},
  author={Li, Maosen and Chen, Siheng and Zhao, Yangheng and Zhang, Ya and Wang, Yanfeng and Tian, Qi},
  booktitle={Proceedings of the IEEE/CVF conference on computer vision and pattern recognition},
  pages={214--223},
  year={2020}
}

@inproceedings{li2019predicting,
  title={Predicting path failure in time-evolving graphs},
  author={Li, Jia and Han, Zhichao and Cheng, Hong and Su, Jiao and Wang, Pengyun and Zhang, Jianfeng and Pan, Lujia},
  booktitle={Proceedings of the 25th ACM SIGKDD international conference on knowledge discovery \& data mining},
  pages={1279--1289},
  year={2019}
}

@article{chen2022gc,
  title={GC-LSTM: Graph convolution embedded LSTM for dynamic network link prediction},
  author={Chen, Jinyin and Wang, Xueke and Xu, Xuanheng},
  journal={Applied Intelligence},
  pages={1--16},
  year={2022},
  publisher={Springer}
}

@inproceedings{seo2018structured,
  title={Structured sequence modeling with graph convolutional recurrent networks},
  author={Seo, Youngjoo and Defferrard, Micha{\"e}l and Vandergheynst, Pierre and Bresson, Xavier},
  booktitle={Neural Information Processing: 25th International Conference, ICONIP 2018, Siem Reap, Cambodia, December 13-16, 2018, Proceedings, Part I 25},
  pages={362--373},
  year={2018},
  organization={Springer}
}

@inproceedings{ghosh2020stacked,
  title={Stacked spatio-temporal graph convolutional networks for action segmentation},
  author={Ghosh, Pallabi and Yao, Yi and Davis, Larry and Divakaran, Ajay},
  booktitle={Proceedings of the IEEE/CVF winter conference on applications of computer vision},
  pages={576--585},
  year={2020}
}

@article{kim2023learning,
  title={Learning probabilistic symmetrization for architecture agnostic equivariance},
  author={Kim, Jinwoo and Nguyen, Dat and Suleymanzade, Ayhan and An, Hyeokjun and Hong, Seunghoon},
  journal={Advances in Neural Information Processing Systems},
  volume={36},
  pages={18582--18612},
  year={2023}
}

@inproceedings{liu2021swin,
  title={Swin transformer: Hierarchical vision transformer using shifted windows},
  author={Liu, Ze and Lin, Yutong and Cao, Yue and Hu, Han and Wei, Yixuan and Zhang, Zheng and Lin, Stephen and Guo, Baining},
  booktitle={Proceedings of the IEEE/CVF international conference on computer vision},
  pages={10012--10022},
  year={2021}
}

@inproceedings{liu2022swin,
  title={Swin transformer v2: Scaling up capacity and resolution},
  author={Liu, Ze and Hu, Han and Lin, Yutong and Yao, Zhuliang and Xie, Zhenda and Wei, Yixuan and Ning, Jia and Cao, Yue and Zhang, Zheng and Dong, Li and others},
  booktitle={Proceedings of the IEEE/CVF conference on computer vision and pattern recognition},
  pages={12009--12019},
  year={2022}
}

@article{zeng2021hierarchical,
  title={A hierarchical spatio-temporal graph convolutional neural network for anomaly detection in videos},
  author={Zeng, Xianlin and Jiang, Yalong and Ding, Wenrui and Li, Hongguang and Hao, Yafeng and Qiu, Zifeng},
  journal={IEEE Transactions on Circuits and Systems for Video Technology},
  volume={33},
  number={1},
  pages={200--212},
  year={2021},
  publisher={IEEE}
}

@article{zhang2019gresnet,
  title={Gresnet: Graph residual network for reviving deep gnns from suspended animation},
  author={Zhang, Jiawei and Meng, Lin},
  journal={arXiv preprint arXiv:1909.05729},
  year={2019}
}

@article{liu2021graph,
  title={Graph neural networks with adaptive residual},
  author={Liu, Xiaorui and Ding, Jiayuan and Jin, Wei and Xu, Han and Ma, Yao and Liu, Zitao and Tang, Jiliang},
  journal={Advances in Neural Information Processing Systems},
  volume={34},
  pages={9720--9733},
  year={2021}
}

@inproceedings{yang2022difference,
  title={Difference Residual Graph Neural Networks},
  author={Yang, Liang and Peng, Weihang and Zhou, Wenmiao and Niu, Bingxin and Gu, Junhua and Wang, Chuan and Guo, Yuanfang and He, Dongxiao and Cao, Xiaochun},
  booktitle={Proceedings of the 30th ACM International Conference on Multimedia},
  pages={3356--3364},
  year={2022}
}

@article{jia2020attention,
  title={Attention-based graph ResNet for motor intent detection from raw EEG signals},
  author={Jia, Shuyue and Hou, Yimin and Shi, Yan and Li, Yang},
  journal={arXiv preprint arXiv:2007.13484},
  year={2020}
}

@inproceedings{wu2019spatial,
  title={Spatial residual layer and dense connection block enhanced spatial temporal graph convolutional network for skeleton-based action recognition},
  author={Wu, Cong and Wu, Xiao-Jun and Kittler, Josef},
  booktitle={proceedings of the IEEE/CVF international conference on computer vision workshops},
  pages={0--0},
  year={2019}
}

@article{zhang2023st,
  title={ST-ReGE: A novel spatial-temporal residual graph convolutional network for CVD},
  author={Zhang, Huaicheng and Liu, Wenhan and Chang, Sheng and Wang, Hao and He, Jin and Huang, Qijun},
  journal={IEEE Journal of Biomedical and Health Informatics},
  year={2023},
  publisher={IEEE}
}

@article{bi2023structure,
  title={Structure-adaptive graph neural network with temporal representation and residual connections},
  author={Bi, Xin and Jiang, Qingling and Liu, Zhixun and Yao, Xin and Nie, Haojie and Yuan, George Y and Zhao, Xiangguo and Sun, Yongjiao},
  journal={World Wide Web},
  volume={26},
  number={5},
  pages={3389--3408},
  year={2023},
  publisher={Springer}
}

@article{seo2016structured,
  title={Structured Sequence Modeling with Graph Convolutional Recurrent Networks. arXiv (2016)},
  author={Seo, Youngjoo and Defferrard, Micha{\"e}l and Vandergheynst, Pierre and Bresson, Xavier},
  journal={arXiv preprint arXiv:1612.07659},
  year={2016}
}

@article{cini2021filling,
  title={Filling the g\_ap\_s: Multivariate time series imputation by graph neural networks},
  author={Cini, Andrea and Marisca, Ivan and Alippi, Cesare},
  journal={arXiv preprint arXiv:2108.00298},
  year={2021}
}

@article{cini2023sparse,
  title={Sparse graph learning from spatiotemporal time series},
  author={Cini, Andrea and Zambon, Daniele and Alippi, Cesare},
  journal={Journal of Machine Learning Research},
  volume={24},
  number={242},
  pages={1--36},
  year={2023}
}

@article{cini2024taming,
  title={Taming local effects in graph-based spatiotemporal forecasting},
  author={Cini, Andrea and Marisca, Ivan and Zambon, Daniele and Alippi, Cesare},
  journal={Advances in Neural Information Processing Systems},
  volume={36},
  year={2024}
}

@inproceedings{xu2023density,
  title={Density-aware temporal attentive step-wise diffusion model for medical time series imputation},
  author={Xu, Jingwen and Lyu, Fei and Yuen, Pong C},
  booktitle={Proceedings of the 32nd ACM International Conference on Information and Knowledge Management},
  pages={2836--2845},
  year={2023}
}

@article{nie2023imputeformer,
  title={ImputeFormer: Graph Transformers for Generalizable Spatiotemporal Imputation},
  author={Nie, Tong and Qin, Guoyang and Mei, Yuewen and Sun, Jian},
  journal={arXiv preprint arXiv:2312.01728},
  year={2023}
}

@article{sakhinana2024joint,
  title={Joint Hypergraph Rewiring and Memory-Augmented Forecasting Techniques in Digital Twin Technology},
  author={Sakhinana, Sagar Srinivas and Aripirala, Krishna Sai Sudhir and Gupta, Shivam and Runkana, Venkataramana},
  journal={arXiv preprint arXiv:2408.12634},
  year={2024}
}

@article{velivckovic2021neural,
  title={Neural algorithmic reasoning},
  author={Veli{\v{c}}kovi{\'c}, Petar and Blundell, Charles},
  journal={Patterns},
  volume={2},
  number={7},
  year={2021},
  publisher={Elsevier}
}

@article{norcliffe2021neural,
  title={Neural ode processes},
  author={Norcliffe, Alexander and Bodnar, Cristian and Day, Ben and Moss, Jacob and Li{\`o}, Pietro},
  journal={arXiv preprint arXiv:2103.12413},
  year={2021}
}

@article{day2020message,
  title={Message passing neural processes},
  author={Day, Ben and Cangea, C{\u{a}}t{\u{a}}lina and Jamasb, Arian R and Li{\`o}, Pietro},
  journal={arXiv preprint arXiv:2009.13895},
  year={2020}
}

@inproceedings{rozemberczki2021pytorch,
  title={Pytorch geometric temporal: Spatiotemporal signal processing with neural machine learning models},
  author={Rozemberczki, Benedek and Scherer, Paul and He, Yixuan and Panagopoulos, George and Riedel, Alexander and Astefanoaei, Maria and Kiss, Oliver and Beres, Ferenc and Lopez, Guzman and Collignon, Nicolas and others},
  booktitle={Proceedings of the 30th ACM international conference on information \& knowledge management},
  pages={4564--4573},
  year={2021}
}

@inproceedings{giraldo2023trade,
  title={On the trade-off between over-smoothing and over-squashing in deep graph neural networks},
  author={Giraldo, Jhony H and Skianis, Konstantinos and Bouwmans, Thierry and Malliaros, Fragkiskos D},
  booktitle={Proceedings of the 32nd ACM international conference on information and knowledge management},
  pages={566--576},
  year={2023}
}

@article{bouritsas2022improving,
  title={Improving graph neural network expressivity via subgraph isomorphism counting},
  author={Bouritsas, Giorgos and Frasca, Fabrizio and Zafeiriou, Stefanos and Bronstein, Michael M},
  journal={IEEE Transactions on Pattern Analysis and Machine Intelligence},
  volume={45},
  number={1},
  pages={657--668},
  year={2022},
  publisher={IEEE}
}

@article{casteigts2015expressivity,
  title={On the expressivity of time-varying graphs},
  author={Casteigts, Arnaud and Flocchini, Paola and Godard, Emmanuel and Santoro, Nicola and Yamashita, Masafumi},
  journal={Theoretical Computer Science},
  volume={590},
  pages={27--37},
  year={2015},
  publisher={Elsevier}
}

@article{loukas2019graph,
  title={What graph neural networks cannot learn: depth vs width},
  author={Loukas, Andreas},
  journal={arXiv preprint arXiv:1907.03199},
  year={2019}
}

@article{dehmamy2019understanding,
  title={Understanding the representation power of graph neural networks in learning graph topology},
  author={Dehmamy, Nima and Barab{\'a}si, Albert-L{\'a}szl{\'o} and Yu, Rose},
  journal={Advances in Neural Information Processing Systems},
  volume={32},
  year={2019}
}

@inproceedings{li2019deepgcns,
  title={Deepgcns: Can gcns go as deep as cnns?},
  author={Li, Guohao and Muller, Matthias and Thabet, Ali and Ghanem, Bernard},
  booktitle={Proceedings of the IEEE/CVF international conference on computer vision},
  pages={9267--9276},
  year={2019}
}

@article{wu2024demystifying,
  title={Demystifying oversmoothing in attention-based graph neural networks},
  author={Wu, Xinyi and Ajorlou, Amir and Wu, Zihui and Jadbabaie, Ali},
  journal={Advances in Neural Information Processing Systems},
  volume={36},
  year={2024}
}

@inproceedings{chen2020simple,
  title={Simple and deep graph convolutional networks},
  author={Chen, Ming and Wei, Zhewei and Huang, Zengfeng and Ding, Bolin and Li, Yaliang},
  booktitle={International conference on machine learning},
  pages={1725--1735},
  year={2020},
  organization={PMLR}
}

@inproceedings{eliasof2024temporal,
  title={On The Temporal Domain of Differential Equation Inspired Graph Neural Networks},
  author={Eliasof, Moshe and Haber, Eldad and Treister, Eran and Sch{\"o}nlieb, Carola-Bibiane B},
  booktitle={International Conference on Artificial Intelligence and Statistics},
  pages={1792--1800},
  year={2024},
  organization={PMLR}
}

@inproceedings{liu2020towards,
  title={Towards deeper graph neural networks},
  author={Liu, Meng and Gao, Hongyang and Ji, Shuiwang},
  booktitle={Proceedings of the 26th ACM SIGKDD international conference on knowledge discovery \& data mining},
  pages={338--348},
  year={2020}
}

@article{zeng2021decoupling,
  title={Decoupling the depth and scope of graph neural networks},
  author={Zeng, Hanqing and Zhang, Muhan and Xia, Yinglong and Srivastava, Ajitesh and Malevich, Andrey and Kannan, Rajgopal and Prasanna, Viktor and Jin, Long and Chen, Ren},
  journal={Advances in Neural Information Processing Systems},
  volume={34},
  pages={19665--19679},
  year={2021}
}

@article{pascanu2013difficulty,
  title={On the difficulty of training recurrent neural networks},
  author={Pascanu, R},
  journal={arXiv preprint arXiv:1211.5063},
  year={2013}
}

@inproceedings{li2021training,
  title={Training graph neural networks with 1000 layers},
  author={Li, Guohao and M{\"u}ller, Matthias and Ghanem, Bernard and Koltun, Vladlen},
  booktitle={International conference on machine learning},
  pages={6437--6449},
  year={2021},
  organization={PMLR}
}

@article{bengio1994learning,
  title={Learning long-term dependencies with gradient descent is difficult},
  author={Bengio, Yoshua and Simard, Patrice and Frasconi, Paolo},
  journal={IEEE transactions on neural networks},
  volume={5},
  number={2},
  pages={157--166},
  year={1994},
  publisher={IEEE}
}

@article{mishra2021enhancing,
  title={Enhancing accuracy of deep learning algorithms by training with low-discrepancy sequences},
  author={Mishra, Siddhartha and Rusch, T Konstantin},
  journal={SIAM Journal on Numerical Analysis},
  volume={59},
  number={3},
  pages={1811--1834},
  year={2021},
  publisher={SIAM}
}

@article{pagliardini2024denseformer,
  title={DenseFormer: Enhancing Information Flow in Transformers via Depth Weighted Averaging},
  author={Pagliardini, Matteo and Mohtashami, Amirkeivan and Fleuret, Francois and Jaggi, Martin},
  journal={arXiv preprint arXiv:2402.02622},
  year={2024}
}

@article{qian2023probabilistically,
  title={Probabilistically rewired message-passing neural networks},
  author={Qian, Chendi and Manolache, Andrei and Ahmed, Kareem and Zeng, Zhe and Broeck, Guy Van den and Niepert, Mathias and Morris, Christopher},
  journal={arXiv preprint arXiv:2310.02156},
  year={2023}
}

@article{kothapalli2024neural,
  title={A neural collapse perspective on feature evolution in graph neural networks},
  author={Kothapalli, Vignesh and Tirer, Tom and Bruna, Joan},
  journal={Advances in Neural Information Processing Systems},
  volume={36},
  year={2024}
}

@inproceedings{behrouz2024graph,
  title={Graph mamba: Towards learning on graphs with state space models},
  author={Behrouz, Ali and Hashemi, Farnoosh},
  booktitle={Proceedings of the 30th ACM SIGKDD Conference on Knowledge Discovery and Data Mining},
  pages={119--130},
  year={2024}
}

@article{wang2024graph,
  title={Graph-mamba: Towards long-range graph sequence modeling with selective state spaces},
  author={Wang, Chloe and Tsepa, Oleksii and Ma, Jun and Wang, Bo},
  journal={arXiv preprint arXiv:2402.00789},
  year={2024}
}

@article{hataya2024automatic,
  title={Automatic Domain Adaptation by Transformers in In-Context Learning},
  author={Hataya, Ryuichiro and Matsui, Kota and Imaizumi, Masaaki},
  journal={arXiv preprint arXiv:2405.16819},
  year={2024}
}

@article{margeloiu2024tabmda,
  title={TabMDA: Tabular Manifold Data Augmentation for Any Classifier using Transformers with In-context Subsetting},
  author={Margeloiu, Andrei and Bazaga, Adri{\'a}n and Simidjievski, Nikola and Li{\`o}, Pietro and Jamnik, Mateja},
  journal={arXiv preprint arXiv:2406.01805},
  year={2024}
}

@article{perozzi2024let,
  title={Let your graph do the talking: Encoding structured data for llms},
  author={Perozzi, Bryan and Fatemi, Bahare and Zelle, Dustin and Tsitsulin, Anton and Kazemi, Mehran and Al-Rfou, Rami and Halcrow, Jonathan},
  journal={arXiv preprint arXiv:2402.05862},
  year={2024}
}

@article{thomas2024retrieval,
  title={Retrieval \& Fine-Tuning for In-Context Tabular Models},
  author={Thomas, Valentin and Ma, Junwei and Hosseinzadeh, Rasa and Golestan, Keyvan and Yu, Guangwei and Volkovs, Maksims and Caterini, Anthony},
  journal={arXiv preprint arXiv:2406.05207},
  year={2024}
}

@article{karpinska2024one,
  title={One thousand and one pairs: A" novel" challenge for long-context language models},
  author={Karpinska, Marzena and Thai, Katherine and Lo, Kyle and Goyal, Tanya and Iyyer, Mohit},
  journal={arXiv preprint arXiv:2406.16264},
  year={2024}
}

@article{chen2024exploring,
  title={Exploring the potential of large language models (llms) in learning on graphs},
  author={Chen, Zhikai and Mao, Haitao and Li, Hang and Jin, Wei and Wen, Hongzhi and Wei, Xiaochi and Wang, Shuaiqiang and Yin, Dawei and Fan, Wenqi and Liu, Hui and others},
  journal={ACM SIGKDD Explorations Newsletter},
  volume={25},
  number={2},
  pages={42--61},
  year={2024},
  publisher={ACM New York, NY, USA}
}

@article{jin2024large,
  title={Large language models on graphs: A comprehensive survey},
  author={Jin, Bowen and Liu, Gang and Han, Chi and Jiang, Meng and Ji, Heng and Han, Jiawei},
  journal={IEEE Transactions on Knowledge and Data Engineering},
  year={2024},
  publisher={IEEE}
}

@inproceedings{ren2024survey,
  title={A survey of large language models for graphs},
  author={Ren, Xubin and Tang, Jiabin and Yin, Dawei and Chawla, Nitesh and Huang, Chao},
  booktitle={Proceedings of the 30th ACM SIGKDD Conference on Knowledge Discovery and Data Mining},
  pages={6616--6626},
  year={2024}
}

@article{pan2024unifying,
  title={Unifying large language models and knowledge graphs: A roadmap},
  author={Pan, Shirui and Luo, Linhao and Wang, Yufei and Chen, Chen and Wang, Jiapu and Wu, Xindong},
  journal={IEEE Transactions on Knowledge and Data Engineering},
  year={2024},
  publisher={IEEE}
}

@article{tay2020long,
  title={Long range arena: A benchmark for efficient transformers},
  author={Tay, Yi and Dehghani, Mostafa and Abnar, Samira and Shen, Yikang and Bahri, Dara and Pham, Philip and Rao, Jinfeng and Yang, Liu and Ruder, Sebastian and Metzler, Donald},
  journal={arXiv preprint arXiv:2011.04006},
  year={2020}
}

@article{huang2024prodigy,
  title={Prodigy: Enabling in-context learning over graphs},
  author={Huang, Qian and Ren, Hongyu and Chen, Peng and Kr{\v{z}}manc, Gregor and Zeng, Daniel and Liang, Percy S and Leskovec, Jure},
  journal={Advances in Neural Information Processing Systems},
  volume={36},
  year={2024}
}

@article{engelken2023gradient,
  title={Gradient flossing: Improving gradient descent through dynamic control of jacobians},
  author={Engelken, Rainer},
  journal={Advances in Neural Information Processing Systems},
  volume={36},
  pages={10412--10439},
  year={2023}
}

@article{chang2019antisymmetricrnn,
  title={AntisymmetricRNN: A dynamical system view on recurrent neural networks},
  author={Chang, Bo and Chen, Minmin and Haber, Eldad and Chi, Ed H},
  journal={arXiv preprint arXiv:1902.09689},
  year={2019}
}

@article{gravina2022anti,
  title={Anti-symmetric dgn: a stable architecture for deep graph networks},
  author={Gravina, Alessio and Bacciu, Davide and Gallicchio, Claudio},
  journal={arXiv preprint arXiv:2210.09789},
  year={2022}
}

@article{gravina2024information,
  title={Information propagation dynamics in Deep Graph Networks},
  author={Gravina, Alessio},
  journal={arXiv preprint arXiv:2410.10464},
  year={2024}
}

@article{shonenkov2021stackmix,
  title={StackMix and Blot augmentations for handwritten text recognition},
  author={Shonenkov, Alex and Karachev, Denis and Novopoltsev, Maxim and Potanin, Mark and Dimitrov, Denis},
  journal={arXiv preprint arXiv:2108.11667},
  year={2021}
}

@article{southern2024understanding,
  title={Understanding Virtual Nodes: Oversmoothing, Oversquashing, and Node Heterogeneity},
  author={Southern, Joshua and Di Giovanni, Francesco and Bronstein, Michael and Lutzeyer, Johannes F},
  journal={arXiv preprint arXiv:2405.13526},
  year={2024}
}

@article{tang2024synthesizing,
  title={Synthesizing Post-Training Data for LLMs through Multi-Agent Simulation},
  author={Tang, Shuo and Pang, Xianghe and Liu, Zexi and Tang, Bohan and Ye, Rui and Dong, Xiaowen and Wang, Yanfeng and Chen, Siheng},
  journal={arXiv preprint arXiv:2410.14251},
  year={2024}
}

@inproceedings{li2023trocr,
  title={Trocr: Transformer-based optical character recognition with pre-trained models},
  author={Li, Minghao and Lv, Tengchao and Chen, Jingye and Cui, Lei and Lu, Yijuan and Florencio, Dinei and Zhang, Cha and Li, Zhoujun and Wei, Furu},
  booktitle={Proceedings of the AAAI Conference on Artificial Intelligence},
  volume={37},
  number={11},
  pages={13094--13102},
  year={2023}
}

@inproceedings{morris2004and,
  title={From WER and RIL to MER and WIL: improved evaluation measures for connected speech recognition.},
  author={Morris, Andrew Cameron and Maier, Viktoria and Green, Phil D},
  booktitle={Interspeech},
  pages={2765--2768},
  year={2004}
}

@article{dong2022survey,
  title={A survey on in-context learning},
  author={Dong, Qingxiu and Li, Lei and Dai, Damai and Zheng, Ce and Ma, Jingyuan and Li, Rui and Xia, Heming and Xu, Jingjing and Wu, Zhiyong and Liu, Tianyu and others},
  journal={arXiv preprint arXiv:2301.00234},
  year={2022}
}

@article{liu2023hidden,
  title={On the hidden mystery of ocr in large multimodal models},
  author={Liu, Yuliang and Li, Zhang and Yang, Biao and Li, Chunyuan and Yin, Xucheng and Liu, Cheng-lin and Jin, Lianwen and Bai, Xiang},
  journal={arXiv preprint arXiv:2305.07895},
  year={2023}
}

@inproceedings{thomas2024leveraging,
  title={Leveraging LLMs for Post-OCR Correction of Historical Newspapers},
  author={Thomas, Alan and Gaizauskas, Robert and Lu, Haiping},
  booktitle={Proceedings of the Third Workshop on Language Technologies for Historical and Ancient Languages (LT4HALA)@ LREC-COLING-2024},
  pages={116--121},
  year={2024}
}

@article{marti2002iam,
  title={The IAM-database: an English sentence database for offline handwriting recognition},
  author={Marti, U-V and Bunke, Horst},
  journal={International journal on document analysis and recognition},
  volume={5},
  pages={39--46},
  year={2002},
  publisher={Springer}
}

@article{bamberger2024bundle,
  title={Bundle Neural Networks for message diffusion on graphs},
  author={Bamberger, Jacob and Barbero, Federico and Dong, Xiaowen and Bronstein, Michael},
  journal={arXiv preprint arXiv:2405.15540},
  year={2024}
}

@article{schick2024toolformer,
  title={Toolformer: Language models can teach themselves to use tools},
  author={Schick, Timo and Dwivedi-Yu, Jane and Dess{\`\i}, Roberto and Raileanu, Roberta and Lomeli, Maria and Hambro, Eric and Zettlemoyer, Luke and Cancedda, Nicola and Scialom, Thomas},
  journal={Advances in Neural Information Processing Systems},
  volume={36},
  year={2024}
}

@article{zhang2023graph,
  title={Graph-toolformer: To empower llms with graph reasoning ability via prompt augmented by chatgpt},
  author={Zhang, Jiawei},
  journal={arXiv preprint arXiv:2304.11116},
  year={2023}
}

@article{brown2020language,
  title={Language models are few-shot learners},
  author={Brown, Tom B},
  journal={arXiv preprint arXiv:2005.14165},
  year={2020}
}

@article{kim2024fables,
  title={FABLES: Evaluating faithfulness and content selection in book-length summarization},
  author={Kim, Yekyung and Chang, Yapei and Karpinska, Marzena and Garimella, Aparna and Manjunatha, Varun and Lo, Kyle and Goyal, Tanya and Iyyer, Mohit},
  journal={arXiv preprint arXiv:2404.01261},
  year={2024}
}

@article{guinet2024automated,
  title={Automated evaluation of retrieval-augmented language models with task-specific exam generation},
  author={Guinet, Gauthier and Omidvar-Tehrani, Behrooz and Deoras, Anoop and Callot, Laurent},
  journal={arXiv preprint arXiv:2405.13622},
  year={2024}
}

@article{wu2024repoformer,
  title={REPOFORMER: Selective retrieval for repository-level code completion},
  author={Wu, Di and Ahmad, Wasi Uddin and Zhang, Dejiao and Ramanathan, Murali Krishna and Ma, Xiaofei},
  journal={arXiv preprint arXiv:2403.10059},
  year={2024}
}

@inproceedings{zhugegptswarm,
  title={GPTSwarm: Language Agents as Optimizable Graphs},
  author={Zhuge, Mingchen and Wang, Wenyi and Kirsch, Louis and Faccio, Francesco and Khizbullin, Dmitrii and Schmidhuber, J{\"u}rgen},
  booktitle={Forty-first International Conference on Machine Learning}
}

@inproceedings{lund2011progressive,
  title={Progressive alignment and discriminative error correction for multiple OCR engines},
  author={Lund, William B and Walker, Daniel D and Ringger, Eric K},
  booktitle={2011 International Conference on Document Analysis and Recognition},
  pages={764--768},
  year={2011},
  organization={IEEE}
}

@inproceedings{schaefer2020two,
  title={A two-step approach for automatic OCR post-correction},
  author={Schaefer, Robin and Neudecker, Clemens},
  booktitle={Proceedings of the 4th Joint SIGHUM Workshop on Computational Linguistics for Cultural Heritage, Social Sciences, Humanities and Literature},
  pages={52--57},
  year={2020}
}

@inproceedings{rigaud2019icdar,
  title={ICDAR 2019 competition on post-OCR text correction},
  author={Rigaud, Christophe and Doucet, Antoine and Coustaty, Micka{\"e}l and Moreux, Jean-Philippe},
  booktitle={2019 international conference on document analysis and recognition (ICDAR)},
  pages={1588--1593},
  year={2019},
  organization={IEEE}
}

@article{kukich1992techniques,
  title={Techniques for automatically correcting words in text},
  author={Kukich, Karen},
  journal={ACM computing surveys (CSUR)},
  volume={24},
  number={4},
  pages={377--439},
  year={1992},
  publisher={ACM New York, NY, USA}
}

@article{liu2024visual,
  title={Visual instruction tuning},
  author={Liu, Haotian and Li, Chunyuan and Wu, Qingyang and Lee, Yong Jae},
  journal={Advances in neural information processing systems},
  volume={36},
  year={2024}
}

@article{alonso2024state,
  title={State space models as foundation models: A control theoretic overview},
  author={Alonso, Carmen Amo and Sieber, Jerome and Zeilinger, Melanie N},
  journal={arXiv preprint arXiv:2403.16899},
  year={2024}
}

@article{wang2024non,
  title={Non-convolutional graph neural networks},
  author={Wang, Yuanqing and Cho, Kyunghyun},
  journal={arXiv preprint arXiv:2408.00165},
  year={2024}
}

@inproceedings{fujitake2024dtrocr,
  title={Dtrocr: Decoder-only transformer for optical character recognition},
  author={Fujitake, Masato},
  booktitle={Proceedings of the IEEE/CVF Winter Conference on Applications of Computer Vision},
  pages={8025--8035},
  year={2024}
}

@inproceedings{parres2023fine,
  title={Fine-tuning vision encoder--decoder transformers for handwriting text recognition on historical documents},
  author={Parres, Daniel and Paredes, Roberto},
  booktitle={International Conference on Document Analysis and Recognition},
  pages={253--268},
  year={2023},
  organization={Springer}
}

@article{causer2018making,
  title={‘Making such bargain’: Transcribe Bentham and the quality and cost-effectiveness of crowdsourced transcription},
  author={Causer, Tim and Grint, Kris and Sichani, Anna-Maria and Terras, Melissa},
  journal={Digital Scholarship in the Humanities},
  volume={33},
  number={3},
  pages={467--487},
  year={2018},
  publisher={Oxford University Press}
}

@inproceedings{babu2019character,
  title={Character recognition in historical handwritten documents--a survey},
  author={Babu, Nija and Soumya, A},
  booktitle={2019 international conference on communication and signal processing (ICCSP)},
  pages={0299--0304},
  year={2019},
  organization={IEEE}
}

@article{dolfing2020whole,
  title={Whole page recognition of historical handwriting},
  author={Dolfing, Hans JGA},
  journal={arXiv preprint arXiv:2009.10634},
  year={2020}
}

@article{moyle2011manuscript,
  title={Manuscript transcription by crowdsourcing: Transcribe Bentham},
  author={Moyle, Martin and Tonra, Justin and Wallace, Valerie},
  journal={LIBER Quarterly: The Journal of the Association of European Research Libraries},
  volume={20},
  number={3-4},
  pages={347--356},
  year={2011}
}

@article{dosovitskiy2020image,
  title={An image is worth 16x16 words: Transformers for image recognition at scale},
  author={Dosovitskiy, Alexey},
  journal={arXiv preprint arXiv:2010.11929},
  year={2020}
}

@article{liu2019roberta,
  title={Roberta: A robustly optimized bert pretraining approach},
  author={Liu, Yinhan},
  journal={arXiv preprint arXiv:1907.11692},
  volume={364},
  year={2019}
}

@article{devlin2018bert,
  title={Bert: Pre-training of deep bidirectional transformers for language understanding},
  author={Devlin, Jacob},
  journal={arXiv preprint arXiv:1810.04805},
  year={2018}
}

@article{achiam2023gpt,
  title={Gpt-4 technical report},
  author={Achiam, Josh and Adler, Steven and Agarwal, Sandhini and Ahmad, Lama and Akkaya, Ilge and Aleman, Florencia Leoni and Almeida, Diogo and Altenschmidt, Janko and Altman, Sam and Anadkat, Shyamal and others},
  journal={arXiv preprint arXiv:2303.08774},
  year={2023}
}

@article{yin2024survey,
  title={A survey on multimodal large language models},
  author={Yin, Shukang and Fu, Chaoyou and Zhao, Sirui and Li, Ke and Sun, Xing and Xu, Tong and Chen, Enhong},
  journal={National Science Review},
  pages={nwae403},
  year={2024},
  publisher={Oxford University Press}
}

@article{floridi2020gpt,
  title={GPT-3: Its nature, scope, limits, and consequences},
  author={Floridi, Luciano and Chiriatti, Massimo},
  journal={Minds and Machines},
  volume={30},
  pages={681--694},
  year={2020},
  publisher={Springer}
}

@article{zhao2023survey,
  title={A survey of large language models},
  author={Zhao, Wayne Xin and Zhou, Kun and Li, Junyi and Tang, Tianyi and Wang, Xiaolei and Hou, Yupeng and Min, Yingqian and Zhang, Beichen and Zhang, Junjie and Dong, Zican and others},
  journal={arXiv preprint arXiv:2303.18223},
  year={2023}
}

@article{shi2024keep,
  title={Keep the Cost Down: A Review on Methods to Optimize LLM's KV-Cache Consumption},
  author={Shi, Luohe and Zhang, Hongyi and Yao, Yao and Li, Zuchao and Zhao, Hai},
  journal={arXiv preprint arXiv:2407.18003},
  year={2024}
}

@mastersthesis{veninga2024llms,
  title={LLMs for OCR Post-Correction},
  author={Veninga, MEB},
  year={2024},
  school={University of Twente}
}

@inproceedings{stanislawek2021kleister,
  title={Kleister: key information extraction datasets involving long documents with complex layouts},
  author={Stanis{\l}awek, Tomasz and Grali{\'n}ski, Filip and Wr{\'o}blewska, Anna and Lipi{\'n}ski, Dawid and Kaliska, Agnieszka and Rosalska, Paulina and Topolski, Bartosz and Biecek, Przemys{\l}aw},
  booktitle={International Conference on Document Analysis and Recognition},
  pages={564--579},
  year={2021},
  organization={Springer}
}

@article{gralinski2020kleister,
  title={Kleister: A novel task for information extraction involving long documents with complex layout},
  author={Grali{\'n}ski, Filip and Stanis{\l}awek, Tomasz and Wr{\'o}blewska, Anna and Lipi{\'n}ski, Dawid and Kaliska, Agnieszka and Rosalska, Paulina and Topolski, Bartosz and Biecek, Przemys{\l}aw},
  journal={arXiv preprint arXiv:2003.02356},
  year={2020}
}

@inproceedings{park2019cord,
  title={CORD: a consolidated receipt dataset for post-OCR parsing},
  author={Park, Seunghyun and Shin, Seung and Lee, Bado and Lee, Junyeop and Surh, Jaeheung and Seo, Minjoon and Lee, Hwalsuk},
  booktitle={Workshop on Document Intelligence at NeurIPS 2019},
  year={2019}
}

@inproceedings{huang2022layoutlmv3,
  title={Layoutlmv3: Pre-training for document ai with unified text and image masking},
  author={Huang, Yupan and Lv, Tengchao and Cui, Lei and Lu, Yutong and Wei, Furu},
  booktitle={Proceedings of the 30th ACM International Conference on Multimedia},
  pages={4083--4091},
  year={2022}
}

@inproceedings{xu2020layoutlm,
  title={Layoutlm: Pre-training of text and layout for document image understanding},
  author={Xu, Yiheng and Li, Minghao and Cui, Lei and Huang, Shaohan and Wei, Furu and Zhou, Ming},
  booktitle={Proceedings of the 26th ACM SIGKDD international conference on knowledge discovery \& data mining},
  pages={1192--1200},
  year={2020}
}

@article{kim2021donut,
  title={Donut: Document understanding transformer without ocr},
  author={Kim, Geewook and Hong, Teakgyu and Yim, Moonbin and Park, Jinyoung and Yim, Jinyeong and Hwang, Wonseok and Yun, Sangdoo and Han, Dongyoon and Park, Seunghyun},
  journal={arXiv preprint arXiv:2111.15664},
  volume={7},
  number={15},
  pages={2},
  year={2021}
}

@article{chen2023longlora,
  title={Longlora: Efficient fine-tuning of long-context large language models},
  author={Chen, Yukang and Qian, Shengju and Tang, Haotian and Lai, Xin and Liu, Zhijian and Han, Song and Jia, Jiaya},
  journal={arXiv preprint arXiv:2309.12307},
  year={2023}
}

@article{liu2024lost,
  title={Lost in the middle: How language models use long contexts},
  author={Liu, Nelson F and Lin, Kevin and Hewitt, John and Paranjape, Ashwin and Bevilacqua, Michele and Petroni, Fabio and Liang, Percy},
  journal={Transactions of the Association for Computational Linguistics},
  volume={12},
  pages={157--173},
  year={2024},
  publisher={MIT Press One Broadway, 12th Floor, Cambridge, Massachusetts 02142, USA~…}
}

@inproceedings{breuel2013high,
  title={High-performance OCR for printed English and Fraktur using LSTM networks},
  author={Breuel, Thomas M and Ul-Hasan, Adnan and Al-Azawi, Mayce Ali and Shafait, Faisal},
  booktitle={2013 12th international conference on document analysis and recognition},
  pages={683--687},
  year={2013},
  organization={IEEE}
}

@inproceedings{ul2013can,
  title={Can we build language-independent OCR using LSTM networks?},
  author={Ul-Hasan, Adnan and Breuel, Thomas M},
  booktitle={Proceedings of the 4th International Workshop on Multilingual OCR},
  pages={1--5},
  year={2013}
}

@article{bora2020handwritten,
  title={Handwritten character recognition from images using CNN-ECOC},
  author={Bora, Mayur Bhargab and Daimary, Dinthisrang and Amitab, Khwairakpam and Kandar, Debdatta},
  journal={Procedia Computer Science},
  volume={167},
  pages={2403--2409},
  year={2020},
  publisher={Elsevier}
}

@article{sanchez2019set,
  title={A set of benchmarks for handwritten text recognition on historical documents},
  author={S{\'a}nchez, Joan Andreu and Romero, Ver{\'o}nica and Toselli, Alejandro H and Villegas, Mauricio and Vidal, Enrique},
  journal={Pattern Recognition},
  volume={94},
  pages={122--134},
  year={2019},
  publisher={Elsevier}
}

@inproceedings{sanchez2016icfhr2016,
  title={ICFHR2016 competition on handwritten text recognition on the READ dataset},
  author={Sanchez, Joan Andreu and Romero, Ver{\'o}nica and Toselli, Alejandro H and Vidal, Enrique},
  booktitle={2016 15th International conference on frontiers in handwriting recognition (ICFHR)},
  pages={630--635},
  year={2016},
  organization={IEEE}
}

@article{sanchez2024importance,
  title={Importance and challenges of handwriting recognition with the implementation of machine learning techniques: a survey},
  author={S{\'a}nchez-DelaCruz, Eddy and Loeza-Mej{\'\i}a, Cecilia-Irene},
  journal={Applied Intelligence},
  pages={1--22},
  year={2024},
  publisher={Springer}
}

@inproceedings{dolfing2020scribblelens,
  title={The “ScribbleLens” Dutch historical handwriting corpus},
  author={Dolfing, Hans JGA and Bellegarda, Jerome and Chorowski, Jan and Marxer, Ricard and Laurent, Antoine},
  booktitle={2020 17th international conference on frontiers in handwriting recognition (ICFHR)},
  pages={67--72},
  year={2020},
  organization={IEEE}
}

@inproceedings{yuan2022syntax,
  title={Syntax-aware network for handwritten mathematical expression recognition},
  author={Yuan, Ye and Liu, Xiao and Dikubab, Wondimu and Liu, Hui and Ji, Zhilong and Wu, Zhongqin and Bai, Xiang},
  booktitle={Proceedings of the IEEE/CVF conference on computer vision and pattern recognition},
  pages={4553--4562},
  year={2022}
}

@inproceedings{diem2014icfhr,
  title={ICFHR 2014 competition on handwritten digit string recognition in challenging datasets (HDSRC 2014)},
  author={Diem, Markus and Fiel, Stefan and Kleber, Florian and Sablatnig, Robert and Saavedra, Jose M and Contreras, David and Barrios, Juan Manuel and Oliveira, Luiz S},
  booktitle={2014 14th International Conference on Frontiers in Handwriting Recognition},
  pages={779--784},
  year={2014},
  organization={IEEE}
}

@inproceedings{zhang2019icdar,
  title={Icdar 2019 robust reading challenge on reading chinese text on signboard},
  author={Zhang, Rui and Zhou, Yongsheng and Jiang, Qianyi and Song, Qi and Li, Nan and Zhou, Kai and Wang, Lei and Wang, Dong and Liao, Minghui and Yang, Mingkun and others},
  booktitle={2019 international conference on document analysis and recognition (ICDAR)},
  pages={1577--1581},
  year={2019},
  organization={IEEE}
}

@inproceedings{serrano2010rodrigo,
  title={The RODRIGO Database.},
  author={Serrano, Nicol{\'a}s and Castro, Francisco and Juan, Alfons},
  booktitle={LREC},
  pages={19--21},
  year={2010}
}

@inproceedings{wigington2018start,
  title={Start, follow, read: End-to-end full-page handwriting recognition},
  author={Wigington, Curtis and Tensmeyer, Chris and Davis, Brian and Barrett, William and Price, Brian and Cohen, Scott},
  booktitle={Proceedings of the European conference on computer vision (ECCV)},
  pages={367--383},
  year={2018}
}

@inproceedings{carbonell2019end,
  title={End-to-end handwritten text detection and transcription in full pages},
  author={Carbonell, Manuel and Mas, Joan and Villegas, Mauricio and Forn{\'e}s, Alicia and Llad{\'o}s, Josep},
  booktitle={2019 International conference on document analysis and recognition workshops (ICDARW)},
  volume={5},
  pages={29--34},
  year={2019},
  organization={IEEE}
}

@inproceedings{huang2019icdar2019,
  title={Icdar2019 competition on scanned receipt ocr and information extraction},
  author={Huang, Zheng and Chen, Kai and He, Jianhua and Bai, Xiang and Karatzas, Dimosthenis and Lu, Shijian and Jawahar, CV},
  booktitle={2019 International Conference on Document Analysis and Recognition (ICDAR)},
  pages={1516--1520},
  year={2019},
  organization={IEEE}
}

@article{yu2021benchmarking,
  title={Benchmarking chinese text recognition: Datasets, baselines, and an empirical study},
  author={Yu, Haiyang and Chen, Jingye and Li, Bin and Ma, Jianqi and Guan, Mengnan and Xu, Xixi and Wang, Xiaocong and Qu, Shaobo and Xue, Xiangyang},
  journal={arXiv preprint arXiv:2112.15093},
  year={2021}
}

@inproceedings{yang2019handwriting,
  title={Handwriting text recognition based on faster R-CNN},
  author={Yang, Junqing and Ren, Peng and Kong, Xiaoxiao},
  booktitle={2019 Chinese Automation Congress (CAC)},
  pages={2450--2454},
  year={2019},
  organization={IEEE}
}

@inproceedings{azawi2013normalizing,
  title={Normalizing historical orthography for OCR historical documents using LSTM},
  author={Azawi, Mayce Al and Afzal, Muhammad Zeshan and Breuel, Thomas M},
  booktitle={Proceedings of the 2nd International Workshop on Historical Document Imaging and Processing},
  pages={80--85},
  year={2013}
}

@article{peer2024anls,
  title={ANLS*--A Universal Document Processing Metric for Generative Large Language Models},
  author={Peer, David and Sch{\"o}pf, Philemon and Nebendahl, Volckmar and Rietzler, Alexander and Stabinger, Sebastian},
  journal={arXiv preprint arXiv:2402.03848},
  year={2024}
}