@inproceedings{Zhou2024MultiQueryRewrite,
  author       = {Ivica Kostric and
                  Krisztian Balog},
  editor       = {Grace Hui Yang and
                  Hongning Wang and
                  Sam Han and
                  Claudia Hauff and
                  Guido Zuccon and
                  Yi Zhang},
  title        = {A Surprisingly Simple yet Effective Multi-Query Rewriting Method for
                  Conversational Passage Retrieval},
  booktitle    = {Proceedings of the 47th International {ACM} {SIGIR} Conference on
                  Research and Development in Information Retrieval, {SIGIR} 2024, Washington
                  DC, USA, July 14-18, 2024},
  pages        = {2271--2275},
  publisher    = {{ACM}},
  year         = {2024},
  url          = {https://doi.org/10.1145/3626772.3657933},
  doi          = {10.1145/3626772.3657933},
  timestamp    = {Sun, 19 Jan 2025 13:11:15 +0100},
  biburl       = {https://dblp.org/rec/conf/sigir/KostricB24.bib},
  bibsource    = {dblp computer science bibliography, https://dblp.org}
}

@inproceedings{
zhou2025weak,
title={Weak to Strong Generalization for Large Language Models with Multi-capabilities},
author={Yucheng Zhou and Jianbing Shen and Yu Cheng},
booktitle={The Thirteenth International Conference on Learning Representations},
year={2025},
url={https://openreview.net/forum?id=N1vYivuSKq}
}
@article{zhou2025training,
  title={Training Medical Large Vision-Language Models with Abnormal-Aware Feedback},
  author={Zhou, Yucheng and Song, Lingran and Shen, Jianbing},
  journal={arXiv preprint arXiv:2501.01377},
  year={2025}
}
@article{zhou2024rethinking,   
    title={Rethinking Visual Dependency in Long-Context Reasoning for Large Vision-Language Models},   
    author={Zhou, Yucheng and Rao, Zhi and Wan, Jun and Shen, Jianbing},   
    journal={arXiv preprint arXiv:2410.19732},   
    year={2024} 
}
@inproceedings{zhou2024visual,
  author       = {Yucheng Zhou and
                  Xiang Li and
                  Qianning Wang and
                  Jianbing Shen},
  title        = {Visual In-Context Learning for Large Vision-Language Models},
  booktitle    = {Findings of the Association for Computational Linguistics, {ACL} 2024,
                  Bangkok, Thailand and virtual meeting, August 11-16, 2024},
  pages        = {15890--15902},
  publisher    = {Association for Computational Linguistics},
  year         = {2024},
}
@inproceedings{zhou2023towards,
  title={Towards Robust Ranker for Text Retrieval},
  author={Zhou, Yucheng and Shen, Tao and Geng, Xiubo and Tao, Chongyang and Xu, Can and Long, Guodong and Jiao, Binxing and Jiang, Daxin},
  booktitle={Findings of the Association for Computational Linguistics: ACL 2023},
  pages={5387--5401},
  year={2023}
}
@inproceedings{zhou2022eventbert,
  title={Eventbert: A pre-trained model for event correlation reasoning},
  author={Zhou, Yucheng and Geng, Xiubo and Shen, Tao and Long, Guodong and Jiang, Daxin},
  booktitle={Proceedings of the ACM Web Conference 2022},
  pages={850--859},
  year={2022}
}
@article{wang2022unsupervised,
  title={Unsupervised Knowledge Graph Construction and Event-centric Knowledge Infusion for Scientific NLI},
  author={Wang, Chenglin and Zhou, Yucheng and Long, Guodong and Wang, Xiaodong and Xu, Xiaowei},
  journal={arXiv preprint arXiv:2210.15248},
  year={2022}
}

@inproceedings{Yang2022CONQRR,
  author       = {Zeqiu Wu and
                  Yi Luan and
                  Hannah Rashkin and
                  David Reitter and
                  Hannaneh Hajishirzi and
                  Mari Ostendorf and
                  Gaurav Singh Tomar},
  editor       = {Yoav Goldberg and
                  Zornitsa Kozareva and
                  Yue Zhang},
  title        = {{CONQRR:} Conversational Query Rewriting for Retrieval with Reinforcement
                  Learning},
  booktitle    = {Proceedings of the 2022 Conference on Empirical Methods in Natural
                  Language Processing, {EMNLP} 2022, Abu Dhabi, United Arab Emirates,
                  December 7-11, 2022},
  pages        = {10000--10014},
  publisher    = {Association for Computational Linguistics},
  year         = {2022},
  url          = {https://doi.org/10.18653/v1/2022.emnlp-main.679},
  doi          = {10.18653/V1/2022.EMNLP-MAIN.679},
  timestamp    = {Thu, 10 Aug 2023 12:35:23 +0200},
  biburl       = {https://dblp.org/rec/conf/emnlp/WuLRRHOT22.bib},
  bibsource    = {dblp computer science bibliography, https://dblp.org}
}



@inproceedings{Padma2023EnhancingCS,
  author       = {Fanghua Ye and
                  Meng Fang and
                  Shenghui Li and
                  Emine Yilmaz},
  editor       = {Houda Bouamor and
                  Juan Pino and
                  Kalika Bali},
  title        = {Enhancing Conversational Search: Large Language Model-Aided Informative
                  Query Rewriting},
  booktitle    = {Findings of the Association for Computational Linguistics: {EMNLP}
                  2023, Singapore, December 6-10, 2023},
  pages        = {5985--6006},
  publisher    = {Association for Computational Linguistics},
  year         = {2023},
  url          = {https://doi.org/10.18653/v1/2023.findings-emnlp.398},
  doi          = {10.18653/V1/2023.FINDINGS-EMNLP.398},
  timestamp    = {Fri, 12 Apr 2024 13:11:42 +0200},
  biburl       = {https://dblp.org/rec/conf/emnlp/0001FLY23.bib},
  bibsource    = {dblp computer science bibliography, https://dblp.org}
}



@inproceedings{Xi2020FewShotGC,
  author       = {Shi Yu and
                  Jiahua Liu and
                  Jingqin Yang and
                  Chenyan Xiong and
                  Paul N. Bennett and
                  Jianfeng Gao and
                  Zhiyuan Liu},
  editor       = {Jimmy X. Huang and
                  Yi Chang and
                  Xueqi Cheng and
                  Jaap Kamps and
                  Vanessa Murdock and
                  Ji{-}Rong Wen and
                  Yiqun Liu},
  title        = {Few-Shot Generative Conversational Query Rewriting},
  booktitle    = {Proceedings of the 43rd International {ACM} {SIGIR} conference on
                  research and development in Information Retrieval, {SIGIR} 2020, Virtual
                  Event, China, July 25-30, 2020},
  pages        = {1933--1936},
  publisher    = {{ACM}},
  year         = {2020},
  url          = {https://doi.org/10.1145/3397271.3401323},
  doi          = {10.1145/3397271.3401323},
  timestamp    = {Sun, 19 Jan 2025 13:11:23 +0100},
  biburl       = {https://dblp.org/rec/conf/sigir/YuLYXBG020.bib},
  bibsource    = {dblp computer science bibliography, https://dblp.org}
}



@inproceedings{Zhang2024CHIQ,
  author       = {Fengran Mo and
                  Abbas Ghaddar and
                  Kelong Mao and
                  Mehdi Rezagholizadeh and
                  Boxing Chen and
                  Qun Liu and
                  Jian{-}Yun Nie},
  editor       = {Yaser Al{-}Onaizan and
                  Mohit Bansal and
                  Yun{-}Nung Chen},
  title        = {{CHIQ:} Contextual History Enhancement for Improving Query Rewriting
                  in Conversational Search},
  booktitle    = {Proceedings of the 2024 Conference on Empirical Methods in Natural
                  Language Processing, {EMNLP} 2024, Miami, FL, USA, November 12-16,
                  2024},
  pages        = {2253--2268},
  publisher    = {Association for Computational Linguistics},
  year         = {2024},
  url          = {https://aclanthology.org/2024.emnlp-main.135},
  timestamp    = {Thu, 14 Nov 2024 17:20:54 +0100},
  biburl       = {https://dblp.org/rec/conf/emnlp/MoGMRC0N24.bib},
  bibsource    = {dblp computer science bibliography, https://dblp.org}
}



@inproceedings{Aribandi2024LLMsAF,
  author       = {Samuel Cahyawijaya and
                  Holy Lovenia and
                  Pascale Fung},
  editor       = {Kevin Duh and
                  Helena G{\'{o}}mez{-}Adorno and
                  Steven Bethard},
  title        = {LLMs Are Few-Shot In-Context Low-Resource Language Learners},
  booktitle    = {Proceedings of the 2024 Conference of the North American Chapter of
                  the Association for Computational Linguistics: Human Language Technologies
                  (Volume 1: Long Papers), {NAACL} 2024, Mexico City, Mexico, June 16-21,
                  2024},
  pages        = {405--433},
  publisher    = {Association for Computational Linguistics},
  year         = {2024},
  url          = {https://doi.org/10.18653/v1/2024.naacl-long.24},
  doi          = {10.18653/V1/2024.NAACL-LONG.24},
  timestamp    = {Thu, 29 Aug 2024 17:13:57 +0200},
  biburl       = {https://dblp.org/rec/conf/naacl/CahyawijayaLF24.bib},
  bibsource    = {dblp computer science bibliography, https://dblp.org}
}



@article{SurveyConvSearch2024,
  author       = {Fengran Mo and
                  Kelong Mao and
                  Ziliang Zhao and
                  Hongjin Qian and
                  Haonan Chen and
                  Yiruo Cheng and
                  Xiaoxi Li and
                  Yutao Zhu and
                  Zhicheng Dou and
                  Jian{-}Yun Nie},
  title        = {A Survey of Conversational Search},
  journal      = {CoRR},
  volume       = {abs/2410.15576},
  year         = {2024},
  url          = {https://doi.org/10.48550/arXiv.2410.15576},
  doi          = {10.48550/ARXIV.2410.15576},
  eprinttype    = {arXiv},
  eprint       = {2410.15576},
  timestamp    = {Tue, 26 Nov 2024 15:54:17 +0100},
  biburl       = {https://dblp.org/rec/journals/corr/abs-2410-15576.bib},
  bibsource    = {dblp computer science bibliography, https://dblp.org}
}



@inproceedings{TaoBaoQR2022,
  author       = {Wenjun Peng and
                  Guiyang Li and
                  Yue Jiang and
                  Zilong Wang and
                  Dan Ou and
                  Xiaoyi Zeng and
                  Derong Xu and
                  Tong Xu and
                  Enhong Chen},
  editor       = {Tat{-}Seng Chua and
                  Chong{-}Wah Ngo and
                  Roy Ka{-}Wei Lee and
                  Ravi Kumar and
                  Hady W. Lauw},
  title        = {Large Language Model based Long-tail Query Rewriting in Taobao Search},
  booktitle    = {Companion Proceedings of the {ACM} on Web Conference 2024, {WWW} 2024,
                  Singapore, Singapore, May 13-17, 2024},
  pages        = {20--28},
  publisher    = {{ACM}},
  year         = {2024},
  url          = {https://doi.org/10.1145/3589335.3648298},
  doi          = {10.1145/3589335.3648298},
  timestamp    = {Sun, 19 Jan 2025 13:10:18 +0100},
  biburl       = {https://dblp.org/rec/conf/www/PengLJWOZX0C24.bib},
  bibsource    = {dblp computer science bibliography, https://dblp.org}
}



@inproceedings{MisinfoQR2023,
  author       = {Ashkan Kazemi and
                  Artem Abzaliev and
                  Naihao Deng and
                  Rui Hou and
                  Scott A. Hale and
                  Ver{\'{o}}nica P{\'{e}}rez{-}Rosas and
                  Rada Mihalcea},
  editor       = {Jong C. Park and
                  Yuki Arase and
                  Baotian Hu and
                  Wei Lu and
                  Derry Wijaya and
                  Ayu Purwarianti and
                  Adila Alfa Krisnadhi},
  title        = {Query Rewriting for Effective Misinformation Discovery},
  booktitle    = {Proceedings of the 13th International Joint Conference on Natural
                  Language Processing and the 3rd Conference of the Asia-Pacific Chapter
                  of the Association for Computational Linguistics, {IJCNLP} 2023 -Volume
                  1: Long Papers, Nusa Dua, Bali, November 1 - 4, 2023},
  pages        = {398--407},
  publisher    = {Association for Computational Linguistics},
  year         = {2023},
  url          = {https://doi.org/10.18653/v1/2023.ijcnlp-main.26},
  doi          = {10.18653/V1/2023.IJCNLP-MAIN.26},
  timestamp    = {Fri, 12 Apr 2024 13:12:04 +0200},
  biburl       = {https://dblp.org/rec/conf/ijcnlp/KazemiADHHPM23.bib},
  bibsource    = {dblp computer science bibliography, https://dblp.org}
}



@inproceedings{SimpleMultiQR2024,
  author       = {Ivica Kostric and
                  Krisztian Balog},
  editor       = {Grace Hui Yang and
                  Hongning Wang and
                  Sam Han and
                  Claudia Hauff and
                  Guido Zuccon and
                  Yi Zhang},
  title        = {A Surprisingly Simple yet Effective Multi-Query Rewriting Method for
                  Conversational Passage Retrieval},
  booktitle    = {Proceedings of the 47th International {ACM} {SIGIR} Conference on
                  Research and Development in Information Retrieval, {SIGIR} 2024, Washington
                  DC, USA, July 14-18, 2024},
  pages        = {2271--2275},
  publisher    = {{ACM}},
  year         = {2024},
  url          = {https://doi.org/10.1145/3626772.3657933},
  doi          = {10.1145/3626772.3657933},
  timestamp    = {Sun, 19 Jan 2025 13:11:15 +0100},
  biburl       = {https://dblp.org/rec/conf/sigir/KostricB24.bib},
  bibsource    = {dblp computer science bibliography, https://dblp.org}
}



@article{QRforLLM2023,
  author       = {Yujing Wang and
                  Hainan Zhang and
                  Liang Pang and
                  Binghui Guo and
                  Hongwei Zheng and
                  Zhiming Zheng},
  title        = {MaFeRw: Query Rewriting with Multi-Aspect Feedbacks for Retrieval-Augmented
                  Large Language Models},
  journal      = {CoRR},
  volume       = {abs/2408.17072},
  year         = {2024},
  url          = {https://doi.org/10.48550/arXiv.2408.17072},
  doi          = {10.48550/ARXIV.2408.17072},
  eprinttype    = {arXiv},
  eprint       = {2408.17072},
  timestamp    = {Tue, 01 Oct 2024 10:24:45 +0200},
  biburl       = {https://dblp.org/rec/journals/corr/abs-2408-17072.bib},
  bibsource    = {dblp computer science bibliography, https://dblp.org}
}



@inproceedings{QRinLLMOpenReview,
  author       = {Xinbei Ma and
                  Yeyun Gong and
                  Pengcheng He and
                  Hai Zhao and
                  Nan Duan},
  editor       = {Houda Bouamor and
                  Juan Pino and
                  Kalika Bali},
  title        = {Query Rewriting in Retrieval-Augmented Large Language Models},
  booktitle    = {Proceedings of the 2023 Conference on Empirical Methods in Natural
                  Language Processing, {EMNLP} 2023, Singapore, December 6-10, 2023},
  pages        = {5303--5315},
  publisher    = {Association for Computational Linguistics},
  year         = {2023},
  url          = {https://doi.org/10.18653/v1/2023.emnlp-main.322},
  doi          = {10.18653/V1/2023.EMNLP-MAIN.322},
  timestamp    = {Fri, 12 Apr 2024 13:11:41 +0200},
  biburl       = {https://dblp.org/rec/conf/emnlp/MaGHZD23.bib},
  bibsource    = {dblp computer science bibliography, https://dblp.org}
}



@article{LLMSurvey2024,
  author       = {Jose A. Diaz{-}Garcia and
                  Joao Paulo Carvalho},
  title        = {A survey of textual cyber abuse detection using cutting-edge language
                  models and large language models},
  journal      = {CoRR},
  volume       = {abs/2501.05443},
  year         = {2025},
  url          = {https://doi.org/10.48550/arXiv.2501.05443},
  doi          = {10.48550/ARXIV.2501.05443},
  eprinttype    = {arXiv},
  eprint       = {2501.05443},
  timestamp    = {Wed, 19 Feb 2025 21:19:09 +0100},
  biburl       = {https://dblp.org/rec/journals/corr/abs-2501-05443.bib},
  bibsource    = {dblp computer science bibliography, https://dblp.org}
}



@inproceedings{AttentionIsAllYouNeed2017,
  author       = {Xiaopeng Zhang and
                  Haoyu Yang and
                  Evangeline F. Y. Young},
  title        = {Attentional Transfer is All You Need: Technology-aware Layout Pattern
                  Generation},
  booktitle    = {58th {ACM/IEEE} Design Automation Conference, {DAC} 2021, San Francisco,
                  CA, USA, December 5-9, 2021},
  pages        = {169--174},
  publisher    = {{IEEE}},
  year         = {2021},
  url          = {https://doi.org/10.1109/DAC18074.2021.9586227},
  doi          = {10.1109/DAC18074.2021.9586227},
  timestamp    = {Wed, 03 May 2023 17:06:11 +0200},
  biburl       = {https://dblp.org/rec/conf/dac/ZhangYY21.bib},
  bibsource    = {dblp computer science bibliography, https://dblp.org}
}



@inproceedings{GPT3FewShot2020,
  author       = {Zhenhailong Wang and
                  Manling Li and
                  Ruochen Xu and
                  Luowei Zhou and
                  Jie Lei and
                  Xudong Lin and
                  Shuohang Wang and
                  Ziyi Yang and
                  Chenguang Zhu and
                  Derek Hoiem and
                  Shih{-}Fu Chang and
                  Mohit Bansal and
                  Heng Ji},
  editor       = {Sanmi Koyejo and
                  S. Mohamed and
                  A. Agarwal and
                  Danielle Belgrave and
                  K. Cho and
                  A. Oh},
  title        = {Language Models with Image Descriptors are Strong Few-Shot Video-Language
                  Learners},
  booktitle    = {Advances in Neural Information Processing Systems 35: Annual Conference
                  on Neural Information Processing Systems 2022, NeurIPS 2022, New Orleans,
                  LA, USA, November 28 - December 9, 2022},
  year         = {2022},
  url          = {http://papers.nips.cc/paper\_files/paper/2022/hash/381ceeae4a1feb1abc59c773f7e61839-Abstract-Conference.html},
  timestamp    = {Mon, 08 Jan 2024 16:31:37 +0100},
  biburl       = {https://dblp.org/rec/conf/nips/WangLXZ00WY0HCB22.bib},
  bibsource    = {dblp computer science bibliography, https://dblp.org}
}



@article{ScalingLawsNLM2020,
  author       = {Jared Kaplan and
                  Sam McCandlish and
                  Tom Henighan and
                  Tom B. Brown and
                  Benjamin Chess and
                  Rewon Child and
                  Scott Gray and
                  Alec Radford and
                  Jeffrey Wu and
                  Dario Amodei},
  title        = {Scaling Laws for Neural Language Models},
  journal      = {CoRR},
  volume       = {abs/2001.08361},
  year         = {2020},
  url          = {https://arxiv.org/abs/2001.08361},
  eprinttype    = {arXiv},
  eprint       = {2001.08361},
  timestamp    = {Wed, 03 Jun 2020 10:55:13 +0200},
  biburl       = {https://dblp.org/rec/journals/corr/abs-2001-08361.bib},
  bibsource    = {dblp computer science bibliography, https://dblp.org}
}



@inproceedings{CoTPrompting2022,
  author       = {Jason Wei and
                  Xuezhi Wang and
                  Dale Schuurmans and
                  Maarten Bosma and
                  Brian Ichter and
                  Fei Xia and
                  Ed H. Chi and
                  Quoc V. Le and
                  Denny Zhou},
  editor       = {Sanmi Koyejo and
                  S. Mohamed and
                  A. Agarwal and
                  Danielle Belgrave and
                  K. Cho and
                  A. Oh},
  title        = {Chain-of-Thought Prompting Elicits Reasoning in Large Language Models},
  booktitle    = {Advances in Neural Information Processing Systems 35: Annual Conference
                  on Neural Information Processing Systems 2022, NeurIPS 2022, New Orleans,
                  LA, USA, November 28 - December 9, 2022},
  year         = {2022},
  url          = {http://papers.nips.cc/paper\_files/paper/2022/hash/9d5609613524ecf4f15af0f7b31abca4-Abstract-Conference.html},
  timestamp    = {Tue, 12 Nov 2024 16:50:49 +0100},
  biburl       = {https://dblp.org/rec/conf/nips/Wei0SBIXCLZ22.bib},
  bibsource    = {dblp computer science bibliography, https://dblp.org}
}



@inproceedings{BERT2019,
  author       = {Jacob Devlin and
                  Ming{-}Wei Chang and
                  Kenton Lee and
                  Kristina Toutanova},
  editor       = {Jill Burstein and
                  Christy Doran and
                  Thamar Solorio},
  title        = {{BERT:} Pre-training of Deep Bidirectional Transformers for Language
                  Understanding},
  booktitle    = {Proceedings of the 2019 Conference of the North American Chapter of
                  the Association for Computational Linguistics: Human Language Technologies,
                  {NAACL-HLT} 2019, Minneapolis, MN, USA, June 2-7, 2019, Volume 1 (Long
                  and Short Papers)},
  pages        = {4171--4186},
  publisher    = {Association for Computational Linguistics},
  year         = {2019},
  url          = {https://doi.org/10.18653/v1/n19-1423},
  doi          = {10.18653/V1/N19-1423},
  timestamp    = {Mon, 26 Sep 2022 12:21:55 +0200},
  biburl       = {https://dblp.org/rec/conf/naacl/DevlinCLT19.bib},
  bibsource    = {dblp computer science bibliography, https://dblp.org}
}



@inproceedings{LLMsFewShotLearners2024,
  author       = {Samuel Cahyawijaya and
                  Holy Lovenia and
                  Pascale Fung},
  editor       = {Kevin Duh and
                  Helena G{\'{o}}mez{-}Adorno and
                  Steven Bethard},
  title        = {LLMs Are Few-Shot In-Context Low-Resource Language Learners},
  booktitle    = {Proceedings of the 2024 Conference of the North American Chapter of
                  the Association for Computational Linguistics: Human Language Technologies
                  (Volume 1: Long Papers), {NAACL} 2024, Mexico City, Mexico, June 16-21,
                  2024},
  pages        = {405--433},
  publisher    = {Association for Computational Linguistics},
  year         = {2024},
  url          = {https://doi.org/10.18653/v1/2024.naacl-long.24},
  doi          = {10.18653/V1/2024.NAACL-LONG.24},
  timestamp    = {Thu, 29 Aug 2024 17:13:57 +0200},
  biburl       = {https://dblp.org/rec/conf/naacl/CahyawijayaLF24.bib},
  bibsource    = {dblp computer science bibliography, https://dblp.org}
}

@inproceedings{IntelliQR2024,
  title={Accelerating ranking in E-Commerce search engines through contextual factor selection},
  author={Zeng, Anxiang and Yu, Han and Da, Qing and Zhan, Yusen and Miao, Chunyan},
  booktitle={Proceedings of the AAAI Conference on Artificial Intelligence},
  volume={34},
  number={08},
  pages={13212--13219},
  year={2020}
}

@article{ContextAwareQR2023,
  title={Context-Aware Query Rewriting for Improving Users' Search Experience on E-commerce Websites},
  author={Zuo, Simiao and Yin, Qingyu and Jiang, Haoming and Xi, Shaohui and Yin, Bing and Zhang, Chao and Zhao, Tuo},
  journal={arXiv preprint arXiv:2209.07584},
  year={2022}
}

@inproceedings{GraphBasedQR2007,
  title={Scalable query rewriting: a graph-based approach},
  author={Konstantinidis, George and Ambite, Jos{\'e} Luis},
  booktitle={Proceedings of the 2011 ACM SIGMOD International Conference on Management of data},
  pages={97--108},
  year={2011}
}

@misc{GPT2018,
  title={Improving language understanding by generative pre-training},
  author={Radford, Alec},
  year={2018}
}

