@article{abdin2024phi,
  title={Phi-3 technical report: A highly capable language model locally on your phone},
  author={Abdin, Marah and Jacobs, Sam Ade and Awan, Ammar Ahmad and Aneja, Jyoti and Awadallah, Ahmed and Awadalla, Hany and Bach, Nguyen and Bahree, Amit and Bakhtiari, Arash and Behl, Harkirat and others},
  journal={arXiv preprint arXiv:2404.14219},
  year={2024}
}

@article{dziri2024faith,
  title={Faith and fate: Limits of transformers on compositionality},
  author={Dziri, Nouha and Lu, Ximing and Sclar, Melanie and Li, Xiang Lorraine and Jiang, Liwei and Lin, Bill Yuchen and Welleck, Sean and West, Peter and Bhagavatula, Chandra and Le Bras, Ronan and others},
  journal={Advances in Neural Information Processing Systems},
  volume={36},
  year={2024}
}

@article{feng2023alphazero,
  title={Alphazero-like tree-search can guide large language model decoding and training},
  author={Feng, Xidong and Wan, Ziyu and Wen, Muning and McAleer, Stephen Marcus and Wen, Ying and Zhang, Weinan and Wang, Jun},
  journal={arXiv preprint arXiv:2309.17179},
  year={2023}
}

@inproceedings{fu2023specializing,
  title={Specializing smaller language models towards multi-step reasoning},
  author={Fu, Yao and Peng, Hao and Ou, Litu and Sabharwal, Ashish and Khot, Tushar},
  booktitle={International Conference on Machine Learning},
  pages={10421--10430},
  year={2023},
  organization={PMLR}
}

@inproceedings{furuta2024exposing,
  title={Exposing Limitations of Language Model Agents in Sequential-Task Compositions on the Web},
  author={Furuta, Hiroki and Matsuo, Yutaka and Faust, Aleksandra and Gur, Izzeddin},
  booktitle={ICLR 2024 Workshop on Large Language Model (LLM) Agents},
  year={2024}
}

@article{guo2025deepseek,
  title={Deepseek-r1: Incentivizing reasoning capability in llms via reinforcement learning},
  author={Guo, Daya and Yang, Dejian and Zhang, Haowei and Song, Junxiao and Zhang, Ruoyu and Xu, Runxin and Zhu, Qihao and Ma, Shirong and Wang, Peiyi and Bi, Xiao and others},
  journal={arXiv preprint arXiv:2501.12948},
  year={2025}
}

@article{han2024token,
  title={Token-Budget-Aware LLM Reasoning},
  author={Han, Tingxu and Fang, Chunrong and Zhao, Shiyu and Ma, Shiqing and Chen, Zhenyu and Wang, Zhenting},
  journal={arXiv preprint arXiv:2412.18547},
  year={2024}
}

@article{hsieh2024found,
  title={Found in the middle: Calibrating positional attention bias improves long context utilization},
  author={Hsieh, Cheng-Yu and Chuang, Yung-Sung and Li, Chun-Liang and Wang, Zifeng and Le, Long T and Kumar, Abhishek and Glass, James and Ratner, Alexander and Lee, Chen-Yu and Krishna, Ranjay and others},
  journal={arXiv preprint arXiv:2406.16008},
  year={2024}
}

@article{jiang2024technical,
  title={Technical report: Enhancing llm reasoning with reward-guided tree search},
  author={Jiang, Jinhao and Chen, Zhipeng and Min, Yingqian and Chen, Jie and Cheng, Xiaoxue and Wang, Jiapeng and Tang, Yiru and Sun, Haoxiang and Deng, Jia and Zhao, Wayne Xin and others},
  journal={arXiv preprint arXiv:2411.11694},
  year={2024}
}

@article{junqing2023never,
  title={Never lost in the middle: Improving large language models via attention strengthening question answering},
  author={Junqing, He and Kunhao, Pan and Xiaoqun, Dong and Zhuoyang, Song and Yibo, Liu and Yuxin, Liang and Hao, Wang and Qianguo, Sun and Songxin, Zhang and Zejian, Xie and others},
  journal={arXiv preprint arXiv:2311.09198},
  year={2023}
}

@article{lightman2023let,
  title={Let's verify step by step},
  author={Lightman, Hunter and Kosaraju, Vineet and Burda, Yura and Edwards, Harri and Baker, Bowen and Lee, Teddy and Leike, Jan and Schulman, John and Sutskever, Ilya and Cobbe, Karl},
  journal={arXiv preprint arXiv:2305.20050},
  year={2023}
}

@article{nayab2024concise,
  title={Concise thoughts: Impact of output length on llm reasoning and cost},
  author={Nayab, Sania and Rossolini, Giulio and Buttazzo, Giorgio and Manes, Nicolamaria and Giacomelli, Fabrizio},
  journal={arXiv preprint arXiv:2407.19825},
  year={2024}
}

@misc{openai2023gpt4,
      title={GPT-4 Technical Report}, 
      author={OpenAI},
      year={2023},
      eprint={2303.08774},
      archivePrefix={arXiv},
      primaryClass={cs.CL}
}

@article{peysakhovich2023attention,
  title={Attention sorting combats recency bias in long context language models},
  author={Peysakhovich, Alexander and Lerer, Adam},
  journal={arXiv preprint arXiv:2310.01427},
  year={2023}
}

@article{touvron2023llama,
  title={Llama: Open and efficient foundation language models},
  author={Touvron, Hugo and Lavril, Thibaut and Izacard, Gautier and Martinet, Xavier and Lachaux, Marie-Anne and Lacroix, Timoth{\'e}e and Rozi{\`e}re, Baptiste and Goyal, Naman and Hambro, Eric and Azhar, Faisal and others},
  journal={arXiv preprint arXiv:2302.13971},
  year={2023}
}

@article{wang2022self,
  title={Self-consistency improves chain of thought reasoning in language models},
  author={Wang, Xuezhi and Wei, Jason and Schuurmans, Dale and Le, Quoc and Chi, Ed and Narang, Sharan and Chowdhery, Aakanksha and Zhou, Denny},
  journal={arXiv preprint arXiv:2203.11171},
  year={2022}
}

@inproceedings{wang2024math,
  title={Math-shepherd: Verify and reinforce llms step-by-step without human annotations},
  author={Wang, Peiyi and Li, Lei and Shao, Zhihong and Xu, Runxin and Dai, Damai and Li, Yifei and Chen, Deli and Wu, Yu and Sui, Zhifang},
  booktitle={Proceedings of the 62nd Annual Meeting of the Association for Computational Linguistics (Volume 1: Long Papers)},
  pages={9426--9439},
  year={2024}
}

@article{wang2024q,
  title={Q*: Improving multi-step reasoning for llms with deliberative planning},
  author={Wang, Chaojie and Deng, Yanchen and Lyu, Zhiyi and Zeng, Liang and He, Jujie and Yan, Shuicheng and An, Bo},
  journal={arXiv preprint arXiv:2406.14283},
  year={2024}
}

@article{wei2022chain,
  title={Chain-of-thought prompting elicits reasoning in large language models},
  author={Wei, Jason and Wang, Xuezhi and Schuurmans, Dale and Bosma, Maarten and Xia, Fei and Chi, Ed and Le, Quoc V and Zhou, Denny and others},
  journal={Advances in neural information processing systems},
  volume={35},
  pages={24824--24837},
  year={2022}
}

@article{xie2024self,
  title={Self-evaluation guided beam search for reasoning},
  author={Xie, Yuxi and Kawaguchi, Kenji and Zhao, Yiran and Zhao, James Xu and Kan, Min-Yen and He, Junxian and Xie, Michael},
  journal={Advances in Neural Information Processing Systems},
  volume={36},
  year={2024}
}

@article{yao2024tree,
  title={Tree of thoughts: Deliberate problem solving with large language models},
  author={Yao, Shunyu and Yu, Dian and Zhao, Jeffrey and Shafran, Izhak and Griffiths, Tom and Cao, Yuan and Narasimhan, Karthik},
  journal={Advances in Neural Information Processing Systems},
  volume={36},
  year={2024}
}

@article{zhang2024rest,
  title={Rest-mcts*: Llm self-training via process reward guided tree search},
  author={Zhang, Dan and Zhoubian, Sining and Hu, Ziniu and Yue, Yisong and Dong, Yuxiao and Tang, Jie},
  journal={arXiv preprint arXiv:2406.03816},
  year={2024}
}

@article{zhou2022least,
  title={Least-to-most prompting enables complex reasoning in large language models},
  author={Zhou, Denny and Sch{\"a}rli, Nathanael and Hou, Le and Wei, Jason and Scales, Nathan and Wang, Xuezhi and Schuurmans, Dale and Cui, Claire and Bousquet, Olivier and Le, Quoc and others},
  journal={arXiv preprint arXiv:2205.10625},
  year={2022}
}

