@inproceedings{Bian2020Rumor,
  title={Rumor detection on social media with bi-directional graph convolutional networks},
  author={Bian, Tian and Xiao, Xi and Xu, Tingyang and Zhao, Peilin and Huang, Wenbing and Rong, Yu and Huang, Junzhou},
  booktitle={Proceedings of the AAAI conference on artificial intelligence},
  pages={549--556},
  year={2020}
}

@inproceedings{Sun2022ddgcn, 
	title={DDGCN: Dual Dynamic Graph Convolutional Networks for Rumor Detection on Social Media}, 
	booktitle={Proceedings of the AAAI Conference on Artificial Intelligence}, 
	author={Sun, Mengzhu and Zhang, Xi and Zheng, Jiaqi and Ma, Guixiang}, 
	year={2022}, 
	pages={4611--4619} 
}

@article{Yang2024Topic,
	title = {Topic Audiolization: A Model for Rumor Detection Inspired by Lie Detection Technology},
	journal = {Information Processing \& Management},
	year = {2024},
	volume = {61},
	number = {1},
	pages = {103563},
	author = {Zhou Yang and Yucai Pang and Xuehong Li and Qian Li and Shihong Wei and Rong Wang and Yunpeng Xiao}
}

@ARTICLE{deng2023markov,
	author={Deng, Leyan and Wu, Chenwang and Lian, Defu and Wu, Yongji and Chen, Enhong},
	journal={IEEE Transactions on Knowledge and Data Engineering}, 
	title={Markov-Driven Graph Convolutional Networks for Social Spammer Detection}, 
	year={2023},
	volume={35},
	number={12},
	pages={12310-12322},
}

@inproceedings{ma2016detecting,
	title={Detecting rumors from microblogs with recurrent neural networks},
	author={Ma, Jing and Gao, Wei and Mitra, Prasenjit and Kwon, Sejeong and Jansen, Bernard J and Wong, Kam-Fai and Cha, Meeyoung},
	booktitle={ Proceedings of the 25th International Joint Conference on Artificial Intelligence},
	pages={3818-3824},
	year={2016}
}

@article{ma2021improving,
	title={Improving Rumor Detection by Promoting Information Campaigns with Transformer-based Generative Adversarial Learning},
	author={Ma, Jing and Li, Jun and Gao, Wei and Yang, Yang and Wong, Kam-Fai},
	journal={IEEE Transactions on Knowledge and Data Engineering},
	year={2023},
	volume={35},
	number={3},
	pages={2657--2670}
}

@article{qu2024temporal,
	title={Temporal Enhanced Multimodal Graph Neural Networks for Fake News Detection},
	author={Qu, Zhibo and Zhou, Fuhui and Song, Xi and Ding, Rui and Yuan, Lu and Wu, Qihui},
	journal={IEEE Transactions on Computational Social Systems},
	year={2024},
	publisher={IEEE}
}

@inproceedings{wang2023cross,
	title={Cross-modal contrastive learning for multimodal fake news detection},
	author={Wang, Longzheng and Zhang, Chuang and Xu, Hongbo and Xu, Yongxiu and Xu, Xiaohan and Wang, Siqi},
	booktitle={Proceedings of the 31st ACM international conference on multimedia},
	pages={5696--5704},
	year={2023}
}

@ARTICLE{wei2024modeling,
	author={Wei, Lingwei and Hu, Dou and Zhou, Wei and Wang, Xin and Hu, Songlin},
	journal={IEEE Transactions on Neural Networks and Learning Systems}, 
	title={Modeling the Uncertainty of Information Propagation for Rumor Detection: A Neuro-Fuzzy Approach}, 
	year={2024},
	volume={35},
	number={2},
	pages={2522--2533}
	}

@inproceedings{zhang2024reinforced,
	title={Reinforced adaptive knowledge learning for multimodal fake news detection},
	author={Zhang, Litian and Zhang, Xiaoming and Zhou, Ziyi and Huang, Feiran and Li, Chaozhuo},
	booktitle={Proceedings of the AAAI Conference on Artificial Intelligence},
	volume={38},
	number={15},
	pages={16777--16785},
	year={2024}
}

