% Encoding: UTF-8

@ARTICLE{GraphTrans,
  author={Cai, Yicheng and Wang, Haizhou and Cao, Hao and Wang, Wenxian and Zhang, Lei and Chen, Xingshu},
  journal={IEEE Transactions on Information Forensics and Security}, 
  title={Detecting Spam Movie Review Under Coordinated Attack With Multi-View Explicit and Implicit Relations Semantics Fusion}, 
  year={2024},
  volume={19},
  number={},
  pages={7588-7603},
  doi={10.1109/TIFS.2024.3441947}}
  
@ARTICLE{chen2024gnn,
  author={Chen, Chaoqi and Wu, Yushuang and Dai, Qiyuan and Zhou, Hong-Yu and Xu, Mutian and Yang, Sibei and Han, Xiaoguang and Yu, Yizhou},
  journal={IEEE Transactions on Pattern Analysis and Machine Intelligence}, 
  title={A Survey on Graph Neural Networks and Graph Transformers in Computer Vision: A Task-Oriented Perspective}, 
  year={2024},
  volume={46},
  number={12},
  pages={10297-10318},
  doi={10.1109/TPAMI.2024.3445463}}

@ARTICLE{jiang2024learning,
  author={Jiang, Bo and Zhang, Ziyan and Ge, Sheng and Wang, Beibei and Wang, Xiao and Tang, Jin},
  journal={IEEE Transactions on Pattern Analysis and Machine Intelligence}, 
  title={Learning Graph Attentions via Replicator Dynamics}, 
  year={2024},
  volume={46},
  number={12},
  pages={7720-7727},
  doi={10.1109/TPAMI.2024.3393300}}

@ARTICLE{GRU,
  author={Yu, Keping and Zhu, Xiaogang and Guo, Zhiwei and Tolba, Amr and Rodrigues, Joel J. P. C. and Leung, Victor C.M.},
  journal={IEEE Transactions on Fuzzy Systems}, 
  title={A Cross-Field Deep Learning-Based Fuzzy Spamming Detection Approach via Collaboration of Behavior Modeling and Sentiment Analysis}, 
  year={2024},
  volume={32},
  number={12},
  pages={7168-7182},
  doi={10.1109/TFUZZ.2024.3425510}
}


@article{beltagy2020longformer,
  title={Longformer: The long-document transformer},
  author={Beltagy, Iz and Peters, Matthew E and Cohan, Arman},
  journal={arXiv preprint arXiv:2004.05150},
  year={2020}
}

@ARTICLE{deng2022markov,
	author={Deng, Leyan and Wu, Chenwang and Lian, Defu and Wu, Yongji and Chen, Enhong},
	journal={IEEE Transactions on Knowledge and Data Engineering}, 
	title={Markov-Driven Graph Convolutional Networks for Social Spammer Detection}, 
	year={2023},
	volume={35},
	number={12},
	pages={12310-12322}
}

@inproceedings{li2019spam,
	title={Spam review detection with graph convolutional networks},
	author={Li, Ao and Qin, Zhou and Liu, Runshi and Yang, Yiqun and Li, Dong},
	booktitle={Proceedings of the 28th ACM international conference on information and knowledge management},
	pages={2703--2711},
	year={2019}
}

@article{chang2024graph,
	title={Graph global attention network with memory: A deep learning approach for fake news detection},
	author={Chang, Qian and Li, Xia and Duan, Zhao},
	journal={Neural Networks},
	volume={172},
	pages={106115},
	year={2024},
	publisher={Elsevier}
}

@article{zhang2024predicting,
	title={Predicting viral rumors and vulnerable users with graph-based neural multi-task learning for infodemic surveillance},
	author={Zhang, Xuan and Gao, Wei},
	journal={Information Processing \& Management},
	volume={61},
	number={1},
	pages={103520},
	year={2024},
	publisher={Elsevier}
}

@ARTICLE{zhang2023rumor,
	author={Zhang, Qi and Yang, Yayi and Shi, Chongyang and Lao, An and Hu, Liang and Wang, Shoujin and Naseem, Usman},
	journal={IEEE Transactions on Neural Networks and Learning Systems}, 
	title={Rumor Detection With Hierarchical Representation on Bipartite Ad Hoc Event Trees}, 
	year={2024},
	volume={35},
	number={10},
	pages={14112-14124}
}

@article{yang2022chinese,
	title={Chinese clip: Contrastive vision-language pretraining in chinese},
	author={Yang, An and Pan, Junshu and Lin, Junyang and Men, Rui and Zhang, Yichang and Zhou, Jingren and Zhou, Chang},
	journal={arXiv preprint arXiv:2211.01335},
	year={2022}
}

@inproceedings{jia2021scaling,
	title={Scaling up visual and vision-language representation learning with noisy text supervision},
	author={Jia, Chao and Yang, Yinfei and Xia, Ye and Chen, Yi-Ting and Parekh, Zarana and Pham, Hieu and Le, Quoc and Sung, Yun-Hsuan and Li, Zhen and Duerig, Tom},
	booktitle={International conference on machine learning},
	pages={4904--4916},
	year={2021},
	organization={PMLR}
}

@inproceedings{li2023blip,
	title={Blip-2: Bootstrapping language-image pre-training with frozen image encoders and large language models},
	author={Li, Junnan and Li, Dongxu and Savarese, Silvio and Hoi, Steven},
	booktitle={International conference on machine learning},
	pages={19730--19742},
	year={2023},
	organization={PMLR}
}

@article{babu2023efficient,
	title={An efficient spam detector model for accurate categorization of spam tweets using quantum chaotic optimization-based stacked recurrent network},
	author={Babu, R and Kannappan, Jayashree and Krishna, Brahmadesam Viswanathan and Vijay, K},
	journal={Nonlinear Dynamics},
	volume={111},
	number={19},
	pages={18523--18540},
	year={2023},
	publisher={Springer}
}

@article{rao2023hybrid,
	title={Hybrid ensemble framework with self-attention mechanism for social spam detection on imbalanced data},
	author={Rao, Sanjeev and Verma, Anil Kumar and Bhatia, Tarunpreet},
	journal={Expert Systems with Applications},
	volume={217},
	pages={119594},
	year={2023},
	publisher={Elsevier}
}

@inproceedings{dey2017gate,
	title={Gate-variants of gated recurrent unit (GRU) neural networks},
	author={Dey, Rahul and Salem, Fathi M},
	booktitle={2017 IEEE 60th international midwest symposium on circuits and systems (MWSCAS)},
	pages={1597--1600},
	year={2017},
	organization={IEEE}
}

@inproceedings{gao2019graph,
	title={Graph u-nets},
	author={Gao, Hongyang and Ji, Shuiwang},
	booktitle={international conference on machine learning},
	pages={2083--2092},
	year={2019},
	organization={PMLR}
}

@inproceedings{generale2022scaling,
	title={Scaling R-GCN training with graph summarization},
	author={Generale, Alessandro and Blume, Till and Cochez, Michael},
	booktitle={Companion Proceedings of the Web Conference 2022},
	pages={1073--1082},
	year={2022}
}

@article{he2022convolutional,
	title={Convolutional neural networks on graphs with chebyshev approximation, revisited},
	author={He, Mingguo and Wei, Zhewei and Wen, Ji-Rong},
	journal={Advances in neural information processing systems},
	volume={35},
	pages={7264--7276},
	year={2022}
}

@article{zhang2023detecting,
	title={Detecting collusive spammers with heterogeneous graph attention network},
	author={Zhang, Fuzhi and Wu, Jiayi and Zhang, Peng and Ma, Ru and Yu, Hongtao},
	journal={Information Processing \& Management},
	volume={60},
	number={3},
	pages={103282},
	year={2023},
	publisher={Elsevier}
}

@article{zhang2022detecting,
	title={Detecting review spammer groups based on generative adversarial networks},
	author={Zhang, Fuzhi and Yuan, Shuai and Zhang, Peng and Chao, Jinbo and Yu, Hongtao},
	journal={Information Sciences},
	volume={606},
	pages={819--836},
	year={2022},
	publisher={Elsevier}
}

@article{devlin2018bert,
	title={Bert: Pre-training of deep bidirectional transformers for language understanding},
	author={Devlin, Jacob},
	journal={arXiv preprint arXiv:1810.04805},
	year={2018}
}

@article{radford2019language,
	title={Language models are unsupervised multitask learners},
	author={Radford, Alec and Wu, Jeffrey and Child, Rewon and Luan, David and Amodei, Dario and Sutskever, Ilya and others},
	journal={OpenAI blog},
	volume={1},
	number={8},
	pages={9},
	year={2019}
}

@article{brown2020language,
	title={Language models are few-shot learners},
	author={Brown, Tom B},
	journal={arXiv preprint arXiv:2005.14165},
	year={2020}
}

@article{achiam2023gpt,
	title={Gpt-4 technical report},
	author={Achiam, Josh and Adler, Steven and Agarwal, Sandhini and Ahmad, Lama and Akkaya, Ilge and Aleman, Florencia Leoni and Almeida, Diogo and Altenschmidt, Janko and Altman, Sam and Anadkat, Shyamal and others},
	journal={arXiv preprint arXiv:2303.08774},
	year={2023}
}

@article{wang2024utilizing,
	title={Utilizing BERT for Information Retrieval: Survey, Applications, Resources, and Challenges},
	author={Wang, Jiajia and Huang, Jimmy Xiangji and Tu, Xinhui and Wang, Junmei and Huang, Angela Jennifer and Laskar, Md Tahmid Rahman and Bhuiyan, Amran},
	journal={ACM Computing Surveys},
	volume={56},
	number={7},
	pages={1--33},
	year={2024},
	publisher={ACM New York, NY}
}

@inproceedings{liu2021swin,
	title={Swin transformer: Hierarchical vision transformer using shifted windows},
	author={Liu, Ze and Lin, Yutong and Cao, Yue and Hu, Han and Wei, Yixuan and Zhang, Zheng and Lin, Stephen and Guo, Baining},
	booktitle={Proceedings of the IEEE/CVF international conference on computer vision},
	pages={10012--10022},
	year={2021}
}

@article{han2022survey,
	title={A survey on vision transformer},
	author={Han, Kai and Wang, Yunhe and Chen, Hanting and Chen, Xinghao and Guo, Jianyuan and Liu, Zhenhua and Tang, Yehui and Xiao, An and Xu, Chunjing and Xu, Yixing and others},
	journal={IEEE transactions on pattern analysis and machine intelligence},
	volume={45},
	number={1},
	pages={87--110},
	year={2022},
	publisher={IEEE}
}

@inproceedings{wang2024revisiting,
	title={Revisiting VAE for Unsupervised Time Series Anomaly Detection: A Frequency Perspective},
	author={Wang, Zexin and Pei, Changhua and Ma, Minghua and Wang, Xin and Li, Zhihan and Pei, Dan and Rajmohan, Saravan and Zhang, Dongmei and Lin, Qingwei and Zhang, Haiming and others},
	booktitle={Proceedings of the ACM on Web Conference 2024},
	pages={3096--3105},
	year={2024}
}

@inproceedings{wang2023cross,
	title={Cross-modal contrastive learning for multimodal fake news detection},
	author={Wang, Longzheng and Zhang, Chuang and Xu, Hongbo and Xu, Yongxiu and Xu, Xiaohan and Wang, Siqi},
	booktitle={Proceedings of the 31st ACM international conference on multimedia},
	pages={5696--5704},
	year={2023}
}

@inproceedings{zhang2024reinforced,
	title={Reinforced adaptive knowledge learning for multimodal fake news detection},
	author={Zhang, Litian and Zhang, Xiaoming and Zhou, Ziyi and Huang, Feiran and Li, Chaozhuo},
	booktitle={Proceedings of the AAAI Conference on Artificial Intelligence},
	volume={38},
	number={15},
	pages={16777--16785},
	year={2024}
}

@article{qu2024temporal,
	title={Temporal Enhanced Multimodal Graph Neural Networks for Fake News Detection},
	author={Qu, Zhibo and Zhou, Fuhui and Song, Xi and Ding, Rui and Yuan, Lu and Wu, Qihui},
	journal={IEEE Transactions on Computational Social Systems},
	year={2024},
	publisher={IEEE}
}

@article{fang2023unsupervised,
	title={Unsupervised rumor detection based on propagation tree VAE},
	author={Fang, Lanting and Feng, Kaiyu and Zhao, Kaiqi and Hu, Aiqun and Li, Tao},
	journal={IEEE Transactions on Knowledge and Data Engineering},
	volume={35},
	number={10},
	pages={10309--10323},
	year={2023},
	publisher={IEEE}
}

@ARTICLE{deng2023markov,
	author={Deng, Leyan and Wu, Chenwang and Lian, Defu and Wu, Yongji and Chen, Enhong},
	journal={IEEE Transactions on Knowledge and Data Engineering}, 
	title={Markov-Driven Graph Convolutional Networks for Social Spammer Detection}, 
	year={2023},
	volume={35},
	number={12},
	pages={12310-12322},
}


@article{devlin2018bert,
	title={Bert: Pre-training of deep bidirectional transformers for language understanding},
	author={Devlin, Jacob},
	journal={arXiv preprint arXiv:1810.04805},
	year={2018}
}

@article{radford2019language,
	title={Language models are unsupervised multitask learners},
	author={Radford, Alec and Wu, Jeffrey and Child, Rewon and Luan, David and Amodei, Dario and Sutskever, Ilya and others},
	journal={OpenAI blog},
	volume={1},
	number={8},
	pages={9},
	year={2019}
}

@article{brown2020language,
	title={Language models are few-shot learners},
	author={Brown, Tom B},
	journal={arXiv preprint arXiv:2005.14165},
	year={2020}
}

@article{achiam2023gpt,
	title={Gpt-4 technical report},
	author={Achiam, Josh and Adler, Steven and Agarwal, Sandhini and Ahmad, Lama and Akkaya, Ilge and Aleman, Florencia Leoni and Almeida, Diogo and Altenschmidt, Janko and Altman, Sam and Anadkat, Shyamal and others},
	journal={arXiv preprint arXiv:2303.08774},
	year={2023}
}

@article{wang2024utilizing,
	title={Utilizing BERT for Information Retrieval: Survey, Applications, Resources, and Challenges},
	author={Wang, Jiajia and Huang, Jimmy Xiangji and Tu, Xinhui and Wang, Junmei and Huang, Angela Jennifer and Laskar, Md Tahmid Rahman and Bhuiyan, Amran},
	journal={ACM Computing Surveys},
	volume={56},
	number={7},
	pages={1--33},
	year={2024},
	publisher={ACM New York, NY}
}

@inproceedings{liu2021swin,
	title={Swin transformer: Hierarchical vision transformer using shifted windows},
	author={Liu, Ze and Lin, Yutong and Cao, Yue and Hu, Han and Wei, Yixuan and Zhang, Zheng and Lin, Stephen and Guo, Baining},
	booktitle={Proceedings of the IEEE/CVF international conference on computer vision},
	pages={10012--10022},
	year={2021}
}

@article{han2022survey,
	title={A survey on vision transformer},
	author={Han, Kai and Wang, Yunhe and Chen, Hanting and Chen, Xinghao and Guo, Jianyuan and Liu, Zhenhua and Tang, Yehui and Xiao, An and Xu, Chunjing and Xu, Yixing and others},
	journal={IEEE transactions on pattern analysis and machine intelligence},
	volume={45},
	number={1},
	pages={87--110},
	year={2022},
	publisher={IEEE}
}

@inproceedings{wang2024revisiting,
	title={Revisiting VAE for Unsupervised Time Series Anomaly Detection: A Frequency Perspective},
	author={Wang, Zexin and Pei, Changhua and Ma, Minghua and Wang, Xin and Li, Zhihan and Pei, Dan and Rajmohan, Saravan and Zhang, Dongmei and Lin, Qingwei and Zhang, Haiming and others},
	booktitle={Proceedings of the ACM on Web Conference 2024},
	pages={3096--3105},
	year={2024}
}

@inproceedings{wang2023cross,
	title={Cross-modal contrastive learning for multimodal fake news detection},
	author={Wang, Longzheng and Zhang, Chuang and Xu, Hongbo and Xu, Yongxiu and Xu, Xiaohan and Wang, Siqi},
	booktitle={Proceedings of the 31st ACM international conference on multimedia},
	pages={5696--5704},
	year={2023}
}

@inproceedings{zhang2024reinforced,
	title={Reinforced adaptive knowledge learning for multimodal fake news detection},
	author={Zhang, Litian and Zhang, Xiaoming and Zhou, Ziyi and Huang, Feiran and Li, Chaozhuo},
	booktitle={Proceedings of the AAAI Conference on Artificial Intelligence},
	volume={38},
	number={15},
	pages={16777--16785},
	year={2024}
}

@article{qu2024temporal,
	title={Temporal Enhanced Multimodal Graph Neural Networks for Fake News Detection},
	author={Qu, Zhibo and Zhou, Fuhui and Song, Xi and Ding, Rui and Yuan, Lu and Wu, Qihui},
	journal={IEEE Transactions on Computational Social Systems},
	year={2024},
	publisher={IEEE}
}

@article{fang2023unsupervised,
	title={Unsupervised rumor detection based on propagation tree VAE},
	author={Fang, Lanting and Feng, Kaiyu and Zhao, Kaiqi and Hu, Aiqun and Li, Tao},
	journal={IEEE Transactions on Knowledge and Data Engineering},
	volume={35},
	number={10},
	pages={10309--10323},
	year={2023},
	publisher={IEEE}
}

@ARTICLE{deng2023markov,
	author={Deng, Leyan and Wu, Chenwang and Lian, Defu and Wu, Yongji and Chen, Enhong},
	journal={IEEE Transactions on Knowledge and Data Engineering}, 
	title={Markov-Driven Graph Convolutional Networks for Social Spammer Detection}, 
	year={2023},
	volume={35},
	number={12},
	pages={12310-12322},
}


@article{osborne2022science,
  title={Science, misinformation, and the role of education},
  author={Osborne, Jonathan and Pimentel, Daniel},
  journal={Science},
  volume={378},
  number={6617},
  pages={246--248},
  year={2022},
  publisher={American Association for the Advancement of Science}
}

@article{ham2021aaas,
  title={AAAS video series focuses on combating misinformation},
  author={Ham, Becky},
  journal={Science},
  volume={374},
  number={6567},
  pages={549--549},
  year={2021},
  publisher={American Association for the Advancement of Science}
}

@article{pennycook2021shifting,
  title={Shifting attention to accuracy can reduce misinformation online},
  author={Pennycook, Gordon and Epstein, Ziv and Mosleh, Mohsen and Arechar, Antonio A and Eckles, Dean and Rand, David G},
  journal={Nature},
  volume={592},
  number={7855},
  pages={590--595},
  year={2021},
  publisher={Nature Publishing Group}
}


@article{Song2021CED,  
	author={Song, Changhe and Yang, Cheng and Chen, Huimin and Tu, Cunchao and Liu, Zhiyuan and Sun, Maosong},  
	journal={IEEE Transactions on Knowledge and Data Engineering},   
	title={CED: Credible Early Detection of Social Media Rumors},   
	year={2021},  
	volume={33},  
	number={8},  
	pages={3035--3047},  
}

@article{ma2021improving,
	title={Improving Rumor Detection by Promoting Information Campaigns with Transformer-based Generative Adversarial Learning},
	author={Ma, Jing and Li, Jun and Gao, Wei and Yang, Yang and Wong, Kam-Fai},
	journal={IEEE Transactions on Knowledge and Data Engineering},
	year={2023},
	volume={35},
	number={3},
	pages={2657--2670}
}

@ARTICLE{wei2024modeling,
	author={Wei, Lingwei and Hu, Dou and Zhou, Wei and Wang, Xin and Hu, Songlin},
	journal={IEEE Transactions on Neural Networks and Learning Systems}, 
	title={Modeling the Uncertainty of Information Propagation for Rumor Detection: A Neuro-Fuzzy Approach}, 
	year={2024},
	volume={35},
	number={2},
	pages={2522--2533}
	}


@inproceedings{Bian2020Rumor,
  title={Rumor detection on social media with bi-directional graph convolutional networks},
  author={Bian, Tian and Xiao, Xi and Xu, Tingyang and Zhao, Peilin and Huang, Wenbing and Rong, Yu and Huang, Junzhou},
  booktitle={Proceedings of the AAAI conference on artificial intelligence},
  pages={549--556},
  year={2020}
}


@inproceedings{DCERD,
	author = {Zhang, Kaiwei and Yu, Junchi and Shi, Haichao and Liang, Jian and Zhang, Xiao-Yu},
	title = {Rumor Detection with Diverse Counterfactual Evidence},
	year = {2023},
	booktitle = {Proceedings of the 29th ACM SIGKDD Conference on Knowledge Discovery and Data Mining},
	pages = {3321--3331}
}

@inproceedings{Hu2024Actor, 
	title={Bad Actor, Good Advisor: Exploring the Role of Large Language Models in Fake News Detection}, 
	booktitle={Proceedings of the AAAI Conference on Artificial Intelligence}, 
	author={Hu, Beizhe and Sheng, Qiang and Cao, Juan and Shi, Yuhui and Li, Yang and Wang, Danding and Qi, Peng}, 
	year={2024}, 
	pages={22105--22113} 
}

@article{Yang2024Topic,
	title = {Topic Audiolization: A Model for Rumor Detection Inspired by Lie Detection Technology},
	journal = {Information Processing \& Management},
	year = {2024},
	volume = {61},
	number = {1},
	pages = {103563},
	author = {Zhou Yang and Yucai Pang and Xuehong Li and Qian Li and Shihong Wei and Rong Wang and Yunpeng Xiao}
}

@article{liu2024emotion,
	title = {Emotion detection for misinformation: A review},
	journal = {Information Fusion},
	volume = {107},
	pages = {102300},
	year = {2024},
	author = {Zhiwei Liu and Tianlin Zhang and Kailai Yang and Paul Thompson and Zeping Yu and Sophia Ananiadou}
}

@article{qin2024boosting,
	title = {Boosting generalization of fine-tuning BERT for fake news detection},
	journal = {Information Processing \& Management},
	volume = {61},
	number = {4},
	pages = {103745},
	year = {2024},
	author = {Simeng Qin and Mingli Zhang}
}

@article{Zhao2021knowledge,
	title = {Knowledge-enabled BERT for aspect-based sentiment analysis},
	journal = {Knowledge-Based Systems},
	volume = {227},
	pages = {107220},
	year = {2021},
	author = {Anping Zhao and Yu Yu}
}

@article{Yang2024model,
	title = {A model for early rumor detection base on topic-derived domain compensation and multi-user association},
	journal = {Expert Systems with Applications},
	volume = {250},
	pages = {123951},
	year = {2024},
	author = {Zhou Yang and Yucai Pang and Qian Li and Shihong Wei and Rong Wang and Yunpeng Xiao}
}

@inproceedings{wu2023decor,
	author = {Wu, Jiaying and Hooi, Bryan},
	title = {DECOR: Degree-Corrected Social Graph Refinement for Fake News Detection},
	year = {2023},
	booktitle = {Proceedings of the 29th ACM SIGKDD Conference on Knowledge Discovery and Data Mining},
	pages = {2582--2593}
}

@inproceedings{Sun2022ddgcn, 
	title={DDGCN: Dual Dynamic Graph Convolutional Networks for Rumor Detection on Social Media}, 
	booktitle={Proceedings of the AAAI Conference on Artificial Intelligence}, 
	author={Sun, Mengzhu and Zhang, Xi and Zheng, Jiaqi and Ma, Guixiang}, 
	year={2022}, 
	pages={4611--4619} 
}

@article{Zhang2023computational,
	title = {A computational approach for real-time detection of fake news},
	journal = {Expert Systems with Applications},
	volume = {221},
	pages = {119656},
	year = {2023},
	author = {Chaowei Zhang and Ashish Gupta and Xiao Qin and Yi Zhou}
}

@inproceedings{ma2016detecting,
	title={Detecting rumors from microblogs with recurrent neural networks},
	author={Ma, Jing and Gao, Wei and Mitra, Prasenjit and Kwon, Sejeong and Jansen, Bernard J and Wong, Kam-Fai and Cha, Meeyoung},
	booktitle={ Proceedings of the 25th International Joint Conference on Artificial Intelligence},
	pages={3818-3824},
	year={2016}
}

@inproceedings{qi2023fakesv,
	title={Fakesv: A multimodal benchmark with rich social context for fake news detection on short video platforms},
	author={Qi, Peng and Bu, Yuyan and Cao, Juan and Ji, Wei and Shui, Ruihao and Xiao, Junbin and Wang, Danding and Chua, Tat-Seng},
	booktitle={Proceedings of the AAAI Conference on Artificial Intelligence},
	pages={14444--14452},
	year={2023}
}

@article{farhangian2024fake,
	title={Fake news detection: Taxonomy and comparative study},
	author={Farhangian, Faramarz and Cruz, Rafael MO and Cavalcanti, George DC},
	journal={Information Fusion},
	volume={103},
	pages={102140},
	year={2024},
	publisher={Elsevier}
}

@inproceedings{wang2023attacking,
	title={Attacking fake news detectors via manipulating news social engagement},
	author={Wang, Haoran and Dou, Yingtong and Chen, Canyu and Sun, Lichao and Yu, Philip S and Shu, Kai},
	booktitle={Proceedings of the ACM Web Conference 2023},
	pages={3978--3986},
	year={2023}
}

@article{peng2024not,
	title={Not all fake news is semantically similar: Contextual semantic representation learning for multimodal fake news detection},
	author={Peng, Liwen and Jian, Songlei and Kan, Zhigang and Qiao, Linbo and Li, Dongsheng},
	journal={Information Processing \& Management},
	volume={61},
	number={1},
	pages={103564},
	year={2024}
}

@article{qu2024qmfnd,
	title={QMFND: A quantum multimodal fusion-based fake news detection model for social media},
	author={Qu, Zhiguo and Meng, Yunyi and Muhammad, Ghulam and Tiwari, Prayag},
	journal={Information Fusion},
	volume={104},
	pages={102172},
	year={2024}
}

@inproceedings{yin2024gamc,
	title={GAMC: an unsupervised method for fake news detection using graph autoencoder with masking},
	author={Yin, Shu and Zhu, Peican and Wu, Lianwei and Gao, Chao and Wang, Zhen},
	booktitle={Proceedings of the AAAI Conference on Artificial Intelligence},
	volume={38},
	number={1},
	pages={347--355},
	year={2024}
}

@article{wu2023mfir,
	title={MFIR: Multimodal fusion and inconsistency reasoning for explainable fake news detection},
	author={Wu, Lianwei and Long, Yuzhou and Gao, Chao and Wang, Zhen and Zhang, Yanning},
	journal={Information Fusion},
	volume={100},
	pages={101944},
	year={2023}
}

@inproceedings{ying2023bootstrapping,
	title={Bootstrapping multi-view representations for fake news detection},
	author={Ying, Qichao and Hu, Xiaoxiao and Zhou, Yangming and Qian, Zhenxing and Zeng, Dan and Ge, Shiming},
	booktitle={Proceedings of the AAAI conference on Artificial Intelligence},
	pages={5384--5392},
	year={2023}
}


@Comment{jabref-meta: databaseType:bibtex;}
