@INPROCEEDINGS{AEE,
  author={Basat, Ran Ben and Einziger, Gil and Mitzenmacher, Michael and Vargaftik, Shay},
  booktitle={IEEE INFOCOM 2020 - IEEE Conference on Computer Communications}, 
  title={Faster and More Accurate Measurement through Additive-Error Counters}, 
  year={2020},
  volume={},
  number={},
  pages={1251-1260},
  doi={10.1109/INFOCOM41043.2020.9155340},
note={Code: \url{https://github.com/additivecounters/AEE}}
}

@INPROCEEDINGS{ANLSUpscaling,
author={Chengchen Hu and Bin Liu},
booktitle={CSE},
title={Self-Tuning the Parameter of Adaptive Non-linear Sampling Method for Flow Statistics},
year={2009},
}

@article{ApproximateCounting,
  author = {Morris, Robert},
  journal = {Commun. ACM},
  title = {Counting Large Numbers of Events in Small Registers},
  year = 1978
}

@inproceedings{CEDAR,
  author    = {Erez Tsidon and
               Iddo Hanniel and
               Isaac Keslassy},
  title     = {Estimators also need shared values to grow together},
  booktitle = {IEEE INFOCOM},
  year      = 2012,
}

@article{ColdFilter,
  author    = {Tong Yang and
               Jie Jiang and
               Yang Zhou and
               Long He and
               Jinyang Li and
               Bin Cui and
               Steve Uhlig and
               Xiaoming Li},
  title     = {Fast and accurate stream processing by filtering the cold},
  journal   = {{VLDB} J.},
  year      = {2019},
}

@article{CountMinSketch,
    author = {Graham Cormode and S. Muthukrishnan},
    title = {An improved data stream summary: The Count-Min sketch and its applications},
    journal = {J. Algorithms},
    year = {2004},
}

@inproceedings{CountSketch,
	author = {Charikar, Moses and Chen, Kevin and Farach-Colton, Martin},
	title = {Finding Frequent Items in Data Streams},
	booktitle = {EATCS ICALP},
	year =  2002,
}

@inproceedings{CounterBraids,
	author = {Lu, Yi and Montanari, Andrea and Prabhakar, Balaji and Dharmapurikar, Sarang and Kabbani, Abdul},
	title = {Counter braids: a novel counter architecture for per-flow measurement},
	booktitle = {ACM SIGMETRICS},
	year  = 2008
}

@inproceedings{CounterTree,
	author    = {Min Chen and
	Shigang Chen},
	title     = {Counter Tree: {A} Scalable Counter Architecture for Per-Flow Traffic
	Measurement},
	booktitle = {IEEE ICNP},
	year  = 2015
}

@inproceedings{Nitro,
		author    = {Zaoxing Liu and Ran Ben-Basat and Gil Einziger and Yaron Kassner and Vladimir Braverman and Roy Friedman and Vyas Sekar},
		title     = {NitroSketch: Robust and General Sketch-based Monitoring in Software Switches},
		booktitle   = {ACM SIGCOMM },
		year      = {2019}
}

@article{PyramidSketch,
  title={Pyramid sketch: A sketch framework for frequency estimation of data streams},
  author={Yang, Tong and Zhou, Yang and Jin, Hao and Chen, Shigang and Li, Xiaoming},
  journal={Proceedings of the VLDB Endowment},
  volume={10},
  number={11},
  pages={1442--1453},
  year={2017},
  publisher={VLDB Endowment}
}

@ARTICLE{RandomizedCounterSharing,
	author={Tao Li and Shigang Chen and Yibei Ling},
	journal={IEEE/ACM Trans. on Networking},
	title={Per-Flow Traffic Measurement Through Randomized Counter Sharing},
	year={2012},
}

@MISC{RobinMap,
	title = "Implementation of Robin Map.",
	author={Thibaut Goetghebuer-Planchon},
	url={https://github.com/Tessil/robin-map}
}

@inproceedings{UnivMonTheory,
  title={Zero-one frequency laws},
  author={Braverman, Vladimir and Ostrovsky, Rafail},
  booktitle={ACM STOC},
  year={2010}
}

@inproceedings{gong2017abc,
  title={ABC: a Practicable Sketch Framework for Non-uniform Multisets},
  author={Gong, Junzhi and Yang, Tong and Zhou, Yang and Yang, Dongsheng and Chen, Shigang and Cui, Bin and Li, Xiaoming},
  booktitle={2017 IEEE Big Data},
  year={2017},
}

@inproceedings{reviriego2021perfect,
  title={Perfect cuckoo filters},
  author={Reviriego, Pedro and Pontarelli, Salvatore},
  booktitle={Proceedings of the 17th International Conference on emerging Networking EXperiments and Technologies},
  pages={205--211},
  year={2021}
}

@inproceedings{univmon,
	author = {Liu, Zaoxing and Manousis, Antonis and Vorsanger, Gregory and Sekar, Vyas and Braverman, Vladimir},
	title = {One Sketch to Rule Them All: Rethinking Network Flow Monitoring with UnivMon},
	booktitle = {ACM SIGCOMM},
	year = {2016},
}

