@inproceedings{chen2024ml,
  title={When ML Training Cuts Through Congestion: Just-in-Time Gradient Compression via Packet Trimming},
  author={Chen, Xiaoqi and Vargaftik, Shay and Basat, Ran Ben},
  booktitle={Proceedings of the 23rd ACM Workshop on Hot Topics in Networks},
  pages={177--185},
  year={2024}
}

@article{PapapetrouGD15,
  author    = {Odysseas Papapetrou and
               Minos N. Garofalakis and
               Antonios Deligiannakis},
  title     = {Sketching distributed sliding-window data streams},
  journal   = {{VLDB} J.},
  year      = {2015},
}
@INPROCEEDINGS{AEE,
  author={Basat, Ran Ben and Einziger, Gil and Mitzenmacher, Michael and Vargaftik, Shay},
  booktitle={IEEE INFOCOM 2020 - IEEE Conference on Computer Communications}, 
  title={Faster and More Accurate Measurement through Additive-Error Counters}, 
  year={2020},
  volume={},
  number={},
  pages={1251-1260},
  doi={10.1109/INFOCOM41043.2020.9155340},
note={Code: \url{https://github.com/additivecounters/AEE}}
}


@inproceedings{switchkv,
  title={Be Fast, Cheap and in Control with $SwitchKV$},
  author={Li, Xiaozhou and Sethi, Raghav and Kaminsky, Michael and Andersen, David G and Freedman, Michael J},
  booktitle={13th USENIX Symposium on Networked Systems Design and Implementation (NSDI 16)},
  pages={31--44},
  year={2016}
}

@inproceedings{netcache,
  title={Netcache: Balancing key-value stores with fast in-network caching},
  author={Jin, Xin and Li, Xiaozhou and Zhang, Haoyu and Soul{\'e}, Robert and Lee, Jeongkeun and Foster, Nate and Kim, Changhoon and Stoica, Ion},
  booktitle={Proceedings of the 26th Symposium on Operating Systems Principles},
  pages={121--136},
  year={2017}
}

@inproceedings {distcache,
author = {Zaoxing Liu and Zhihao Bai and Zhenming Liu and Xiaozhou Li and Changhoon Kim and Vladimir Braverman and Xin Jin and Ion Stoica},
title = {DistCache: Provable Load Balancing for Large-Scale Storage Systems with Distributed Caching},
booktitle = {{USENIX} {FAST}},
year = {2019},
url = {https://www.usenix.org/conference/fast19/presentation/liu},
publisher = {{USENIX} Association},
month = feb,
}


@INPROCEEDINGS{Salsa,
  author={Basat, Ran Ben and Einziger, Gil and Mitzenmacher, Michael and Vargaftik, Shay},
  booktitle={2021 IEEE 37th International Conference on Data Engineering (ICDE)}, 
  title={SALSA: Self-Adjusting Lean Streaming Analytics}, 
  year={2021},
  volume={},
  number={},
  pages={864-875},
  doi={10.1109/ICDE51399.2021.00080}}
@article{fullVersion,
	author    = {Anonymous},
	title     = {SALSA},
	year      = {2020},
	url       = {https://bit.ly/3dtaxzh.},
}
@book{flajolet2009analytic,
  title={Analytic Combinatorics},
  author={Flajolet, P. and Sedgewick, R.},
  isbn={9781139477161},
  url={https://books.google.co.il/books?id=0h-4QcA1c1QC},
  year={2009},
  publisher={Cambridge University Press}
}


@inproceedings{gong2017abc,
  title={ABC: a Practicable Sketch Framework for Non-uniform Multisets},
  author={Gong, Junzhi and Yang, Tong and Zhou, Yang and Yang, Dongsheng and Chen, Shigang and Cui, Bin and Li, Xiaoming},
  booktitle={2017 IEEE Big Data},
  year={2017},
}
@inproceedings{Cheetah,
  title={Cheetah: Accelerating Database Queries with Switch Pruning},
  author={Tirmazi, Muhammad and Ben Basat, Ran and Gao, Jiaqi and Yu, Minlan},
  booktitle={ACM SIGMOD},
  year={2020}
}

@article{LpSamplersSurvey,
  author    = {Graham Cormode and
               Hossein Jowhari},
  title     = {\emph{L}\({}_{\mbox{\emph{p}}}\) Samplers and Their Applications:
               {A} Survey},
  journal   = {{ACM} Comput. Surv.},
  year      = {2019},
}

@MISC{SALSACode,
  title     = {SALSA open-source code},
  year      = {2020},
  note = {Available at \url{https://bit.ly/3lPn8jg}}
}
@inproceedings{DBLP:conf/sigmetrics/LallSOXZ06,
  author    = {Ashwin Lall and
               Vyas Sekar and
               Mitsunori Ogihara and
               Jun (Jim) Xu and
               Hui Zhang},
  title     = {Data streaming algorithms for estimating entropy of network traffic},
  booktitle = {ACM SIGMETRICS/Performance},
  year      = {2006},
}

@inproceedings{DBLP:conf/pods/Cohen14,
  author    = {Edith Cohen},
  title     = {All-distances sketches, revisited: {HIP} estimators for massive graphs
               analysis},
  booktitle = {ACM PODS},
  year      = {2014},
}

@inproceedings{krishnamurthy2003sketch,
  title={Sketch-based change detection: methods, evaluation, and applications},
  author={Krishnamurthy, Balachander and Sen, Subhabrata and Zhang, Yin and Chen, Yan},
  booktitle={ACM IMC},
  year={2003}
}
@article{ColdFilter,
  author    = {Tong Yang and
               Jie Jiang and
               Yang Zhou and
               Long He and
               Jinyang Li and
               Bin Cui and
               Steve Uhlig and
               Xiaoming Li},
  title     = {Fast and accurate stream processing by filtering the cold},
  journal   = {{VLDB} J.},
  year      = {2019},
}
@inproceedings{AugmentedSketch,
  title={Augmented sketch: Faster and more accurate stream processing},
  author={Roy, Pratanu and Khan, Arijit and Alonso, Gustavo},
  booktitle={ACM SIGMOD},
  year={2016}
}
@inproceedings{Forensic,
 author = {Shulman, Haya and Waidner, Michael},
 title = {{Towards Forensic Analysis of Attacks with DNSSEC}},
 booktitle = {IEEE SPW},
 year = {2014},
} 
@InProceedings{Forensic2,
author="Kaushik, Atul Kant
and Pilli, Emmanuel S.
and Joshi, R. C.",
title={{"Network Forensic Analysis by Correlation of Attacks with Network Attributes"}},
booktitle="Information and Communication Technologies",
year="2010",
}
@inproceedings{NLPsketches,
  title={Sketch algorithms for estimating point queries in NLP},
  author={Goyal, Amit and Daum{\'e} III, Hal and Cormode, Graham},
  booktitle={EMNLP-CoNLL},
  year={2012},
}

@MISC{caffein,
	author={Ben Manes},
	title = {Caffeine: A High performance caching library for Java 8},
	note={\url{https://github.com/ben-manes/caffeine}},
}


@MISC{counterpools,
	title = {Open source counterPools implementation},
	note={\url{https://github.com/counterPools/Counter-Pools}},
}

@inproceedings{L2IQ,
  title={I Know What You Did Last Summer: Network Monitoring using Interval Queries},
  author={Ivkin, Nikita and Basat, Ran Ben and Liu, Zaoxing and Einziger, Gil and Friedman, Roy and Braverman, Vladimir},
  booktitle={ACM SIGMETRICS},
  year={2020}
}

@MISC{kaggleYouTubeDataset,
	title = "Trending YouTube Video Statistics, Kaggle",
	year=2018,
	note= {\url{https://www.kaggle.com/datasnaek/youtube-new}}
}


@article{FAST,
  title={Fast flow volume estimation},
  author={Basat, Ran Ben and Einziger, Gil and Friedman, Roy},
  journal={Pervasive and Mobile Computing},
  year={2018},
  note={Code available at: \url{https://github.com/ranbenbasat/FAST}}
}




@article{LinearCounting,
  title={A linear-time probabilistic counting algorithm for database applications},
  author={Whang, Kyu-Young and Vander-Zanden, Brad T and Taylor, Howard M},
  journal={ACM Transactions on Database Systems (TODS)},
  year={1990},
}

@inproceedings{elasticsketch,
 author = {Yang, Tong and Jiang, Jie and Liu, Peng and Huang, Qun and Gong, Junzhi and Zhou, Yang and Miao, Rui and Li, Xiaoming and Uhlig, Steve},
 title = {Elastic Sketch: Adaptive and Fast Network-wide Measurements},
 booktitle = {Proc. of ACM SIGCOMM},
 year = {2018}
}

@inproceedings{UnivMonTheory,
  title={Zero-one frequency laws},
  author={Braverman, Vladimir and Ostrovsky, Rafail},
  booktitle={ACM STOC},
  year={2010}
}
@book{Mitzenmacher:2005:PCR:1076315,
	author = {Mitzenmacher, Michael and Upfal, Eli},
	title = {Probability and Computing: Randomized Algorithms and Probabilistic Analysis},
	year = {2005},
	isbn = {0521835402},
	publisher = {Cambridge University Press},
	address = {New York, NY, USA},
}

@book{CormodesBook,
	author = {Cormode, Graham and Yi, Ke},
	title = {Small Summaries for Big Data},
	year = {2020},
	publisher = {Cambridge University Press},
	note      = {Draft available at \url{http://dimacs.rutgers.edu/~graham/ssbd.html}},
}

@article{teuhola2011interpolative,
  title={Interpolative coding of integer sequences supporting log-time random access},
  author={Teuhola, Jukka},
  journal={Information processing \& management},
  year={2011},
}
@inproceedings{elmasry2012improved,
  title={Improved address-calculation coding of integer arrays},
  author={Elmasry, Amr and Katajainen, Jyrki and Teuhola, Jukka},
  booktitle={SPIRE},
  year={2012},
}

@inproceedings{10.14778/3297753.3297762,
author = {Basat, Ran Ben and Friedman, Roy and Shahout, Rana},
title = {Stream Frequency over Interval Queries},
year = {2019},
booktitle = {VLDB},
}

@inproceedings{eisenbud2016maglev,
  title={Maglev: A fast and reliable software network load balancer},
  author={Eisenbud, Daniel E and Yi, Cheng and Contavalli, Carlo and Smith, Cody and Kononov, Roman and Mann-Hielscher, Eric and Cilingiroglu, Ardas and Cheyney, Bin and Shang, Wentao and Hosein, Jinnah Dylan},
  booktitle={USENIX NSDI},
  year={2016}
}

@article{student1908probable,
  title={The probable error of a mean},
  author={Student},
  journal={Biometrika},
  year={1908},
  publisher={JSTOR}
}

@article{PyramidSketch,
  title={Pyramid sketch: A sketch framework for frequency estimation of data streams},
  author={Yang, Tong and Zhou, Yang and Jin, Hao and Chen, Shigang and Li, Xiaoming},
  journal={Proceedings of the VLDB Endowment},
  volume={10},
  number={11},
  pages={1442--1453},
  year={2017},
  publisher={VLDB Endowment}
}


@inproceedings{gibbons1998new,
  title={New sampling-based summary statistics for improving approximate query answers},
  author={Gibbons, Phillip B and Matias, Yossi},
  booktitle={Sigmod Record},
  year={1998},
}




@ARTICLE{ICE-Buckets, 
author={G. {Einziger} and B. {Fellman} and R. {Friedman} and Y. {Kassner}}, 
journal={IEEE/ACM Transactions on Networking}, 
title={ICE Buckets: Improved Counter Estimation for Network Measurement},
year={2018}, 
}

@article{janson2016large,
  title={Large deviation inequalities for sums of indicator variables},
  author={Janson, Svante},
  journal={arXiv preprint arXiv:1609.00533},
  year={2016}
}
@inproceedings{IMSUM,
  author    = {Daniel Anderson and
               Pryce Bevan and
               Kevin J. Lang and
               Edo Liberty and
               Lee Rhodes and
               Justin Thaler},
  title     = {A high-performance algorithm for identifying frequent items in data streams},
  booktitle = {ACM IMC},
  year      = {2017},
}


@INPROCEEDINGS{BUS, 
author={G. {Einziger} and M. C. {Luizelli} and E. {Waisbard}}, 
booktitle={2017 26th International Conference on Computer Communication and Networks (ICCCN)}, 
title={Constant Time Weighted Frequency Estimation for Virtual Network Functionalities}, 
year={2017}, 
volume={}, 
number={}, 
pages={1-9}, 
doi={10.1109/ICCCN.2017.8038460}, 
ISSN={}, 
month={July},}


@ARTICLE{RAP, 
author={R. {Ben-Basat} and X. {Chen} and G. {Einziger} and R. {Friedman} and Y. {Kassner}}, 
journal={IEEE/ACM Transactions on Networking}, 
title={Randomized Admission Policy for Efficient Top-k, Frequency, and Volume Estimation}, 
year={2019}, 
}
@article{misra1982finding,
  title={Finding repeated elements},
  author={Misra, Jayadev and Gries, David},
  journal={Science of computer programming},
  year={1982},
  publisher={Elsevier}
}

@inproceedings{PRECISION,
    author = {{Ran Ben Basat, Xiaoqi Chen, Gil Einzinger, Ori Rottenstreich}},
    title = {{Efficient Measurement on Programmable Switches
Using Probabilistic Recirculation}},
    booktitle = {IEEE ICNP},
    year = 2018
}

@inproceedings{TinyTable2,
 author = {Pandey, Prashant and Bender, Michael A. and Johnson, Rob and Patro, Rob},
 title = {A General-Purpose Counting Filter: Making Every Bit Count},
 booktitle = {ACM SIGMOD},
 year = {2017},
} 


@inproceedings{Nitro,
		author    = {Zaoxing Liu and Ran Ben-Basat and Gil Einziger and Yaron Kassner and Vladimir Braverman and Roy Friedman and Vyas Sekar},
		title     = {NitroSketch: Robust and General Sketch-based Monitoring in Software Switches},
		booktitle   = {ACM SIGCOMM },
		year      = {2019}
}


@inproceedings{ConextPaper,
  author    = {Ran Ben{-}Basat and
               Gil Einziger and
               Isaac Keslassy and
               Ariel Orda and
               Shay Vargaftik and
               Erez Waisbard},
  title     = {Memento: making sliding windows efficient for heavy hitters},
  booktitle = {ACM CoNEXT},
  year      = {2018},

}


@ARTICLE{RandomizedCounterSharing,
	author={Tao Li and Shigang Chen and Yibei Ling},
	journal={IEEE/ACM Trans. on Networking},
	title={Per-Flow Traffic Measurement Through Randomized Counter Sharing},
	year={2012},
}
@inproceedings{univmon,
	author = {Liu, Zaoxing and Manousis, Antonis and Vorsanger, Gregory and Sekar, Vyas and Braverman, Vladimir},
	title = {One Sketch to Rule Them All: Rethinking Network Flow Monitoring with UnivMon},
	booktitle = {ACM SIGCOMM},
	year = {2016},
}

@inproceedings{UWISC,
 author = {Benson, Theophilus and Akella, Aditya and Maltz, David A.},
 title = {Network Traffic Characteristics of Data Centers in the Wild},
 booktitle = {ACM IMC},
 year = {2010},
}
@inproceedings{AndersonIMSUM,
 author = {Anderson, Daniel and Bevan, Pryce and Lang, Kevin and Liberty, Edo and Rhodes, Lee and Thaler, Justin},
 title = {A High-performance Algorithm for Identifying Frequent Items in Data Streams},
 booktitle = {Proceedings of the 2017 Internet Measurement Conference},
 series = {ACM IMC},
 year = {2017},
 pages = {268--282},
} 
@inproceedings{dimsum,
	author    = {Ran Ben{-}Basat and
	Gil Einziger and
	Roy Friedman and
	Yaron Kassner},
	title     = {Optimal Elephant Flow Detection},
	booktitle   = {Proceedings of IEEE Infocom},
	year      = {2017}
}

@inproceedings{CountSketch,
	author = {Charikar, Moses and Chen, Kevin and Farach-Colton, Martin},
	title = {Finding Frequent Items in Data Streams},
	booktitle = {EATCS ICALP},
	year =  2002,
}
@inproceedings{LC,
	author = {Manku, Gurmeet Singh and Motwani, Rajeev},
	title = {Approximate Frequency Counts over Data Streams},
	booktitle = {VLDB},
	year = {2002}
}
@Article{ AS04,
	author = "S. Androutsellis-Theotokis and D. Spinellis",
	title = "{A Survey of P2P Content Distribution Technologies}",
	journal = "ACM Computing Survey",
	volume = "36",
	issue = "4",
	month = "December",
	year = "2004",
	pages = "335--371"
}
@inproceedings{TinyLFU,
	author    = {Gil Einziger and
	Roy Friedman},
	title     = {TinyLFU: A Highly Efficient Cache Admission Policy},
	booktitle = {Euromicro {PDP}},
	pages     = {146--153},
    year    = 2014
}


@article{TinyTable,
	author    = {Gil Einziger and
	Roy Friedman},
	title     = {Counting with TinyTable: Every Bit Counts!},
	journal = {IEEE Access},
	year    = 2019,
}
@inproceedings{ApproximateFairness,
	author = {Kabbani, Abdul and Alizadeh, Mohammad and Yasuda, Masato and Pan, Rong and Prabhakar, Balaji},
	title = {AF-QCN: Approximate Fairness with Quantized Congestion Notification for Multi-tenanted Data Centers},
	booktitle = {IEEE HOTI},
	year   =  2010,
	pages = {58--65},
	numpages = {8}
}
@ARTICLE{ IntrusionDetection2,
AUTHOR = "Pedro Garcia-Teodoro and Jesús E. Díaz-Verdejo and Gabriel Maciá-Fernández and E. Vázquez",
TITLE = "Anomaly-based network intrusion detection: Techniques, systems and challenges",
JOURNAL = "Computers and Security",
YEAR = {2009},
  }

@article{CounterArray1,
  author = {Shah, Devavrat and Iyer, Sundar and Prabhakar, Balaji and McKeown, Nick},
  journal = {IEEE Micro},
  year   = 2002,
  pages = {76-81},
  title = {Maintaining Statistics Counters in Router Line Cards.},
}

@article{CounterArray2,
	author = {Ramabhadran, Sriram and Varghese, George},
	journal = {ACM SIGMETRICS},
    year  = 2003,
	pages = {261--271},
	title = {{Efficient implementation of a statistics counter architecture}},
	volume = {31}
}
@article{CountMinSketch,
    author = {Graham Cormode and S. Muthukrishnan},
    title = {An improved data stream summary: The Count-Min sketch and its applications},
    journal = {J. Algorithms},
    year = {2004},
}
@article{CUSketch,
 author = {Estan, Cristian and Varghese, George},
 title = {New directions in traffic measurement and accounting},
 journal = {ACM SIGCOMM},
 year  = 2002
}
@TECHREPORT{Ciuffoletti06architectureof,
    author = {Augusto Ciuffoletti},
    title = {Architecture of a network monitoring element},
    institution = {},
    year = {2006}
}


@inproceedings{RHHH,
 author = {Ben Basat, Ran and Einziger, Gil and Friedman, Roy and Luizelli, Marcelo C. and Waisbard, Erez},
 title = {Constant Time Updates in Hierarchical Heavy Hitters},
 booktitle = {ACM SIGCOMM},
 year = {2017},
} 

@inproceedings{BetterNetflow,
 author = {Estan, Cristian and Keys, Ken and Moore, David and Varghese, George},
 title = {Building a Better NetFlow},
 booktitle = {ACM SIGCOMM},
 year  = 2004
}


@article{ApproximateCounting,
  author = {Morris, Robert},
  journal = {Commun. ACM},
  title = {Counting Large Numbers of Events in Small Registers},
  year = 1978
}
@INPROCEEDINGS{Infocom2019, 
author={Yang, Tong and Xu, Jiaqi and Liu, Xilai and Liu, Peng and Wang, Lun and Bi, Jun and Li, Xiaoming}, 
booktitle={IEEE INFOCOM}, 
title={A Generic Technique for Sketches to Adapt to Different Counting Ranges}, 
year={2019}, 
}


@inproceedings{CASE,
	author = {Yang, Li and Hao, Wu and Tian, Pan and Huichen, Dai and Jianyuan, Lu and Bin, Liu },
	booktitle = {IEEE INFOCOM},
	title = {CASE: Cache-assisted Stretchable Estimator for High Speed Per-flow Measurement},
	year  = 2016
}

@INPROCEEDINGS{HeavyHitters,
	author={Ran Ben-Basat and Gil Einziger and Roy Friedman and Yaron Kassner},
	booktitle={IEEE INFOCOM},
	title={Heavy Hitters in Streams and Sliding Windows},
	year = 2016,
}


@article{HadoopArchitecture,
 author = {Lee, Yeonhee and Lee, Youngseok},
 title = {Toward Scalable Internet Traffic Measurement and Analysis with Hadoop},
 journal = {ACM SIGCOMM},
 volume = {43},
 number = {1},
 month = jan,
 year = 2012,
 issn = {0146-4833},
 pages = {5--13}
}
@article{paxson1998architecture,
  title={An architecture for large scale internet measurement},
  author={Paxson, Vern and Mahdavi, Jamshid and Adams, Andrew and Mathis, Matt},
  journal={IEEE Communications Magazine},
  volume={36},
  number={8},
  pages={48--54},
  year={1998},

}

@article{PLC,
	author = {Dimitropoulos, Xenofontas and Hurley, Paul and Kind, Andreas},
	title = {Probabilistic Lossy Counting: An Efficient Algorithm for Finding Heavy Hitters},
	journal = {ACM SIGCOMM},
    year  = 2008,
	volume = {38},
	number = {1},
	month = jan
}
@article{BatchDecrement,
	author = {Karp, Richard M. and Shenker, Scott and Papadimitriou, Christos H.},
	title = {A Simple Algorithm for Finding Frequent Elements in Streams and Bags},
	journal = {ACM Trans. Database Syst.},
	year = {2003},
	
}
@INPROCEEDINGS{SpaceSavings,
	author = {Ahmed Metwally and Divyakant Agrawal and Amr El Abbadi},
	title = { Efficient Computation of Frequent and Top-k Elements in Data Streams},
	booktitle = {ICDT},
	year = {2005}
}
@inproceedings{frequent4,
	author = {Demaine, Erik D. and L\'{o}pez-Ortiz, Alejandro and Munro, J. Ian},
	title = {Frequency Estimation of Internet Packet Streams with Limited Space},
	booktitle = {EATCS ESA},
	year = {2002}
}
@article{SpaceSavingIsTheBest,
	author = {Cormode, Graham and Hadjieleftheriou, Marios},
	title = {Finding Frequent Items in Data Streams},
	journal = {VLDB},
    year  = 2008,
}

@article{Sample1,
 author = {Choi, Baek-Young and Park, Jaesung and Zhang, Zhi-Li},
 title = {Adaptive random sampling for load change detection},
 journal = {ACM SIGMETRICS},
 year  = 2002,
 pages = {272--273},

}

@inproceedings{ANLS,
  author = {Hu, Chengchen and Wang, Sheng and Tian, Jia, Bin Liu and Cheng, Yu and Chen, Yan},
  booktitle = {IEEE INFOCOM},
  year  = 2008,
  title = {Accurate and Efficient Traffic Monitoring Using Adaptive Non-Linear Sampling Method},

}
@article{Sample3,
 author = {Estan, Cristian and Keys, Ken and Moore, David and Varghese, George},
 title = {Building a better NetFlow},
 journal = {ACM SIGCOMM},
 year  = 2004
}

@inproceedings{SLA,
 author = {Sommers, Joel and Barford, Paul and Duffield, Nick and Ron, Amos},
 title = {Accurate and Efficient SLA Compliance Monitoring},
 series = {ACM SIGCOMM},
 year = {2007},
}
@INPROCEEDINGS{CUAnal, author={G. {Einziger} and R. {Friedman}}, booktitle={ICNC}, title={A formal analysis of conservative update based approximate counting}, year={2015}}

@inproceedings{SAC,
  title = {Small Active Counters},
  author = {Rade Stanojevic},
  year   = 2007,
  booktitle = {IEEE INFOCOM},
}
@ARTICLE{CounterArchitecture,
author={Hao Wang and Zhao, H. and Bill Lin and Jun Xu},
journal={IEEE/ACM Transactions on Networking},
title={DRAM-Based Statistics Counter Array Architecture With Performance Guarantee},
year={2012},
month={Aug},
volume={20},
number={4},
pages={1040-1053},
keywords={Arrays;Delay;Indexes;Queueing analysis;Radiation detectors;Random access memory;Convex ordering;large deviation theory;majorization;network measurement;statistics counter},
doi={10.1109/TNET.2011.2171360},
ISSN={1063-6692},}


@inproceedings{DISCO,
 author = {Hu, Chengchen and Liu, Bin and Zhao, Hongbo and Chen, Kai and Chen, Yan and Wu, Chunming and Cheng, Yu},
 title = {DISCO: Memory Efficient and Accurate Flow Statistics for Network Measurement},
 booktitle = {IEEE ICDCS},
 year  = 2010,
}

@ARTICLE{IntrusionDetection,
author={Mukherjee, B. and Heberlein, L.T. and Levitt, K.N.},
journal={Network, IEEE},
title={Network intrusion detection},
year={1994},
}

@inproceedings{LoadBalancing,
	title={Network processor load balancing for high-speed links},
	author={Dittmann, Gero and Herkersdorf, Andreas},
	booktitle={SPECTS},
	year  = 2002
}


@MISC{SparkCMS,
  title = "{Apache Spark 3 support for Count Min Sketch.}",
  note = {\url{https://spark.apache.org/docs/3.0.0-preview/api/scala/org/apache/spark/util/sketch/CountMinSketch.html}},
  year  = 2020
}

@MISC{NetworkingTrace1,
  title = "{CAIDA Anonymized 2008 Internet Trace, equinix-chicago 2008-03-19 19:00-20:00 UTC, Direction A.}",
  author = "Paul Hick",

}
@MISC{NetworkingTrace2,
  title = "{Waikato Internet Traffic Storage 2009-01-06 00:00-23:30 UTC, ISPDSL-I}",
  author = "WAND Network Research Group",
  note = "http://wand.net.nz/wits/ispdsl/1/",
}


@MISC{NetworkingTrace3,
  title = "{CAIDA Anonymized 2013 Internet Trace, equinix-sanjose 2013-1-17 13:55 UTC, Direction B.}",
  author = "Paul Hick",

}
@MISC{NetworkingTrace4,
  title = "{CAIDA Anonymized 2014 Internet Trace, equinix-chicago 2014-03-20 13:55 UTC, Direction B.}",
  author = "Paul Hick",

}

@INPROCEEDINGS{Bonomi06animproved,
    author = {Flavio Bonomi and Michael Mitzenmacher and Rina Panigrahy and Sushil Singh and George Varghese},
    title = {An Improved Construction for Counting Bloom Filters},
    booktitle = {14th Annual European Symposium on Algorithms, LNCS},
    year = {2006},
    pages = {684--695}
}
@INPROCEEDINGS{Bonomi06bloomfilters,
    author = {Flavio Bonomi and Michael Mitzenmacher and Rina Panigrahy and Sushil Singh and George Varghese},
    title = {Bloom Filters via d-left Hashing and Dynamic Bit Reassignment},
    booktitle = {Proc. of the Allerton Conf. on Communication, Control and Computing},
    year = {2006}
}
@INPROCEEDINGS{linearprobbing,
year={1998},
issn={0178-4617},
journal={Algorithmica},
volume={22},
number={4},
doi={10.1007/PL00009236},
title={On the Analysis of Linear Probing Hashing},
url={http://dx.doi.org/10.1007/PL00009236},
publisher={Springer-Verlag},
keywords={Key words. Analysis of algorithms, Hashing, Linear probing, Parking problem, Airy functions.},
author={Flajolet, P. and Poblete, P. and Viola, A.},
pages={490-515},
language={English}
}
@inProc.{CountingBloom,
 author = {Bonomi, Flavio and Mitzenmacher, Michael and Panigrahy, Rina and Singh, Sushil and Varghese, George},
 title = {An improved construction for counting bloom filters},
 booktitle = {Proc. of the 14th Conf. on Annual European Symposium - Volume 14},
 series = {ESA'06},

 isbn = {3-540-38875-3},



}


@inproceedings{SpectralBloom,
 author = {Cohen, Saar and Matias, Yossi},
 title = {Spectral Bloom Filters},
 booktitle = {ACM SIGMOD},
 year = 2003,
}

@article{ML-CBF,
  author = {Ficara, Domenico and Pietro, Andrea Di and Giordano, Stefano and Procissi, Gregorio and Vitucci, Fabio},
  journal = {IEEE/ACM Trans. Netw.},
  pages = {1977-1987},
  title = {Enhancing Counting Bloom Filters Through Huffman-Coded Multilayer Structures.},
  volume = 18,
  year = 2010
}


@inproceedings{HashPipe,
	author = {Sivaraman, Vibhaalakshmi and Narayana, Srinivas and Rottenstreich, Ori and Muthukrishnan, S. and Rexford, Jennifer},
	title = {Heavy-Hitter Detection Entirely in the Data Plane},
	booktitle = {ACM SOSR},
	year = {2017},
}

@article{cormode2008finding,
  title={Finding frequent items in data streams},
  author={Cormode, Graham and Hadjieleftheriou, Marios},
  journal={Proceedings of the VLDB Endowment},
  volume={1},
  number={2},
  pages={1530--1541},
  year={2008},
  publisher={VLDB Endowment}
}

@inproceedings{SketchVisor,
 author = {Huang, Qun and Jin, Xin and Lee, Patrick P. C. and Li, Runhui and Tang, Lu and Chen, Yi-Chao and Zhang, Gong},
 title = {SketchVisor: Robust Network Measurement for Software Packet Processing},
 booktitle = {ACM SIGCOMM},
 year = {2017},

}

@inproceedings{NLP1,
  title = {Lossy Conservative Update (LCU) Sketch: Succinct Approximate Count Storage},
  author = {Amit Goyal and Hal Daum&eacute; III},
  year = {2011},
  doi = {http://www.aaai.org/ocs/index.php/AAAI/AAAI11/paper/view/3757},
  researchr = {http://researchr.org/publication/GoyalD11},
  cites = {0},
  citedby = {0},
  booktitle = {Proc. of the Twenty-Fifth AAAI Conf. on Artificial Intelligence, AAAI 2011, San Francisco, California, USA, August 7-11, 2011},
  editor = {Wolfram Burgard and Dan Roth},
  publisher = {AAAI Press},
}


@inproceedings{Venti,
 author = {Quinlan, Sean and Dorward, Sean},
 title = {Awarded Best Paper! - Venti: A New Approach to Archival Data Storage},
 booktitle = {Proc. of the 1st USENIX Conf. on File and Storage Technologies},
 series = {FAST '02},
 year = {2002},
 location = {Monterey, CA},
 articleno = {7},
 url = {http://dl.acm.org/citation.cfm?id=1083323.1083333},
 acmid = {1083333},
 publisher = {USENIX Association},
 address = {Berkeley, CA, USA},
}

@inproceedings{RoutingBloomn,
  added-at = {2010-03-07T00:00:00.000+0100},
  author = {Song, Haoyu and Hao, Fang and Kodialam, Murali S. and Lakshman, T. V.},
  biburl = {http://www.bibsonomy.org/bibtex/201dc2603227dbc4dce8e8443a02b3d27/dblp},
  booktitle = {IEEE INFOCOM 2009},

  date = {2010-03-07},
  description = {dblp},
  ee = {http://dx.doi.org/10.1109/INFCOM.2009.5062180},
  interhash = {107281e7f83273da919ec094757f13b2},
  intrahash = {01dc2603227dbc4dce8e8443a02b3d27},
  keywords = {dblp},
  pages = {2518-2526},

  timestamp = {2010-03-07T00:00:00.000+0100},
  title = {IPv6 Lookups using Distributed and Load Balanced Bloom Filters for 100Gbps Core Router Line Cards.},
  url = {http://dblp.uni-trier.de/db/conf/infocom/infocom2009.html#SongHKL09},

}
@inproceedings{Prefix,
 author = {Dharmapurikar, Sarang and Krishnamurthy, Praveen and Taylor, David E.},
 title = {Longest Prefix Matching Using Bloom Filters},
 booktitle = {ACM SIGCOMM 2003},


 isbn = {1-58113-735-4},
 location = {Karlsruhe, Germany},
 pages = {201--212},
 numpages = {12},
 url = {http://doi.acm.org/10.1145/863955.863979},
 doi = {10.1145/863955.863979},
 acmid = {863979},
 keywords = {IP lookup, forwarding, longest prefix matching},
}


@Article{ LCPSL05,
	author = "E.K. Lua and J. Crowcroft and M. Pias and R. Sharma and S. Lim",
	journal = "IEEE Communications Surveys Tutorials",
	title = "{A Survey and Comparison of P2P Overlay Network Schemes}",
	year = "2005",
	volume = "7",
	number = "2",
	pages = "72--93"
}

@MastersThesis{ Bogo10,
	title = "{Routing and Caching on DHTs}",
	author = "Federica Bogo and Enoch Peserico",
	school = "DEGLI STUDI DI PADOVA",
	month = oct,
	year = "2010"
}

@Article{ GNU,
	title = "{DiCAS: An Efficient Distributed Caching Mechanism for P2P Systems}",
	author = "Chen Wang and Li Xiao and Yunhao Liu and Pei Zheng",
	journal = "IEEE Transactions on Parallel and Distributed Systems",
	pages = "1097",
	volume = "17",
	number = "10",
	month = oct,
	year = "2006"
}



@article{MultiStageFilters,
 author = {Estan, Cristian and Varghese, George},
 title = {New directions in traffic measurement and accounting},
 journal = {ACM SIGCOMM},
 volume = {32},
 number = {4},
 month = aug,
 year  = 2002,
 pages = {323--336},

}


@inproceedings{Squirrel,
 author = {Sitaram Iyer and Antony Rowstron and Peter Druschel},
 title = "{Squirrel: a Decentralized P2P Web Cache}",
 booktitle = {Proc. of the 21st Annual ACM Symposium on Principles of Distributed Computing (PODC)},
 year = {2002},
 pages = {213--222}
}

@inproceedings{MM02,
 author = {P. Maymounkov and D. Mazi\`{e}res},
 title = "{Kademlia: A P2P Information System Based on the XOR Metric}",
 booktitle = {Proc. of the 1st Int. Workshop on P2P Systems (IPTPS)},
 year = {2002},
 pages = {53--65}
}

@unpublished{openkad,
  title = "{OpenKad: A Java Implementation of the Kademlia DHT\\}",
  note  = "http://code.google.com/p/openkad/"
}

@unpublished{openkad-hidden,
  title = "{Refernce removed due to anonymity - an open source project}"
}

@article{crowds,
 author = {M. K. Reiter and A. D. Rubin},
 title = "{Anonymous Web Transactions with Crowds}",
 journal = {Communications of the ACM},
 volume = {42},
 number = {2},
 year = {1999},
 pages = {32--48}
 }

@unpublished{tor,
  title = "{The TOR Project}",
  note = "https://www.torproject.org/"
}

@article{Chaum81,
 author = {D.L. Chaum},
 title = "{Untraceable Electronic Mail, Return Addresses, and Digital Pseudonyms}",
 journal = {Communications of the ACM},
 volume = {24},
 number = {2},
 year = {1981},
 pages = {84--90}
}

@inproceedings{SMKKB01,
    author = {I. Stoica and R. Morris and D. Karger and M.F. Kaashoek and
        H. Balakrishnan},
    title  = "{Chord: A Scalable P2P Lookup Service for Internet
        Applications}",
    booktitle = "ACM SIGCOMM 2001",
    month  = "August"
}

@inproceedings{BCFPS99,
  author    = {Lee Breslau and
               Pei Cao and
               Li Fan and
               Graham Phillips and
               Scott Shenker},
  title     = {Web Caching and Zipf-like Distributions: Evidence and Implications},
  booktitle = {IEEE INFOCOM 1999},

  pages     = {126-134},
  bibsource = {DBLP, http://dblp.uni-trier.de}
}

@inproceedings{IRF04,
  author    = {Adriana Iamnitchi and
               Matei Ripeanu and
               Ian T. Foster},
  title     = {Small-World File-Sharing Communities},
  booktitle = {IEEE INFOCOM 2004},

  ee        = {http://www.ieee-infocom.org/2004/Papers/19_4.PDF},
  bibsource = {DBLP, http://dblp.uni-trier.de}
}

@inproceedings{RD01,
    author = "A. Rowstron and P. Druschel",
    title  = "{Pastry: Scalable, Distributed Object Location and Routing
        for Large Scale P2P Systems}",
    booktitle = "Proc. of IFIP/ACM Int. Conf.
                        on Distributed Systems Platforms (Middleware)",
    month  = "November",
    year   = 2001
}
@INPROCEEDINGS{RKADEMLIA,
author={Heep, B.},
booktitle={Telecommunication Networks and Applications Conf. (ATNAC), 2010 Australasian}, title={R/Kademlia: Recursive and topology-aware overlay routing},
year={2010},
month={31 2010-nov. 3},
volume={},
number={},
pages={102 -107},
keywords={Bandwidth;Maintenance engineering;Measurement;Network topology;Peer to peer computing;Protocols;Routing;peer-to-peer computing;routing protocols;telecommunication network topology;OverSim overlay framework;R/Kademlia network;application layer multicast;churn rate;distributed storage;low bandwidth;low latency;mobility support;overlay protocol;peer-to-peer overlay;performance-vs-cost framework;proximity neighbor selection;proximity routing;public KAD network;recursive overlay routing;routing latency;routing performance;topology-aware overlay routing;},
doi={10.1109/ATNAC.2010.5680244},
ISSN={},}

@INPROCEEDINGS{Proximity1,
    author = {Miguel Castro and Peter Druschel and Y. Charlie Hu and Antony Rowstron},
    title = {Exploiting network proximity in distributed hash tables},
    booktitle = {Int. Workshop on Future Directions in Distributed Computing (FuDiCo},
    year = {2002},
    pages = {52--55}
}
@INPROCEEDINGS{Proximity2,
author={Kaune, S. and Lauinger, T. and Kovacevic, A. and Pussep, K.},
booktitle={P2P Computing , 2008. P2P '08. Eighth Int. Conf. on}, title={Embracing the Peer Next Door: Proximity in Kademlia},
year={2008},
month={sept.},
volume={},
number={},
pages={343 -350},
keywords={Clustering algorithms;Costs;Delay;Iterative algorithms;Multimedia communication;Peer to peer computing;Routing;Telecommunication traffic;Traffic control;Web and internet services;peer-to-peer computing;telecommunication network routing;Kademlia;distributed hash table;iterative routing algorithm;lookup latency;peer next door;proximity neighbour;recursive routing;route selection;},
doi={10.1109/P2P.2008.36},
ISSN={},}
@inproceedings{TradeOff,
 author = {Rhea, Sean and Geels, Dennis and Roscoe, Timothy and Kubiatowicz, John},
 title = {Handling churn in a DHT},
 booktitle = {Proc. of the annual Conf. on USENIX Annual Technical Conf.},
 series = {ATEC '04},
 year = {2004},
 location = {Boston, MA},
 pages = {10--10},
 numpages = {1},
 url = {http://dl.acm.org/citation.cfm?id=1247415.1247425},
 acmid = {1247425},
 publisher = {USENIX Association},
 address = {Berkeley, CA, USA},
}
@inproceedings{TradeOff2,
  title = {A performance vs. cost framework for evaluating DHT design tradeoffs
under churn},
  author = {Jinyang Li and Jeremy Stribling and Robert Morris and M. Frans
Kaashoek and Thomer M. Gil},
  booktitle = {Proc. of the 24th Infocom},
  year = {2005},
  month = {March},
  address = {Miami, FL},
}
@INPROCEEDINGS{HOTSPOT1,
    author = {Nuno Lopes and Carlos Baquero},
    title = {Taming hot-spots in dht inverted indexes},
    booktitle = {Proc. of LSDS-IR’07},
    year = {2007},
    publisher = {}
}
@INPROCEEDINGS{HOTSPOT2,
    author = {Sushant Jain and Ratul Mahajan and David Wetherall},
    title = {A Study of the Performance Potential of DHT-based Overlays},
    booktitle = {In Proc. of the 4th Usenix Symposium on Internet Technologies and Systems (USITS},
    year = {2003}
}
@INPROCEEDINGS{AdaptivePublish,
author={Carra, D. and Steiner, M. and Michiardi, P.},
booktitle={P2P Computing (P2P), 2011 IEEE Int. Conf. on}, title={Adaptive load balancing in KAD},
year={31 2011-Sept. 2},
pages={92-101},
keywords={peer-to-peer computing;protocols;resource allocation;DHT protocol;KAD design;KAD peer-to-peer network;adaptive load balancing mechanism;distributed hash table;peer churn;peer content search procedure;peer resource;Accuracy;Buildings;Load management;Peer to peer computing;Publishing;Routing;Search problems},
doi={10.1109/P2P.2011.6038666},
ISSN={2161-3559},}}

@INPROCEEDINGS{Kelips,
    author = {Indranil Gupta and Ken Birman and Prakash Linga and Al Demers and Robbert van Renesse},
    title = { Kelips: Building an efficient and stable P2P DHT through increased memory and background overhead},
    booktitle = {Proc. of the 2nd Int. Workshop on P2P Systems (IPTPS '03},
    year = {2003},
    publisher = {}
}
@inproceedings{OneHop,
  title={One hop lookups for peer-to-peer overlays},
  author={Gupta, Anjali and Liskov, Barbara and Rodrigues, Rodrigo and others},
  booktitle={9th Workshop on Hot Topics in Operating Systems (HotOS)},
  volume={18},
  pages={21},
  year={2003}
}


@inproceedings{Tulip,
 author = {Abraham, Ittai and Badola, Ankur and Bickson, Danny and Malkhi, Dahlia and Maloo, Sharad and Ron, Saar},
 title = {Practical locality-awareness for large scale information sharing},
 booktitle = {Proc. of the 4th int. conf. on Peer-to-Peer Systems},
 series = {IPTPS'05},
 year = {2005},
 isbn = {3-540-29068-0, 978-3-540-29068-1},
 location = {Ithaca, NY},
 pages = {173--181},
 numpages = {9},
 url = {http://dx.doi.org/10.1007/11558989_16},
 doi = {10.1007/11558989_16},
 acmid = {2138980},
 publisher = {Springer-Verlag},
 address = {Berlin, Heidelberg},
}

@Article{Wiki,
  author = 	 {Urdaneta, Guido and Pierre, Guillaume and van Steen, Maarten},
  title = 	 {Wikipedia Workload Analysis for Decentralized Hosting},
  volume =       {53},
  number =       {11},
  pages =        {1830-1845},
  month =        {July},
  year = 	 {2009},
  journal = 	 {Elsevier Computer Networks},
  note = 	 {}
}

@inproceedings{Verification,
  added-at = {2011-07-06T00:00:00.000+0200},
  author = {Dillinger, Peter C. and Manolios, Panagiotis},
  biburl = {http://www.bibsonomy.org/bibtex/2e9d443461665dab43a45a2754a649c9e/dblp},
  booktitle = {SPIN},
  crossref = {conf/spin/2004},
  editor = {Graf, Susanne and Mounier, Laurent},
  ee = {http://dx.doi.org/10.1007/978-3-540-24732-6_5},
  interhash = {4f4d5cd1870c4184369839ee5471be07},
  intrahash = {e9d443461665dab43a45a2754a649c9e},
  isbn = {3-540-21314-7},
  keywords = {dblp},
  pages = {57-75},
  publisher = {Springer},
  series = {Lecture Notes in Computer Science},
  timestamp = {2011-07-06T00:00:00.000+0200},
  title = {Fast and Accurate Bitstate Verification for SPIN.},
  url = {http://dblp.uni-trier.de/db/conf/spin/spin2004.html#DillingerM04},
  volume = 2989,
  year = 2004
}
@article{chen2010mechanism,
  title={A mechanism of identifying heavy hitters based on multi-dimensional counting bloom filter},
  author={Chen, Zhang Zhen Wang Bin-qiang and Ke, Shu-qiao Zhu},
  journal={Journal of Electronics \& Information Technology},
  volume={7},
  pages={018},
  year={2010}
}

@article{RankedIndexBF,
  title={Accurate counting bloom filters for large-scale data processing},
  author={Li, Wei and Huang, Kun and Zhang, Dafang and Qin, Zheng},
  journal={Mathematical Problems in Engineering},
  volume={2013},
  year={2013},
  publisher={Hindawi Publishing Corporation}
}





@ARTICLE{HuffmanBF,
author={Ficara, D. and Di Pietro, A. and Giordano, S. and Procissi, G. and Vitucci, F.},
journal={Networking, IEEE/ACM Transactions on},
title={Enhancing Counting Bloom Filters Through Huffman-Coded Multilayer Structures},
year={2010},
volume={18},
number={6},
pages={1977-1987},
keywords={Huffman codes;SRAM chips;Huffman code;Huffman-coded multilayer structure;compressed data structure;counting bloom filter;dynamic set;false positive probability;limited memory consumption;memory requirement;memory saving;network processor;on-chip SRAM;overflow probability;randomized data structure;Application software;Code standards;Complexity theory;Computer applications;Counting circuits;Data processing;Data structures;Filters;Huffman coding;Memory management;Nonhomogeneous media;Radiation detectors;Random access memory;Upper bound;Counting Bloom Filter (CBF);Huffman coding;evasion;hashing;multilayer structure;network processor},
doi={10.1109/TNET.2010.2055243},
ISSN={1063-6692},}

@INPROCEEDINGS{HuffmanBF2,
author={Lichun Li and Bingqiang Wang and Julong Lan},
booktitle={Computer Engineering and Technology (ICCET), 2010 2nd Int. Conf. on},
title={A variable length counting Bloom filter},
year={2010},
volume={3},
pages={V3-504-V3-508},
keywords={counters;data structures;Bloom filter;data structure;membership queries;variable length counter;Costs;Counting circuits;Data engineering;Data structures;Digital filters;Information filtering;Information filters;Research and development;Switching systems;Systems engineering and theory;Bloom filter;hash function;membership query;variable length},
doi={10.1109/ICCET.2010.5485832},}

@inproceedings{CounterBraids,
	author = {Lu, Yi and Montanari, Andrea and Prabhakar, Balaji and Dharmapurikar, Sarang and Kabbani, Abdul},
	title = {Counter braids: a novel counter architecture for per-flow measurement},
	booktitle = {ACM SIGMETRICS},
	year  = 2008
}

@inproceedings{RankedIndexHashing,
  author = {Hua, Nan and Zhao, Haiquan (Chuck) and Lin, Bill and Xu, Jun},
  booktitle = {ICNP},
  pages = {73-82},
  publisher = {IEEE},
  title = {Rank-indexed hashing: A compact construction of Bloom filters and variants},
  year = 2008
}


@INPROCEEDINGS{Bonomi06bloomfilters,
    author = {Flavio Bonomi and Michael Mitzenmacher and Rina Panigrahy and Sushil Singh and George Varghese},
    title = {Bloom Filters via d-left Hashing and Dynamic Bit Reassignment},
    booktitle = {Proc. of the Allerton Conf. on Communication, Control and Computing},
    year = {2006}
}

@INPROCEEDINGS{OneMemoryBloomFilter,
author={Yan Qiao and Tao Li and Shigang Chen},
booktitle={INFOCOM, 2011 Proc. IEEE},
title={One memory access bloom filters and their generalization},
year={2011},
pages={1745-1753},
keywords={computer network security;cryptography;filtering theory;telecommunication traffic;Bloom filter;Bloom-1;Bloom-g;data structure;false positive ratio;filter design;hash bit;membership check;membership query overhead;memory access;network function;networking research;processing overhead;real traffic trace;space overhead;Arrays;Hardware;Information filters;Memory management;Random access memory;Throughput},
doi={10.1109/INFCOM.2011.5934972},
ISSN={0743-166X},}

@article{Kanizo2013373,
title = "Access-efficient Balanced Bloom Filters ",
journal = "Computer Communications ",
volume = "36",
number = "4",
pages = "373 - 385",
year = "2013",
note = "",
issn = "0140-3664",
doi = "http://dx.doi.org/10.1016/j.comcom.2012.11.007",
url = "http://www.sciencedirect.com/science/article/pii/S0140366412003921",
author = "Yossi Kanizo and David Hay and Isaac Keslassy",
keywords = "High-speed networks",
keywords = "Bloom Filters",
keywords = "Load-balancing "
}
@inproceedings{StateMachines,
  author    = {Flavio Bonomi and
               Michael Mitzenmacher and
               Rina Panigrahy and
               Sushil Singh and
               George Varghese},
  title     = {Beyond bloom filters: from approximate membership checks
               to approximate state machines},
  booktitle = {ACM SIGCOMM 2006},

  pages     = {315-326},
  ee        = {http://doi.acm.org/10.1145/1159913.1159950},
  crossref  = {DBLP:conf/sigcomm/2006},
  bibsource = {DBLP, http://dblp.uni-trier.de}
}


@inproceedings{DramPlusSram3,
 author = {Zhao, Qi and Xu, Jun and Liu, Zhen},
 title = {Design of a novel statistics counter architecture with optimal space and time efficiency},
 booktitle = {Proc. of the joint Int. Conf. on Measurement and modeling of computer systems},
 series = {ACM SIGMETRICS 2006},
 isbn = {1-59593-319-0},
 location = {Saint Malo, France},
 pages = {323--334},
 numpages = {12},
 url = {http://doi.acm.org/10.1145/1140277.1140314},
 doi = {10.1145/1140277.1140314},
 acmid = {1140314},

 keywords = {data streaming, router, statistics counter},
}

@inproceedings{CEDAR,
  author    = {Erez Tsidon and
               Iddo Hanniel and
               Isaac Keslassy},
  title     = {Estimators also need shared values to grow together},
  booktitle = {IEEE INFOCOM},
  year      = 2012,
}
@inproceedings{VLBF,
  author    = {Ori Rottenstreich and
               Yossi Kanizo and
               Isaac Keslassy},
  title     = {The Variable-Increment Counting Bloom Filter},
  booktitle = {IEEE INFOCOM 2012},

  pages     = {1880-1888},
  ee        = {http://dx.doi.org/10.1109/INFCOM.2012.6195563},
  crossref  = {DBLP:conf/infocom/2012},
  bibsource = {DBLP, http://dblp.uni-trier.de}
}

@INPROCEEDINGS{OneMemoryBloomFilter,
author={Yan Qiao and Tao Li and Shigang Chen},
booktitle={IEEE NFOCOM 2011},
title={One memory access bloom filters and their generalization},
pages={1745-1753},
keywords={computer network security;cryptography;filtering theory;telecommunication traffic;Bloom filter;Bloom-1;Bloom-g;data structure;false positive ratio;filter design;hash bit;membership check;membership query overhead;memory access;network function;networking research;processing overhead;real traffic trace;space overhead;Arrays;Hardware;Information filters;Memory management;Random access memory;Throughput},
doi={10.1109/INFCOM.2011.5934972},
ISSN={0743-166X},}

@article{Kanizo2013373,
title = "Access-efficient Balanced Bloom Filters ",
journal = "Computer Communications ",
volume = "36",
number = "4",
pages = "373 - 385",
year = "2013",
note = "",
issn = "0140-3664",
doi = "http://dx.doi.org/10.1016/j.comcom.2012.11.007",
url = "http://www.sciencedirect.com/science/article/pii/S0140366412003921",
author = "Yossi Kanizo and David Hay and Isaac Keslassy",
keywords = "High-speed networks",
keywords = "Bloom Filters",
keywords = "Load-balancing "
}

@INPROCEEDINGS{Broder02networkapplications,
    author = {Andrei Broder and Michael Mitzenmacher and Andrei Broder I Michael Mitzenmacher},
    title = {Network Applications of Bloom Filters: A Survey},
    booktitle = {Internet Mathematics},
    year = {2002},
    pages = {636--646}
}

@article{SummeryCache,
 author = {Fan, Li and Cao, Pei and Almeida, Jussara and Broder, Andrei Z.},
 title = {Summary Cache: A Scalable Wide-area Web Cache Sharing Protocol},
 journal = {IEEE/ACM Trans. Netw.},
 issue_date = {June 2000},
 volume = {8},
 number = {3},
 month = jun,
 year = {2000},
 issn = {1063-6692},
 pages = {281--293},
 numpages = {13},
 url = {http://dx.doi.org/10.1109/90.851975},
 doi = {10.1109/90.851975},
 acmid = {343572},
 publisher = {IEEE Press},
 address = {Piscataway, NJ, USA},
 keywords = {ICP, Web cache, Web proxy, bloom filter, cache sharing},
}


@article{BigTable,
 author = {Chang, Fay and Dean, Jeffrey and Ghemawat, Sanjay and Hsieh, Wilson C. and Wallach, Deborah A. and Burrows, Mike and Chandra, Tushar and Fikes, Andrew and Gruber, Robert E.},
 title = {Bigtable: A Distributed Storage System for Structured Data},
 journal = {ACM Trans. Comput. Syst.},
 issue_date = {June 2008},
 volume = {26},
 number = {2},
 month = jun,
 year = {2008},
 issn = {0734-2071},
 pages = {4:1--4:26},
 articleno = {4},
 numpages = {26},
 url = {http://doi.acm.org/10.1145/1365815.1365816},
 doi = {10.1145/1365815.1365816},
 acmid = {1365816},


 keywords = {Large-Scale Distributed Storage},
}
@article{Cassandra,
 author = {Lakshman, Avinash and Malik, Prashant},
 title = {Cassandra: A Decentralized Structured Storage System},
 journal = {SIGOPS Oper. Syst. Rev.},
 issue_date = {April 2010},
 volume = {44},
 number = {2},
 month = apr,
 year = {2010},
 issn = {0163-5980},
 pages = {35--40},
 numpages = {6},
 url = {http://doi.acm.org/10.1145/1773912.1773922},
 doi = {10.1145/1773912.1773922},
 acmid = {1773922},
 publisher = {ACM},
 address = {New York, NY, USA},
}

@unpublished{chrome,
  note  = "http://blog.alexyakunin.com/2010/03/nice-bloom-filter-application.html"
}
@article{bitcoin,
  title={Bitcoin: A peer-to-peer electronic cash system},
  author={Nakamoto, Satoshi},
  journal={Consulted},
  volume={1},
  pages={2012},
  year={2008}
}
@unpublished{bitcointechreport,
  note  = "https://bitcoinfoundation.org/blog/?p=16"
}
@article{Oceanstore,
  title={Oceanstore: An architecture for global-scale persistent storage},
  author={Kubiatowicz, John and Bindel, David and Chen, Yan and Czerwinski, Steven and Eaton, Patrick and Geels, Dennis and Gummadi, Ramakrishan and Rhea, Sean and Weatherspoon, Hakim and Weimer, Westley and others},
  journal={ACM Sigplan Notices},
  volume={35},
  number={11},
  pages={190--201},
  year={2000},
  publisher={ACM}
}
@inproceedings{quasar,
    author    = "Bernard Wong and Saikat Guha",
    title     = "{Quasar: A Probabilistic Publish-Subscribe System for Social Networks}",
    booktitle = "{Proc. of the 7th Int. Workshop on Peer-to-Peer Systems (IPTPS)}",
    year      = "2008",
    month     = "February",
    address   = "Tampa Bay, FL",
}

@article{fan2000summary,
  title={Summary cache: a scalable wide-area web cache sharing protocol},
  author={Fan, Li and Cao, Pei and Almeida, Jussara and Broder, Andrei Z},
  journal={IEEE/ACM Transactions on Networking (TON)},
  volume={8},
  number={3},
  pages={281--293},
  year={2000},
  publisher={IEEE Press}
}
@unpublished{squid,
  title ="squid-cache.org",
  note  = "http://www.squid-cache.org/"
}
@inproceedings{MapReduce,
 author = {Lee, Taewhi and Kim, Kisung and Kim, Hyoung-Joo},
 title = {Join Processing Using Bloom Filter in MapReduce},
 booktitle = {Proc. of the 2012 ACM Research in Applied Computation Symposium},
 series = {RACS '12},
 year = {2012},
 isbn = {978-1-4503-1492-3},
 location = {San Antonio, Texas},
 pages = {100--105},
 numpages = {6},
 url = {http://doi.acm.org/10.1145/2401603.2401626},
 doi = {10.1145/2401603.2401626},
 acmid = {2401626},
 publisher = {ACM},
 address = {New York, NY, USA},
 keywords = {Bloom filter, Hadoop, MapReduce, join processing},
}

@inproceedings{Bloomier,
 author = {Chazelle, Bernard and Kilian, Joe and Rubinfeld, Ronitt and Tal, Ayellet},
 title = {The Bloomier Filter: An Efficient Data Structure for Static Support Lookup Tables},
 booktitle = {Proc. of the Fifteenth Annual ACM-SIAM Symposium on Discrete Algorithms},
 series = {SODA '04},
 year = {2004},
 isbn = {0-89871-558-X},
 location = {New Orleans, Louisiana},
 pages = {30--39},
 numpages = {10},
 url = {http://dl.acm.org/citation.cfm?id=982792.982797},
 acmid = {982797},
 publisher = {Society for Industrial and Applied Mathematics},
}
@article{ABF,
 author = {Matsumoto, Yoshihide and Hazeyama, Hiroaki and Kadobayashi, Youki},
 title = {Adaptive Bloom Filter: A Space-Efficient Counting Algorithm for Unpredictable Network Traffic},
 journal = {IEICE - Trans. Inf. Syst.},
 issue_date = {May 2008},
 volume = {E91-D},
 number = {5},
 month = may,
 year = {2008},
 issn = {0916-8532},
 pages = {1292--1299},
 numpages = {8},
 url = {http://dx.doi.org/10.1093/ietisy/e91-d.5.1292},
 doi = {10.1093/ietisy/e91-d.5.1292},
 acmid = {1522838},
 publisher = {Oxford University Press},
 address = {Oxford, UK},
 keywords = {Bloom Filter, burst traffic, counting},
}


@unpublished{hadoop,
  note  = "http://hadoop.apache.org/"
}
@inproceedings{CompressedBloom,
 author = {Mitzenmacher, Michael},
 title = {Compressed Bloom Filters},
 booktitle = {Proc. of the Twentieth Annual ACM Symposium on Principles of Distributed Computing},
 series = {PODC '01},
 year = {2001},
 isbn = {1-58113-383-9},
 location = {Newport, Rhode Island, USA},
 pages = {144--150},
 numpages = {7},
 url = {http://doi.acm.org/10.1145/383962.384004},
 doi = {10.1145/383962.384004},
 acmid = {384004},
 publisher = {ACM},
 address = {New York, NY, USA},
}

@inproceedings{OptimalBloomFilter,
 author = {Pagh, Anna and Pagh, Rasmus and Rao, S. Srinivasa},
 title = {An Optimal Bloom Filter Replacement},
 booktitle = {Proc. of the Sixteenth Annual ACM-SIAM Symposium on Discrete Algorithms},
 series = {SODA '05},
 year = {2005},
 isbn = {0-89871-585-7},
 location = {Vancouver, British Columbia},
 pages = {823--829},
 numpages = {7},
 url = {http://dl.acm.org/citation.cfm?id=1070432.1070548},
 acmid = {1070548},
 publisher = {Society for Industrial and Applied Mathematics},
 address = {Philadelphia, PA, USA},
}

@article{Cuckoo,
author = {Lumetta, Steve and Mitzenmacher, Michael},
title = {Using the Power of Two Choices to Improve Bloom Filters},
journal = {Internet Mathematics},
volume = {4},
number = {1},
pages = {17-33},
year = {2007}
}

@article{doi:10.1080/15427951.2007.10129136,
author = {Lumetta, Steve and Mitzenmacher, Michael},
title = {Using the Power of Two Choices to Improve Bloom Filters},
journal = {Internet Mathematics},
volume = {4},
number = {1},
pages = {17-33},
year = {2007}
}
@inproceedings{BloomPubSub,
 author = {Jerzak, Zbigniew and Fetzer, Christof},
 title = {Bloom Filter Based Routing for Content-based Publish/Subscribe},
 booktitle = {Proc. of the Second Int. Conf. on Distributed Event-based Systems},
 series = {DEBS '08},
 year = {2008},
 isbn = {978-1-60558-090-6},
 location = {Rome, Italy},
 pages = {71--81},
 numpages = {11},
 url = {http://doi.acm.org/10.1145/1385989.1385999},
 doi = {10.1145/1385989.1385999},
 acmid = {1385999},
 publisher = {ACM},
 address = {New York, NY, USA},
 keywords = {Bloom filter, distribution, interaction, publish/subscribe},
}
@article{BloomPubSub2,
 author = {Jokela, Petri and Zahemszky, Andr\'{a}s and Esteve Rothenberg, Christian and Arianfar, Somaya and Nikander, Pekka},
 title = {LIPSIN: Line Speed Publish/Subscribe Inter-networking},
 journal = {ACM SIGCOMM 2009},
 issue_date = {October 2009},
 volume = {39},
 number = {4},
 month = aug,
 year = {2009},
 issn = {0146-4833},
 pages = {195--206},
 numpages = {12},
 url = {http://doi.acm.org/10.1145/1594977.1592592},
 doi = {10.1145/1594977.1592592},
 acmid = {1592592},

 keywords = {bloom filters, forwarding, multicast, publish/subscribe},
}

@unpublished{intel,
  title= "Intel® 64 and IA-32 Architectures Optimization Reference Manual - http://www.intel.com/content/dam/www/public/us/en/documents/manuals/64-ia-32-architectures-optimization-manual.pdf",
  url  = "http://www.intel.com/content/dam/www/public/us/en/documents/manuals/64-ia-32-architectures-optimization-manual.pdf"
}
@inproceedings{BloomJoin,
 author = {Mackert, Lothar F. and Lohman, Guy M.},
 title = {R* Optimizer Validation and Performance Evaluation for Distributed Queries},
 booktitle = {Proc. of the 12th Int. Conf. on Very Large Data Bases},
 series = {VLDB},
 year = {1986},
 pages = {149--159},
 numpages = {11}
}


@article{Bloom,
 author = {Bloom, Burton H.},
 title = {Space/time trade-offs in hash coding with allowable errors},
 journal = {Commun. ACM},
 volume = {13},
 number = {7},
 month = jul,
 year = {1970},
 pages = {422--426}
}

@inproceedings{Brick,
 author = {Hua, Nan and Lin, Bill and Xu, Jun (Jim) and Zhao, Haiquan (Chuck)},
 title = {BRICK: A Novel Exact Active Statistics Counter Architecture},
 booktitle = {ACM/IEEE ANCS},
 year   = 2008,
}



@INPROCEEDINGS{ANLSUpscaling,
author={Chengchen Hu and Bin Liu},
booktitle={CSE},
title={Self-Tuning the Parameter of Adaptive Non-linear Sampling Method for Flow Statistics},
year={2009},
}

@inproceedings{UCLA,
	title={Unpublished, see http://www.lasr.cs.ucla.edu/ddos/traces/},
}

@MISC{CAIDA,
	title = "The CAIDA UCSD Anonymized Internet Traces 2015 - February 19th",
}

@MISC{CAIDA2018,
	title = "The CAIDA equinix-newyork packet trace, 20181220-130000.",
	year=2018
}

@MISC{CormodeCode,
	title = "Implementation of Heavy Hitter Algorithms.",
	author={Cormode, Graham},
	url={http://hadjieleftheriou.com/frequent-items/}
}


@MISC{RobinMap,
	title = "Implementation of Robin Map.",
	author={Thibaut Goetghebuer-Planchon},
	url={https://github.com/Tessil/robin-map}
}



@MISC{CAIDA2016,
	title = "The CAIDA equinix-chicago packet trace, 20160406-130000.",
	year=2016
}

@inproceedings{CounterTree,
	author    = {Min Chen and
	Shigang Chen},
	title     = {Counter Tree: {A} Scalable Counter Architecture for Per-Flow Traffic
	Measurement},
	booktitle = {IEEE ICNP},
	year  = 2015
}

@inproceedings{TrafficEngeneering,
	author = {Benson, Theophilus and Anand, Ashok and Akella, Aditya and Zhang, Ming},
	title = {MicroTE: Fine Grained Traffic Engineering for Data Centers},
	booktitle = {ACM CoNEXT},
	year = {2011},
}


@article{SpaceSavingIsTheBest2010,
	author = {C{or}mode, Graham and Hadjieleftheriou, Marios},
	title = {Methods for Finding Frequent Items in Data Streams},
	journal = {J. VLDB},
	year   = 2010,
}



@article{SpaceSavingIsTheBest2011,
	author = {Manerikar, Nishad and Palpanas, Themis},
	title = {Frequent Items in Streaming Data: An Experimental Evaluation of the State-of-the-art},
	journal = {Data Knowl. Eng.},
	year = {2009},
}



@INPROCEEDINGS{ProbMultiCounting,
    author={P. Lieven and B. Scheuermann},
    booktitle={Proceedings of IEEE INFOCOM},
    title={High-Speed Per-Flow Traffic Measurement with Probabilistic Multiplicity Counting},
    year={2010},
    pages={1-9},
    month={March},
}


@inproceedings{reviriego2021perfect,
  title={Perfect cuckoo filters},
  author={Reviriego, Pedro and Pontarelli, Salvatore},
  booktitle={Proceedings of the 17th International Conference on emerging Networking EXperiments and Technologies},
  pages={205--211},
  year={2021}
}

@inproceedings{gibbons2001distinct,
  title={Distinct sampling for highly-accurate answers to distinct values queries and event reports},
  author={Gibbons, Phillip B},
  booktitle={VLDB},
  volume={1},
  pages={541--550},
  year={2001}
}

@article{shahout2023together,
  title={Together is better: Heavy hitters quantile estimation},
  author={Shahout, Rana and Friedman, Roy and Ben Basat, Ran},
  journal={Proceedings of the ACM on Management of Data},
  volume={1},
  number={1},
  pages={1--25},
  year={2023},
  publisher={ACM New York, NY, USA}
}