% Use this file for citations not found in the ACL Anthology (contained in "anthology.bib").

@book{Aho:72,
    author  = {Alfred V. Aho and Jeffrey D. Ullman},
    title   = {The Theory of Parsing, Translation and Compiling},
    year    = "1972",
    volume  = "1",
    publisher = {Prentice-Hall},
    address = {Englewood Cliffs, NJ}
}

@book{APA:83,
    author  = {{American Psychological Association}},
    title   = {Publications Manual},
    year    = "1983",
    publisher = {American Psychological Association},
    address = {Washington, DC}
}

@article{Chandra:81,
	author = {Ashok K. Chandra and Dexter C. Kozen and Larry J. Stockmeyer},
	year = "1981",
	title = {Alternation},
	journal = {Journal of the Association for Computing Machinery},
	volume = "28",
	number = "1",
	pages = "114--133",
	doi = "10.1145/322234.322243",
}

@inproceedings{andrew2007scalable,
  title={Scalable training of {L1}-regularized log-linear models},
  author={Andrew, Galen and Gao, Jianfeng},
  booktitle={Proceedings of the 24th International Conference on Machine Learning},
  pages={33--40},
  year={2007},
}

@book{Gusfield:97,
    author  = {Dan Gusfield},
    title   = {Algorithms on Strings, Trees and Sequences},
    year    = "1997",
    publisher = {Cambridge University Press},
    address = {Cambridge, UK}
}

@article{rasooli-tetrault-2015,
    author    = {Mohammad Sadegh Rasooli and Joel R. Tetreault},
    title     = {Yara Parser: {A} Fast and Accurate Dependency Parser},
    journal   = {Computing Research Repository},
    volume    = {arXiv:1503.06733},
    year      = {2015},
    url       = {http://arxiv.org/abs/1503.06733},
    note    = {version 2}
}

@article{Ando2005,
	Acmid = {1194905},
	Author = {Ando, Rie Kubota and Zhang, Tong},
	Issn = {1532-4435},
	Issue_Date = {12/1/2005},
	Journal = {Journal of Machine Learning Research},
	Month = dec,
	Numpages = {37},
	Pages = {1817--1853},
	Publisher = {JMLR.org},
	Title = {A Framework for Learning Predictive Structures from Multiple Tasks and Unlabeled Data},
	Volume = {6},
	Year = {2005}
}

@article{paasche2005prevalence,
  title={The prevalence of limited health literacy},
  author={Paasche-Orlow, Michael K and Parker, Ruth M and Gazmararian, Julie A and Nielsen-Bohlman, Lynn T and Rudd, Rima R},
  journal={Journal of general internal medicine},
  volume={20},
  number={2},
  pages={175--184},
  year={2005},
  publisher={Wiley Online Library}
}

@article{greene2012does,
  title={Why does patient activation matter? An examination of the relationships between patient activation and health-related outcomes},
  author={Greene, Jessica and Hibbard, Judith H},
  journal={Journal of general internal medicine},
  volume={27},
  pages={520--526},
  year={2012},
  publisher={Springer}
}

@article{lye201821st,
  title={The 21st Century Cures Act and electronic health records one year later: will patients see the benefits?},
  author={Lye, Carolyn T and Forman, Howard P and Daniel, Jodi G and Krumholz, Harlan M},
  journal={Journal of the American Medical Informatics Association},
  volume={25},
  number={9},
  pages={1218--1220},
  year={2018},
  publisher={Oxford University Press}
}
@article{ali2023using,
  title={Using ChatGPT to write patient clinic letters},
  author={Ali, Stephen R and Dobbs, Thomas D and Hutchings, Hayley A and Whitaker, Iain S},
  journal={The Lancet Digital Health},
  volume={5},
  number={4},
  pages={e179--e181},
  year={2023},
  publisher={Elsevier}
}
@article{eisinger2025s,
  title={What’s Going On With Me and How Can I Better Manage My Health? The Potential of GPT-4 to Transform Discharge Letters Into Patient-Centered Letters to Enhance Patient Safety: Prospective, Exploratory Study},
  author={Eisinger, Felix and Holderried, Friederike and Mahling, Moritz and Stegemann--Philipps, Christian and Herrmann--Werner, Anne and Nazarenus, Eric and Sonanini, Alessandra and Guthoff, Martina and Eickhoff, Carsten and Holderried, Martin},
  journal={Journal of Medical Internet Research},
  volume={27},
  pages={e67143},
  year={2025},
  publisher={JMIR Publications Toronto, Canada}
}
@article{jeblick2024chatgpt,
  title={ChatGPT makes medicine easy to swallow: an exploratory case study on simplified radiology reports},
  author={Jeblick, Katharina and Schachtner, Balthasar and Dexl, Jakob and Mittermeier, Andreas and St{\"u}ber, Anna Theresa and Topalis, Johanna and Weber, Tobias and Wesp, Philipp and Sabel, Bastian Oliver and Ricke, Jens and others},
  journal={European radiology},
  volume={34},
  number={5},
  pages={2817--2825},
  year={2024},
  publisher={Springer}
}
@article{zaretsky2024generative,
  title={Generative artificial intelligence to transform inpatient discharge summaries to patient-friendly language and format},
  author={Zaretsky, Jonah and Kim, Jeong Min and Baskharoun, Samuel and Zhao, Yunan and Austrian, Jonathan and Aphinyanaphongs, Yindalon and Gupta, Ravi and Blecker, Saul B and Feldman, Jonah},
  journal={JAMA network open},
  volume={7},
  number={3},
  pages={e240357--e240357},
  year={2024},
  publisher={American Medical Association}
}
@article{johnson2023mimic,
  title={MIMIC-IV, a freely accessible electronic health record dataset},
  author={Johnson, Alistair EW and Bulgarelli, Lucas and Shen, Lu and Gayles, Alvin and Shammout, Ayad and Horng, Steven and Pollard, Tom J and Hao, Sicheng and Moody, Benjamin and Gow, Brian and others},
  journal={Scientific data},
  volume={10},
  number={1},
  pages={1},
  year={2023},
  publisher={Nature Publishing Group UK London}
}
@article{llama3modelcard,

title={Llama 3 Model Card},

author={AI@Meta},

year={2024},

url = {https://github.com/meta-llama/llama3/blob/main/MODEL_CARD.md}

}
@article{meditron3,

title={Meditron3-8B Model Card},

author={OpenMeditron},

year={2024},

url = {https://huggingface.co/OpenMeditron/Meditron3-8B}

}
@article{aali2024dataset,
  title={A dataset and benchmark for hospital course summarization with adapted large language models},
  author={Aali, Asad and Van Veen, Dave and Arefeen, Yamin Ishraq and Hom, Jason and Bluethgen, Christian and Reis, Eduardo Pontes and Gatidis, Sergios and Clifford, Namuun and Daws, Joseph and Tehrani, Arash S and others},
  journal={Journal of the American Medical Informatics Association},
  pages={ocae312},
  year={2024},
  publisher={Oxford University Press}
}
@article{naik2024no,
  title={No perspective, no perception!! Perspective-aware Healthcare Answer Summarization},
  author={Naik, Gauri and Chandakacherla, Sharad and Yadav, Shweta and Akhtar, Md Shad},
  journal={arXiv preprint arXiv:2406.08881},
  year={2024}
}
@article{campillos2022building,
  title={Building a comparable corpus and a benchmark for Spanish medical text simplification},
  author={Campillos-Llanos, Leonardo and Reinares, Ana R Terroba and Puig, Sof{\'\i}a Zakhir and Valverde-Mateos, Ana and Capllonch-Carri{\'o}n, Adri{\'a}n},
  journal={Procesamiento del Lenguaje Natural},
  volume={69},
  pages={189--196},
  year={2022}
}
@article{dada2024information,
  title={Information extraction from weakly structured radiological reports with natural language queries},
  author={Dada, Amin and Ufer, Tim Leon and Kim, Moon and Hasin, Max and Spieker, Nicola and Forsting, Michael and Nensa, Felix and Egger, Jan and Kleesiek, Jens},
  journal={European Radiology},
  volume={34},
  number={1},
  pages={330--337},
  year={2024},
  publisher={Springer}
}
@article{cai2023paniniqa,
  title={Paniniqa: Enhancing patient education through interactive question answering},
  author={Cai, Pengshan and Yao, Zonghai and Liu, Fei and Wang, Dakuo and Reilly, Meghan and Zhou, Huixue and Li, Lingxi and Cao, Yi and Kapoor, Alok and Bajracharya, Adarsha and others},
  journal={Transactions of the Association for Computational Linguistics},
  volume={11},
  pages={1518--1536},
  year={2023},
  publisher={MIT Press One Broadway, 12th Floor, Cambridge, Massachusetts 02142, USA~…}
}
@article{long-context-llms,
  publtype={informal},
  author={Tianle Li and Ge Zhang and Quy Duc Do and Xiang Yue and Wenhu Chen},
  title={Long-context LLMs Struggle with Long In-context Learning},
  year={2024},
  cdate={1704067200000},
  journal={CoRR},
  volume={abs/2404.02060},
  url={https://doi.org/10.48550/arXiv.2404.02060}
}
@misc{Li-2024-arxiv,
      title={An Open Source Data Contamination Report for Large Language Models}, 
      author={Yucheng Li and Frank Guerin and Chenghua Lin},
      year={2024},
      eprint={2310.17589},
      archivePrefix={arXiv},
      primaryClass={cs.CL}
}

@misc{Deng-2023-arxiv,
      title={Investigating Data Contamination in Modern Benchmarks for Large Language Models}, 
      author={Chunyuan Deng and Yilun Zhao and Xiangru Tang and Mark Gerstein and Arman Cohan},
      year={2023},
      eprint={2311.09783},
      archivePrefix={arXiv},
      primaryClass={cs.CL}
}
@inproceedings{lin2004rouge,
  title={Rouge: A package for automatic evaluation of summaries},
  author={Lin, Chin-Yew},
  booktitle={Text summarization branches out},
  pages={74--81},
  year={2004}
}
@inproceedings{
Zhang*2020BERTScore:,
title={BERTScore: Evaluating Text Generation with BERT},
author={Tianyi Zhang* and Varsha Kishore* and Felix Wu* and Kilian Q. Weinberger and Yoav Artzi},
booktitle={International Conference on Learning Representations},
year={2020},
url={https://openreview.net/forum?id=SkeHuCVFDr}
}
@article{dubey2024llama,
  title={The llama 3 herd of models},
  author={Dubey, Abhimanyu and Jauhri, Abhinav and Pandey, Abhinav and Kadian, Abhishek and Al-Dahle, Ahmad and Letman, Aiesha and Mathur, Akhil and Schelten, Alan and Yang, Amy and Fan, Angela and others},
  journal={arXiv preprint arXiv:2407.21783},
  year={2024}
}
@article{jiang2023mistral,
  title={Mistral 7B},
  author={Jiang, Albert Q and Sablayrolles, Alexandre and Mensch, Arthur and Bamford, Chris and Chaplot, Devendra Singh and Casas, Diego de las and Bressand, Florian and Lengyel, Gianna and Lample, Guillaume and Saulnier, Lucile and others},
  journal={arXiv preprint arXiv:2310.06825},
  year={2023}
}
@article{christophe2024med42,
  title={Med42-v2: A suite of clinical llms},
  author={Christophe, Cl{\'e}ment and Kanithi, Praveen K and Raha, Tathagata and Khan, Shadab and Pimentel, Marco AF},
  journal={arXiv preprint arXiv:2408.06142},
  year={2024}
}
@article{gururajan2024aloe,
  title={Aloe: A Family of Fine-tuned Open Healthcare LLMs},
  author={Gururajan, Ashwin Kumar and Lopez-Cuena, Enrique and Bayarri-Planas, Jordi and Tormos, Adrian and Hinjos, Daniel and Bernabeu-Perez, Pablo and Arias-Duart, Anna and Martin-Torres, Pablo Agustin and Urcelay-Ganzabal, Lucia and Gonzalez-Mallo, Marta and others},
  journal={arXiv preprint arXiv:2405.01886},
  year={2024}
}
@misc{dada2024doesbiomedicaltraininglead,
      title={Does Biomedical Training Lead to Better Medical Performance?}, 
      author={Amin Dada and Marie Bauer and Amanda Butler Contreras and Osman Alperen Koraş and Constantin Marc Seibold and Kaleb E Smith and Jens Kleesiek},
      year={2024},
      eprint={2404.04067},
      archivePrefix={arXiv},
      primaryClass={cs.CL},
      url={https://arxiv.org/abs/2404.04067}, 
}
@article{dorfner2024biomedical,
  title={Biomedical Large Languages Models Seem not to be Superior to Generalist Models on Unseen Medical Data},
  author={Dorfner, Felix J and Dada, Amin and Busch, Felix and Makowski, Marcus R and Han, Tianyu and Truhn, Daniel and Kleesiek, Jens and Sushil, Madhumita and Lammert, Jacqueline and Adams, Lisa C and others},
  journal={arXiv preprint arXiv:2408.13833},
  year={2024}
}
@article{ross2003effects,
  title={The effects of promoting patient access to medical records: a review},
  author={Ross, Stephen E and Lin, Chen-Tan},
  journal={Journal of the American Medical Informatics Association},
  volume={10},
  number={2},
  pages={129--138},
  year={2003},
  publisher={BMJ Group BMA House, Tavistock Square, London, WC1H 9JR}
}
@article{ammenwerth2009time,
  title={The time needed for clinical documentation versus direct patient care},
  author={Ammenwerth, Elske and Sp{\"o}tl, H-P},
  journal={Methods of information in medicine},
  volume={48},
  number={01},
  pages={84--91},
  year={2009},
  publisher={Schattauer GmbH}
}
@article{kweon2024ehrnoteqa,
  title={EHRNoteQA: A Patient-Specific Question Answering Benchmark for Evaluating Large Language Models in Clinical Settings},
  author={Kweon, Sunjun and Kim, Jiyoun and Kwak, Heeyoung and Cha, Dongchul and Yoon, Hangyul and Kim, Kwanghyun and Won, Seunghyun and Choi, Edward},
  journal={arXiv preprint arXiv:2402.16040},
  year={2024}
}