@article{aali2024dataset,
  title={A dataset and benchmark for hospital course summarization with adapted large language models},
  author={Aali, Asad and Van Veen, Dave and Arefeen, Yamin Ishraq and Hom, Jason and Bluethgen, Christian and Reis, Eduardo Pontes and Gatidis, Sergios and Clifford, Namuun and Daws, Joseph and Tehrani, Arash S and others},
  journal={Journal of the American Medical Informatics Association},
  pages={ocae312},
  year={2024},
  publisher={Oxford University Press}
}

@article{campillos2022building,
  title={Building a comparable corpus and a benchmark for Spanish medical text simplification},
  author={Campillos-Llanos, Leonardo and Reinares, Ana R Terroba and Puig, Sof{\'\i}a Zakhir and Valverde-Mateos, Ana and Capllonch-Carri{\'o}n, Adri{\'a}n},
  journal={Procesamiento del Lenguaje Natural},
  volume={69},
  pages={189--196},
  year={2022}
}

@article{dada2024information,
  title={Information extraction from weakly structured radiological reports with natural language queries},
  author={Dada, Amin and Ufer, Tim Leon and Kim, Moon and Hasin, Max and Spieker, Nicola and Forsting, Michael and Nensa, Felix and Egger, Jan and Kleesiek, Jens},
  journal={European Radiology},
  volume={34},
  number={1},
  pages={330--337},
  year={2024},
  publisher={Springer}
}

@article{kweon2024ehrnoteqa,
  title={EHRNoteQA: A Patient-Specific Question Answering Benchmark for Evaluating Large Language Models in Clinical Settings},
  author={Kweon, Sunjun and Kim, Jiyoun and Kwak, Heeyoung and Cha, Dongchul and Yoon, Hangyul and Kim, Kwanghyun and Won, Seunghyun and Choi, Edward},
  journal={arXiv preprint arXiv:2402.16040},
  year={2024}
}

