@article{bao2023tallrec,
  title={Tallrec: An effective and efficient tuning framework to align large language model with recommendation},
  author={Bao, Keqin and Zhang, Jizhi and Zhang, Yang and Wang, Wenjie and Feng, Fuli and He, Xiangnan},
  journal={arXiv preprint arXiv:2305.00447},
  year={2023}
}

@article{chang2024survey,
  title={A survey on evaluation of large language models},
  author={Chang, Yupeng and Wang, Xu and Wang, Jindong and Wu, Yuan and Yang, Linyi and Zhu, Kaijie and Chen, Hao and Yi, Xiaoyuan and Wang, Cunxiang and Wang, Yidong and others},
  journal={ACM Transactions on Intelligent Systems and Technology},
  volume={15},
  number={3},
  pages={1--45},
  year={2024},
  publisher={ACM New York, NY}
}

@inproceedings{chen2022gar,
  title={Generative adversarial framework for cold-start item recommendation},
  author={Chen, Hao and Wang, Zefan and Huang, Feiran and Huang, Xiao and Xu, Yue and Lin, Yishi and He, Peng and Li, Zhoujun},
  booktitle=sigir,
  year={2022}
}

@inproceedings{hong2024knowledge,
    title = "Knowledge-to-{SQL}: Enhancing {SQL} Generation with Data Expert {LLM}",
    author = "Hong, Zijin  and
      Yuan, Zheng  and
      Chen, Hao  and
      Zhang, Qinggang  and
      Huang, Feiran  and
      Huang, Xiao",
    booktitle = acl_findings,
    year = "2024"
}

@article{hong2024next,
  title={Next-Generation Database Interfaces: A Survey of LLM-based Text-to-SQL},
  author={Hong, Zijin and Yuan, Zheng and Zhang, Qinggang and Chen, Hao and Dong, Junnan and Huang, Feiran and Huang, Xiao},
  journal={arXiv preprint arXiv:2406.08426},
  year={2024}
}

@inproceedings{huang2023aldi,
    author = {Huang, Feiran and Wang, Zefan and Huang, Xiao and Qian, Yufeng and Li, Zhetao and Chen, Hao},
    title = {Aligning Distillation For Cold-Start Item Recommendation},
    booktitle = sigir,
    year = {2023}
}

@article{huang2024large,
  title={Large Language Model Interaction Simulator for Cold-Start Item Recommendation},
  author={Huang, Feiran and Yang, Zhenghang and Jiang, Junyi and Bei, Yuanchen and Zhang, Yijie and Chen, Hao},
  journal={arXiv preprint arXiv:2402.09176},
  year={2024}
}

@article{jin2023language,
  title={Language Models As Semantic Indexers},
  author={Jin, Bowen and Zeng, Hansi and Wang, Guoyin and Chen, Xiusi and Wei, Tianxin and Li, Ruirui and Wang, Zhengyang and Li, Zheng and Li, Yang and Lu, Hanqing and others},
  journal={arXiv preprint arXiv:2310.07815},
  year={2023}
}

@article{li2023large,
  title={Large language models for generative recommendation: A survey and visionary discussions},
  author={Li, Lei and Zhang, Yongfeng and Liu, Dugang and Chen, Li},
  journal={arXiv preprint arXiv:2309.01157},
  year={2023}
}

@inproceedings{liu2023ucc,
  title={Uncertainty-aware Consistency Learning for Cold-Start Item Recommendation},
  author={Liu, Taichi and Gao, Chen and Wang, Zhenyu and Li, Dong and Hao, Jianye and Jin, Depeng and Li, Yong},
  booktitle=sigir,
  year={2023}
}

@inproceedings{liu2024fine,
title={Fine Tuning Out-of-Vocabulary Item Recommendation with User Sequence Imagination},
author={Ruochen Liu and Hao Chen and Yuanchen Bei and Qijie Shen and Fangwei Zhong and Senzhang Wang and Jianxin Wang},
booktitle={The Thirty-eighth Annual Conference on Neural Information Processing Systems},
year={2024}
}

@inproceedings{pan2019metaemb,
  title={Warm up cold-start advertisements: Improving ctr predictions via learning to learn id embeddings},
  author={Pan, Feiyang and Li, Shuokai and Ao, Xiang and Tang, Pingzhong and He, Qing},
  booktitle=sigir,
  year={2019}
}

@article{rajput2023recommender,
  title={Recommender systems with generative retrieval},
  author={Rajput, Shashank and Mehta, Nikhil and Singh, Anima and Hulikal Keshavan, Raghunandan and Vu, Trung and Heldt, Lukasz and Hong, Lichan and Tay, Yi and Tran, Vinh and Samost, Jonah and others},
  journal={Advances in Neural Information Processing Systems},
  volume={36},
  pages={10299--10315},
  year={2023}
}

@inproceedings{shi2019dropoutmethods1,
  title={Adaptive feature sampling for recommendation with missing content feature values},
  author={Shi, Shaoyun and Zhang, Min and Yu, Xinxing and Zhang, Yongfeng and Hao, Bin and Liu, Yiqun and Ma, Shaoping},
  booktitle=cikm,
  year={2019}
}

@inproceedings{van2013deepmusic,
  title={Deep content-based music recommendation},
  author={Van den Oord, Aaron and Dieleman, Sander and Schrauwen, Benjamin},
  booktitle=neurips,
  year={2013}
}

@inproceedings{volkovs2017dropoutnet,
  title={Dropoutnet: Addressing cold start in recommender systems},
  author={Volkovs, Maksims and Yu, Guangwei and Poutanen, Tomi},
  booktitle=neurips,
  year={2017}
}

@inproceedings{wang2024large,
  title={Large Language Models as Data Augmenters for Cold-Start Item Recommendation},
  author={Wang, Jianling and Lu, Haokai and Caverlee, James and Chi, Ed H and Chen, Minmin},
  booktitle=www,
  year={2024}
}

@inproceedings{wang2024mutual,
  title={Mutual Information Assisted Graph Convolution Network for Cold-Start Recommendation},
  author={Wang, Wenbo and Chen, Ben and Liu, Bingquan and Wang, Xinxin and Yang, Luwei and Jiang, Wen and Ning, Wei and Guan, Jian},
  booktitle={International Conference on Acoustics, Speech and Signal Processing (ICASSP)},
  year={2024}
}

@inproceedings{wei2021clcrec,
  title={Contrastive learning for cold-start recommendation},
  author={Wei, Yinwei and Wang, Xiang and Li, Qi and Nie, Liqiang and Li, Yan and Li, Xuanping and Chua, Tat-Seng},
  booktitle=mm,
  year={2021}
}

@article{wu2024survey,
  title={A survey on large language models for recommendation},
  author={Wu, Likang and Zheng, Zhi and Qiu, Zhaopeng and Wang, Hao and Gu, Hongchao and Shen, Tingjia and Qin, Chuan and Zhu, Chen and Zhu, Hengshu and Liu, Qi and others},
  journal={World Wide Web},
  volume={27},
  number={5},
  pages={60},
  year={2024},
  publisher={Springer}
}

@inproceedings{xu2022dropoutmethods2,
  title={Alleviating Cold-start Problem in CTR Prediction with A Variational Embedding Learning Framework},
  author={Xu, Xiaoxiao and Yang, Chen and Yu, Qian and Fang, Zhiwei and Wang, Jiaxing and Fan, Chaosheng and He, Yang and Peng, Changping and Lin, Zhangang and Shao, Jingping},
  booktitle=www,
  year={2022}
}

@article{zhang2025survey,
  title={A Survey of Graph Retrieval-Augmented Generation for Customized Large Language Models},
  author={Zhang, Qinggang and Chen, Shengyuan and Bei, Yuanchen and Yuan, Zheng and Zhou, Huachi and Hong, Zijin and Dong, Junnan and Chen, Hao and Chang, Yi and Huang, Xiao},
  journal={arXiv preprint arXiv:2501.13958},
  year={2025}
}

@article{zhao2024recommender,
  title={Recommender systems in the era of large language models (llms)},
  author={Zhao, Zihuai and Fan, Wenqi and Li, Jiatong and Liu, Yunqing and Mei, Xiaowei and Wang, Yiqi and Wen, Zhen and Wang, Fei and Zhao, Xiangyu and Tang, Jiliang and others},
  journal={IEEE Transactions on Knowledge and Data Engineering},
  year={2024},
  publisher={IEEE}
}

@inproceedings{zheng2024adapting,
  title={Adapting large language models by integrating collaborative semantics for recommendation},
  author={Zheng, Bowen and Hou, Yupeng and Lu, Hongyu and Chen, Yu and Zhao, Wayne Xin and Chen, Ming and Wen, Ji-Rong},
  booktitle={2024 IEEE 40th International Conference on Data Engineering (ICDE)},
  pages={1435--1448},
  year={2024},
  organization={IEEE}
}

@inproceedings{zhu2020heater,
  title={Recommendation for new users and new items via randomized training and mixture-of-experts transformation},
  author={Zhu, Ziwei and Sefati, Shahin and Saadatpanah, Parsa and Caverlee, James},
  booktitle=sigir,
  year={2020}
}

@inproceedings{zhu2024collaborative,
  title={Collaborative large language model for recommender systems},
  author={Zhu, Yaochen and Wu, Liang and Guo, Qi and Hong, Liangjie and Li, Jundong},
  booktitle={Proceedings of the ACM Web Conference},
  pages={3162--3172},
  year={2024}
}

