
## nlp - cl conferences
@string{acl = "Association for Computational Linguistics (ACL)"}
@string{acl_system = "Association for Computational Linguistics (ACL): System Demonstrations"}
@string{emnlp = "Empirical Methods in Natural Language Processing (EMNLP)"}
@string{naacl = "North American Chapter of the Association for Computational Linguistics (NAACL)"}
@string{eacl = "European Chapter of the Association for Computational Linguistics (EACL)"}
@string{conll = "Computational Natural Language Learning (CoNLL)"}
@string{ijcnlp = "International Joint Conference on Natural Language Processing (IJCNLP)"}
@string{coling = "International Conference on Computational Linguistics (COLING)"}
@string{coling_lrec = "International Conference on Computational Linguistics, Language Resources and Evaluation (LREC-COLING)"}
@string{coling_acl = "International Conference on Computational Linguistics and Association for Computational Linguistics (COLING-ACL)"}
@string{emnlp_ijcnlp = "Empirical Methods in Natural Language Processing and International Joint Conference on Natural Language Processing (EMNLP-IJCNLP)"}
@string{emnlp_conll = "Empirical Methods in Natural Language Processing and Computational Natural Language Learning (EMNLP-CoNLL)"}
@string{emnlp_vlc = "Empirical Methods in Natural Language Processing and Very Large Corpora (EMNLP-VLC)"}
@string{naacl_hlt = "North American Chapter of the Association for Computational Linguistics: Human Language Technologies (NAACL-HLT)"}
@string{hlt_naacl = "Human Language Technologies: North American Chapter of the Association for Computational Linguistics (HLT-NAACL)"}
@string{acl_hlt = "Association for Computational Linguistics: Human Language Technologies (ACL-HLT)"}
@string{acl_ijcnlp = "Association for Computational Linguistics and International Joint Conference on Natural Language Processing (ACL-IJCNLP)"}
@string{lrec = "International Conference on Language Resources and Evaluation (LREC)"}

@string{acl_findings = "Findings of Association for Computational Linguistics (ACL)"}
@string{emnlp_findings = "Findings of Empirical Methods in Natural Language Processing (EMNLP)"}
@string{naacl_findings = "Findings of North American Chapter of the Association for Computational Linguistics (NAACL)"}

## machine learning conferences
@string{aistats = "Artificial Intelligence and Statistics (AISTATS)"}
@string{neurips = "Advances in Neural Information Processing Systems (NeurIPS)"}
@string{icml = "International Conference on Machine Learning (ICML)"}
@string{aaai = "Conference on Artificial Intelligence (AAAI)"}
@string{ijcai = "International Joint Conference on Artificial Intelligence (IJCAI)"}
@string{colt = "Annual Conference on Computational Learning Theory (COLT)"}
@string{iclr = "International Conference on Learning Representations (ICLR)"}
@string{iconip = "International Conference on Neural Information Processing (ICONIP)"}

## database conferences
@string{vldb = "International Conference on Very Large Data Bases (VLDB)"}
@string{sigmod = "Conference on Management of Data (SIGMOD)"}
@string{icde = "International Conference on Data Engineering (ICDE)"}

## data mining conferences
@string{cikm = "International Conference on Information and Knowledge Management (CIKM)"}
@string{www = "International World Wide Web Conference (WWW)"}
@string{kdd = "Conference on Knowledge Discovery and Data Mining (KDD)"}
@string{sigir = "Conference on Information Retrieval (SIGIR)"}
@string{recsys = "Conference on Recommender Systems (RecSys)"}
@string{icdm = "International Conference on Data Mining (ICDM)"}
@string{wsdm = "International Conference on Web Search and Data Mining (WSDM)"}

## others
@string{interspeech = "Annual Conference of the International Speech Communication Association (INTERSPEECH)"}
@string{chi = "Conference on Human Factors in Computing Systems (CHI)"}
@string{mm = "International Conference on Multimedia (MM)"}

# journal
@string{jmlr = "The Journal of Machine Learning Research (JMLR)"}
@string{tmlr = "Transactions on Machine Learning Research (TMLR)"}
@string{tacl = "Transactions of the Association of Computational Linguistics (TACL)"}
@string{nc = "Neural Computation"}
@string{cl = "Computational Linguistics"}
@string{tkde = "IEEE Transactions on Knowledge and Data Engineering (TKDE)"}
@string{tnnls = "IEEE Transactions on Neural Networks and Learning Systems (TNNLS)"}
@string{tkdd = "ACM Transactions on Knowledge Discovery from Data (TKDD)"}

# -------------


@article{gao2023survey,
  title={A survey of graph neural networks for recommender systems: Challenges, methods, and directions},
  author={Gao, Chen and Zheng, Yu and Li, Nian and Li, Yinfeng and Qin, Yingrong and Piao, Jinghua and Quan, Yuhan and Chang, Jianxin and Jin, Depeng and He, Xiangnan and others},
  journal={ACM Transactions on Recommender Systems (TORS)},
  year={2023}
}

@inproceedings{bei2023nrcgi,
  title={Non-Recursive Cluster-Scale Graph Interacted Model for Click-Through Rate Prediction},
  author={Bei, Yuanchen and Chen, Hao and Chen, Shengyuan and Huang, Xiao and Zhou, Sheng and Huang, Feiran},
  booktitle=cikm,
  year={2023}
}

@inproceedings{bei2023reinforcement,
  title={Reinforcement Neighborhood Selection for Unsupervised Graph Anomaly Detection},
  author={Bei, Yuanchen and Zhou, Sheng and Tan, Qiaoyu and Xu, Hao and Chen, Hao and Li, Zhao and Bu, Jiajun},
  booktitle=icdm,
  year={2023}
}


@article{bei2023cpdg,
  title={CPDG: A Contrastive Pre-Training Method for Dynamic Graph Neural Networks},
  author={Bei, Yuanchen and Xu, Hao and Zhou, Sheng and Chi, Huixuan and Zhang, Mengdi and Li, Zhao and Bu, Jiajun},
  journal={arXiv preprint arXiv:2307.02813},
  year={2023}
}

@inproceedings{xu2022flattened,
  title={Flattened Graph Convolutional Networks For Recommendation},
  author={Xu, Yue and Chen, Hao and Deng, Zengde and Bei, Yuanchen and Huang, Feiran},
  booktitle={KDD 2022 fourth Deep Learning Practice and Theory for High-Dimensional Sparse and Imbalanced Data Workshop (KDD)},
  year={2022}
}

@inproceedings{zhang2023imgcf,
  title={Alleviating Behavior Data Imbalance for Multi-Behavior Graph Collaborative Filtering},
  author={Zhang, Yijie and Bei, Yuanchen and Yang, Shiqi and Chen, Hao and Li, Zhiqing and Chen, Lijia and Huang, Feiran},
  booktitle={2023 IEEE International Conference on Data Mining Workshops (ICDMW)}, 
  year={2023}
}

@inproceedings{zhang2024multi,
  title={Multi-behavior collaborative filtering with partial order graph convolutional networks},
  author={Zhang, Yijie and Bei, Yuanchen and Chen, Hao and Shen, Qijie and Yuan, Zheng and Gong, Huan and Wang, Senzhang and Huang, Feiran and Huang, Xiao},
  booktitle={Proceedings of the 30th ACM SIGKDD Conference on Knowledge Discovery and Data Mining},
  pages={6257--6268},
  year={2024}
}

@inproceedings{xiao2020deep,
  title={Deep multi-interest network for click-through rate prediction},
  author={Xiao, Zhibo and Yang, Luwei and Jiang, Wen and Wei, Yi and Hu, Yi and Wang, Hao},
  booktitle={Proceedings of the 29th ACM International Conference on Information \& Knowledge Management},
  pages={2265--2268},
  year={2020}
}

@inproceedings{liu2024fine,
title={Fine Tuning Out-of-Vocabulary Item Recommendation with User Sequence Imagination},
author={Ruochen Liu and Hao Chen and Yuanchen Bei and Qijie Shen and Fangwei Zhong and Senzhang Wang and Jianxin Wang},
booktitle={The Thirty-eighth Annual Conference on Neural Information Processing Systems},
year={2024}
}



@article{chang2024survey,
  title={A survey on evaluation of large language models},
  author={Chang, Yupeng and Wang, Xu and Wang, Jindong and Wu, Yuan and Yang, Linyi and Zhu, Kaijie and Chen, Hao and Yi, Xiaoyuan and Wang, Cunxiang and Wang, Yidong and others},
  journal={ACM Transactions on Intelligent Systems and Technology},
  volume={15},
  number={3},
  pages={1--45},
  year={2024},
  publisher={ACM New York, NY}
}

@inproceedings{bai2023gorec,
  title={Gorec: a generative cold-start recommendation framework},
  author={Bai, Haoyue and Hou, Min and Wu, Le and Yang, Yonghui and Zhang, Kun and Hong, Richang and Wang, Meng},
  booktitle={Proceedings of the 31st ACM international conference on multimedia},
  pages={1004--1012},
  year={2023}
}


@article{zhang2025survey,
  title={A Survey of Graph Retrieval-Augmented Generation for Customized Large Language Models},
  author={Zhang, Qinggang and Chen, Shengyuan and Bei, Yuanchen and Yuan, Zheng and Zhou, Huachi and Hong, Zijin and Dong, Junnan and Chen, Hao and Chang, Yi and Huang, Xiao},
  journal={arXiv preprint arXiv:2501.13958},
  year={2025}
}

@article{chen2024graph,
  title={Graph Cross-Correlated Network for Recommendation},
  author={Chen, Hao and Bei, Yuanchen and Huang, Wenbing and Chen, Shengyuan and Huang, Feiran and Huang, Xiao},
  journal={IEEE Transactions on Knowledge and Data Engineering},
  year={2024},
  publisher={IEEE}
}

@article{wu2024survey,
  title={A survey on large language models for recommendation},
  author={Wu, Likang and Zheng, Zhi and Qiu, Zhaopeng and Wang, Hao and Gu, Hongchao and Shen, Tingjia and Qin, Chuan and Zhu, Chen and Zhu, Hengshu and Liu, Qi and others},
  journal={World Wide Web},
  volume={27},
  number={5},
  pages={60},
  year={2024},
  publisher={Springer}
}

@article{wu2022survey,
  title={A survey on accuracy-oriented neural recommendation: From collaborative filtering to information-rich recommendation},
  author={Wu, Le and He, Xiangnan and Wang, Xiang and Zhang, Kun and Wang, Meng},
  journal=tkde,
  year={2022},
}

@article{zhao2024recommender,
  title={Recommender systems in the era of large language models (llms)},
  author={Zhao, Zihuai and Fan, Wenqi and Li, Jiatong and Liu, Yunqing and Mei, Xiaowei and Wang, Yiqi and Wen, Zhen and Wang, Fei and Zhao, Xiangyu and Tang, Jiliang and others},
  journal={IEEE Transactions on Knowledge and Data Engineering},
  year={2024},
  publisher={IEEE}
}

@article{hong2024next,
  title={Next-Generation Database Interfaces: A Survey of LLM-based Text-to-SQL},
  author={Hong, Zijin and Yuan, Zheng and Zhang, Qinggang and Chen, Hao and Dong, Junnan and Huang, Feiran and Huang, Xiao},
  journal={arXiv preprint arXiv:2406.08426},
  year={2024}
}

@inproceedings{hong2024knowledge,
    title = "Knowledge-to-{SQL}: Enhancing {SQL} Generation with Data Expert {LLM}",
    author = "Hong, Zijin  and
      Yuan, Zheng  and
      Chen, Hao  and
      Zhang, Qinggang  and
      Huang, Feiran  and
      Huang, Xiao",
    booktitle = acl_findings,
    year = "2024"
}

@inproceedings{wang2019ngcf,
  title={Neural graph collaborative filtering},
  author={Wang, Xiang and He, Xiangnan and Wang, Meng and Feng, Fuli and Chua, Tat-Seng},
  booktitle=sigir,
  year={2019}
}


@inproceedings{he2020lightgcn,
  title={Lightgcn: Simplifying and powering graph convolution network for recommendation},
  author={He, Xiangnan and Deng, Kuan and Wang, Xiang and Li, Yan and Zhang, Yongdong and Wang, Meng},
  booktitle=sigir,
  year={2020}
}

@inproceedings{wei2022cml,
  title={Contrastive meta learning with behavior multiplicity for recommendation},
  author={Wei, Wei and Huang, Chao and Xia, Lianghao and Xu, Yong and Zhao, Jiashu and Yin, Dawei},
  booktitle=wsdm,
  year={2022}
}

@inproceedings{cheng2023mbcgcn,
  title={Multi-Behavior Recommendation with Cascading Graph Convolution Networks},
  author={Cheng, Zhiyong and Han, Sai and Liu, Fan and Zhu, Lei and Gao, Zan and Peng, Yuxin},
  booktitle=www,
  year={2023}
}


@inproceedings{saveski2014itemcs,
  title={Item cold-start recommendations: learning local collective embeddings},
  author={Saveski, Martin and Mantrach, Amin},
  booktitle=recsys,
  year={2014}
}

@inproceedings{jin2020mbgcn,
  title={Multi-behavior recommendation with graph convolutional networks},
  author={Jin, Bowen and Gao, Chen and He, Xiangnan and Jin, Depeng and Li, Yong},
  booktitle=sigir,
  year={2020}
}


@article{wei2023llmrec,
  title={Llmrec: Large language models with graph augmentation for recommendation},
  author={Wei, Wei and Ren, Xubin and Tang, Jiabin and Wang, Qinyong and Su, Lixin and Cheng, Suqi and Wang, Junfeng and Yin, Dawei and Huang, Chao},
  journal={arXiv preprint arXiv:2311.00423},
  year={2023}
}


@inproceedings{harte2023llm4seqrec,
  title={Leveraging large language models for sequential recommendation},
  author={Harte, Jesse and Zorgdrager, Wouter and Louridas, Panos and Katsifodimos, Asterios and Jannach, Dietmar and Fragkoulis, Marios},
  booktitle=recsys,
  year={2023}
}

@article{bao2023tallrec,
  title={Tallrec: An effective and efficient tuning framework to align large language model with recommendation},
  author={Bao, Keqin and Zhang, Jizhi and Zhang, Yang and Wang, Wenjie and Feng, Fuli and He, Xiangnan},
  journal={arXiv preprint arXiv:2305.00447},
  year={2023}
}

@article{li2023llmrec_survey,
  title={Large language models for generative recommendation: A survey and visionary discussions},
  author={Li, Lei and Zhang, Yongfeng and Liu, Dugang and Chen, Li},
  journal={arXiv preprint arXiv:2309.01157},
  year={2023}
}

@inproceedings{sanner2023llm4coldstart,
  title={Large language models are competitive near cold-start recommenders for language-and item-based preferences},
  author={Sanner, Scott and Balog, Krisztian and Radlinski, Filip and Wedin, Ben and Dixon, Lucas},
  booktitle=recsys,
  year={2023}
}

@inproceedings{van2013deepmusic,
  title={Deep content-based music recommendation},
  author={Van den Oord, Aaron and Dieleman, Sander and Schrauwen, Benjamin},
  booktitle=neurips,
  year={2013}
}

@inproceedings{pan2019metaemb,
  title={Warm up cold-start advertisements: Improving ctr predictions via learning to learn id embeddings},
  author={Pan, Feiyang and Li, Shuokai and Ao, Xiang and Tang, Pingzhong and He, Qing},
  booktitle=sigir,
  year={2019}
}

@inproceedings{volkovs2017dropoutnet,
  title={Dropoutnet: Addressing cold start in recommender systems},
  author={Volkovs, Maksims and Yu, Guangwei and Poutanen, Tomi},
  booktitle=neurips,
  year={2017}
}


@inproceedings{du2020mtpr,
  title={How to learn item representation for cold-start multimedia recommendation?},
  author={Du, Xiaoyu and Wang, Xiang and He, Xiangnan and Li, Zechao and Tang, Jinhui and Chua, Tat-Seng},
  booktitle=mm,
  year={2020}
}

@inproceedings{chen2022gar,
  title={Generative adversarial framework for cold-start item recommendation},
  author={Chen, Hao and Wang, Zefan and Huang, Feiran and Huang, Xiao and Xu, Yue and Lin, Yishi and He, Peng and Li, Zhoujun},
  booktitle=sigir,
  year={2022}
}

@inproceedings{huang2023aldi,
    author = {Huang, Feiran and Wang, Zefan and Huang, Xiao and Qian, Yufeng and Li, Zhetao and Chen, Hao},
    title = {Aligning Distillation For Cold-Start Item Recommendation},
    booktitle = sigir,
    year = {2023}
}

@inproceedings{zhu2020heater,
  title={Recommendation for new users and new items via randomized training and mixture-of-experts transformation},
  author={Zhu, Ziwei and Sefati, Shahin and Saadatpanah, Parsa and Caverlee, James},
  booktitle=sigir,
  year={2020}
}

@inproceedings{wei2021clcrec,
  title={Contrastive learning for cold-start recommendation},
  author={Wei, Yinwei and Wang, Xiang and Li, Qi and Nie, Liqiang and Li, Yan and Li, Xuanping and Chua, Tat-Seng},
  booktitle=mm,
  year={2021}
}

@inproceedings{zhou2023contrastivecs,
  title={Contrastive Collaborative Filtering for Cold-Start Item Recommendation},
  author={Zhou, Zhihui and Zhang, Lilin and Yang, Ning},
  booktitle=www,
  year={2023}
}

@inproceedings{xu2020multi,
  title={Multi-feature discrete collaborative filtering for fast cold-start recommendation},
  author={Xu, Yang and Zhu, Lei and Cheng, Zhiyong and Li, Jingjing and Sun, Jiande},
  booktitle=aaai,
  year={2020}
}


@inproceedings{zheng2023ctrec,
    author = {Yuan, Zheng and Yuan, Fajie and Song, Yu and Li, Youhua and Fu, Junchen and Yang, Fei and Pan, Yunzhu and Ni, Yongxin},
    title = {Where to Go Next for Recommender Systems? ID- vs. Modality-Based Recommender Models Revisited},
    booktitle = sigir,
    year = {2023}
}

@inproceedings{liu2023ucc,
  title={Uncertainty-aware Consistency Learning for Cold-Start Item Recommendation},
  author={Liu, Taichi and Gao, Chen and Wang, Zhenyu and Li, Dong and Hao, Jianye and Jin, Depeng and Li, Yong},
  booktitle=sigir,
  year={2023}
}

@article{harper2015movielens,
  title={The movielens datasets: History and context},
  author={Harper, F Maxwell and Konstan, Joseph A},
  journal={ACM Transactions on Interactive Intelligent Systems (TIIS)},
  year={2015}
}

@inproceedings{wang2013citeulike,
  title={Collaborative topic regression with social regularization for tag recommendation},
  author={Wang, Hao and Chen, Binyi and Li, Wu-Jun},
  booktitle=aaai,
  year={2013}
}


@inproceedings{chen2022gpatch,
  title={GPatch: Patching Graph Neural Networks for Cold-Start Recommendations},
  author={Chen, Hao and Wang, Zefan and Xu, Yue and Huang, Xiao and Huang, Feiran},
  booktitle={KDD 2022 fourth Deep Learning Practice and Theory for High-Dimensional Sparse and Imbalanced Data Workshop (KDD)},
  year={2022}
}

@inproceedings{rendle2009bprmf,
  title={BPR: Bayesian personalized ranking from implicit feedback},
  author={Rendle, Steffen and Freudenthaler, Christoph and Gantner, Zeno and Schmidt-Thieme, Lars},
  booktitle={Conference on Uncertainty in Artificial Intelligence (UAI)},
  year={2009}
}

@article{mikolov2013efficient,
  title={Efficient estimation of word representations in vector space},
  author={Mikolov, Tomas and Chen, Kai and Corrado, Greg and Dean, Jeffrey},
  journal={arXiv preprint arXiv:1301.3781},
  year={2013}
}

@article{devlin2018bert,
  title={Bert: Pre-training of deep bidirectional transformers for language understanding},
  author={Devlin, Jacob and Chang, Ming-Wei and Lee, Kenton and Toutanova, Kristina},
  journal={arXiv preprint arXiv:1810.04805},
  year={2018}
}

@article{hu2021lora,
  title={Lora: Low-rank adaptation of large language models},
  author={Hu, Edward J and Shen, Yelong and Wallis, Phillip and Allen-Zhu, Zeyuan and Li, Yuanzhi and Wang, Shean and Wang, Lu and Chen, Weizhu},
  journal={arXiv preprint arXiv:2106.09685},
  year={2021}
}

@inproceedings{houlsby2019parameter,
  title={Parameter-efficient transfer learning for NLP},
  author={Houlsby, Neil and Giurgiu, Andrei and Jastrzebski, Stanislaw and Morrone, Bruna and De Laroussilhe, Quentin and Gesmundo, Andrea and Attariyan, Mona and Gelly, Sylvain},
  booktitle=icml,
  year={2019}
}

@article{lester2021power,
  title={The power of scale for parameter-efficient prompt tuning},
  author={Lester, Brian and Al-Rfou, Rami and Constant, Noah},
  journal={arXiv preprint arXiv:2104.08691},
  year={2021}
}

@inproceedings{huang2013dssm,
  title={Learning deep structured semantic models for web search using clickthrough data},
  author={Huang, Po-Sen and He, Xiaodong and Gao, Jianfeng and Deng, Li and Acero, Alex and Heck, Larry},
  booktitle=cikm,
  year={2013}
}

@inproceedings{he2017ncf,
  title={Neural collaborative filtering},
  author={He, Xiangnan and Liao, Lizi and Zhang, Hanwang and Nie, Liqiang and Hu, Xia and Chua, Tat-Seng},
  booktitle=www,
  year={2017}
}

@inproceedings{zhou2019dien,
  title={Deep interest evolution network for click-through rate prediction},
  author={Zhou, Guorui and Mou, Na and Fan, Ying and Pi, Qi and Bian, Weijie and Zhou, Chang and Zhu, Xiaoqiang and Gai, Kun},
  booktitle=aaai,
  year={2019}
}

@inproceedings{zhou2018din,
  title={Deep interest network for click-through rate prediction},
  author={Zhou, Guorui and Zhu, Xiaoqiang and Song, Chenru and Fan, Ying and Zhu, Han and Ma, Xiao and Yan, Yanghui and Jin, Junqi and Li, Han and Gai, Kun},
  booktitle=kdd,
  year={2018}
}

@inproceedings{lu2018livestream1,
  title={You watch, you give, and you engage: a study of live streaming practices in China},
  author={Lu, Zhicong and Xia, Haijun and Heo, Seongkook and Wigdor, Daniel},
  booktitle=chi,
  year={2018}
}

@inproceedings{tang2016livestream2,
  title={Meerkat and periscope: I stream, you stream, apps stream for live streams},
  author={Tang, John C and Venolia, Gina and Inkpen, Kori M},
  booktitle=chi,
  year={2016}
}

@inproceedings{shi2019dropoutmethods1,
  title={Adaptive feature sampling for recommendation with missing content feature values},
  author={Shi, Shaoyun and Zhang, Min and Yu, Xinxing and Zhang, Yongfeng and Hao, Bin and Liu, Yiqun and Ma, Shaoping},
  booktitle=cikm,
  year={2019}
}

@inproceedings{xu2022dropoutmethods2,
  title={Alleviating Cold-start Problem in CTR Prediction with A Variational Embedding Learning Framework},
  author={Xu, Xiaoxiao and Yang, Chen and Yu, Qian and Fang, Zhiwei and Wang, Jiaxing and Fan, Chaosheng and He, Yang and Peng, Changping and Lin, Zhangang and Shao, Jingping},
  booktitle=www,
  year={2022}
}

@inproceedings{zhu2021transfer,
  title={Transfer-meta framework for cross-domain recommendation to cold-start users},
  author={Zhu, Yongchun and Ge, Kaikai and Zhuang, Fuzhen and Xie, Ruobing and Xi, Dongbo and Zhang, Xu and Lin, Leyu and He, Qing},
  booktitle=sigir,
  year={2021}
}

@inproceedings{zhu2021fairness,
  title={Fairness among new items in cold start recommender systems},
  author={Zhu, Ziwei and Kim, Jingu and Nguyen, Trung and Fenton, Aish and Caverlee, James},
  booktitle=sigir,
  year={2021}
}

@inproceedings{zhu2021learning,
  title={Learning to warm up cold item embeddings for cold-start recommendation with meta scaling and shifting networks},
  author={Zhu, Yongchun and Xie, Ruobing and Zhuang, Fuzhen and Ge, Kaikai and Sun, Ying and Zhang, Xu and Lin, Leyu and Cao, Juan},
  booktitle=sigir,
  year={2021}
}

@article{srivastava2014dropout,
  title={Dropout: a simple way to prevent neural networks from overfitting},
  author={Srivastava, Nitish and Hinton, Geoffrey and Krizhevsky, Alex and Sutskever, Ilya and Salakhutdinov, Ruslan},
  journal=jmlr,
  year={2014}
}

@article{lin2023can,
  title={How Can Recommender Systems Benefit from Large Language Models: A Survey},
  author={Lin, Jianghao and Dai, Xinyi and Xi, Yunjia and Liu, Weiwen and Chen, Bo and Li, Xiangyang and Zhu, Chenxu and Guo, Huifeng and Yu, Yong and Tang, Ruiming and others},
  journal={arXiv preprint arXiv:2306.05817},
  year={2023}
}

@inproceedings{li2022transform,
  title={Transform Cold-Start Users into Warm via Fused Behaviors in Large-Scale Recommendation},
  author={Li, Pengyang and Chen, Rong and Liu, Quan and Xu, Jian and Zheng, Bo},
  booktitle=sigir,
  year={2022}
}

@article{wang2023zero,
  title={Zero-Shot Next-Item Recommendation using Large Pretrained Language Models},
  author={Wang, Lei and Lim, Ee-Peng},
  journal={arXiv preprint arXiv:2304.03153},
  year={2023}
}

@article{yuan2023go,
  title={Where to go next for recommender systems? id-vs. modality-based recommender models revisited},
  author={Yuan, Zheng and Yuan, Fajie and Song, Yu and Li, Youhua and Fu, Junchen and Yang, Fei and Pan, Yunzhu and Ni, Yongxin},
  journal={arXiv preprint arXiv:2303.13835},
  year={2023}
}

@article{wang2023generative,
  title={Generative recommendation: Towards next-generation recommender paradigm},
  author={Wang, Wenjie and Lin, Xinyu and Feng, Fuli and He, Xiangnan and Chua, Tat-Seng},
  journal={arXiv preprint arXiv:2304.03516},
  year={2023}
}

@article{li2023ctrl,
  title={CTRL: Connect Tabular and Language Model for CTR Prediction},
  author={Li, Xiangyang and Chen, Bo and Hou, Lu and Tang, Ruiming},
  journal={arXiv preprint arXiv:2306.02841},
  year={2023}
}

@article{jun2020seoulhouse2vec,
  title={“SeoulHouse2Vec”: An embedding-based collaborative filtering housing recommender system for analyzing housing preference},
  author={Jun, Han Jong and Kim, Jae Hee and Rhee, Deuk Young and Chang, Sun Woo},
  journal={Sustainability},
  year={2020}
}


@inproceedings{liao2013large,
  title={Large scale deep neural network acoustic modeling with semi-supervised training data for YouTube video transcription},
  author={Liao, Hank and McDermott, Erik and Senior, Andrew},
  booktitle={Workshop on Automatic Speech Recognition and Understanding},
  year={2013},
}

@inproceedings{jiang2019svd,
  title={SVD: A large-scale short video dataset for near-duplicate video retrieval},
  author={Jiang, Qing-Yuan and He, Yi and Li, Gen and Lin, Jian and Li, Lei and Li, Wu-Jun},
  booktitle={International Conference on Computer Vision (ICCV)},
  year={2019}
}

@inproceedings{gill2007youtube,
  title={Youtube traffic characterization: a view from the edge},
  author={Gill, Phillipa and Arlitt, Martin and Li, Zongpeng and Mahanti, Anirban},
  booktitle={Conference on Internet Measurement (SIGCOMM)},
  year={2007}
}

@inproceedings{zhou2023contrastive,
  title={Contrastive Collaborative Filtering for Cold-Start Item Recommendation},
  author={Zhou, Zhihui and Zhang, Lilin and Yang, Ning},
  booktitle=www,
  year={2023}
}

@inproceedings{zhao2022improving,
  title={Improving item cold-start recommendation via model-agnostic conditional variational autoencoder},
  author={Zhao, Xu and Ren, Yi and Du, Ying and Zhang, Shenzheng and Wang, Nian},
  booktitle=sigir,
  year={2022}
}

@inproceedings{sedhain2015autorec,
  title={Autorec: Autoencoders meet collaborative filtering},
  author={Sedhain, Suvash and Menon, Aditya Krishna and Sanner, Scott and Xie, Lexing},
  booktitle=www,
  year={2015}
}

@inproceedings{cheng2016wide,
  title={Wide \& deep learning for recommender systems},
  author={Cheng, Heng-Tze and Koc, Levent and Harmsen, Jeremiah and Shaked, Tal and Chandra, Tushar and Aradhye, Hrishi and Anderson, Glen and Corrado, Greg and Chai, Wei and Ispir, Mustafa and others},
  booktitle={Workshop on Deep Learning for Recommender Systems (DLRS)},
  year={2016}
}

@article{liu2019roberta,
  title={Roberta: A robustly optimized bert pretraining approach},
  author={Liu, Yinhan and Ott, Myle and Goyal, Naman and Du, Jingfei and Joshi, Mandar and Chen, Danqi and Levy, Omer and Lewis, Mike and Zettlemoyer, Luke and Stoyanov, Veselin},
  journal={arXiv preprint arXiv:1907.11692},
  year={2019}
}

@article{joshi2020spanbert,
  title={Spanbert: Improving pre-training by representing and predicting spans},
  author={Joshi, Mandar and Chen, Danqi and Liu, Yinhan and Weld, Daniel S and Zettlemoyer, Luke and Levy, Omer},
  journal=tacl,
  year={2020}
}

@article{zhou2017embedded,
  title={Embedded collaborative filtering for" cold start" prediction},
  author={Zhou, Yubo and Nadaf, Ali},
  journal={arXiv preprint arXiv:1704.02552},
  year={2017}
}

@article{qiu2021embedded,
  title={An embedded bandit algorithm based on agent evolution for cold-start problem},
  author={Qiu, Rui and Ji, Wen},
  journal={International Journal of Crowd Science},
  year={2021}
}

@inproceedings{chen2024macro,
  title={Macro graph neural networks for online billion-scale recommender systems},
  author={Chen, Hao and Bei, Yuanchen and Shen, Qijie and Xu, Yue and Zhou, Sheng and Huang, Wenbing and Huang, Feiran and Wang, Senzhang and Huang, Xiao},
  booktitle=www,
  year={2024}
}

@article{koren2021advances,
  title={Advances in collaborative filtering},
  author={Koren, Yehuda and Rendle, Steffen and Bell, Robert},
  journal={Recommender Systems Handbook},
  year={2021},
}

@inproceedings{wang2024mutual,
  title={Mutual Information Assisted Graph Convolution Network for Cold-Start Recommendation},
  author={Wang, Wenbo and Chen, Ben and Liu, Bingquan and Wang, Xinxin and Yang, Luwei and Jiang, Wen and Ning, Wei and Guan, Jian},
  booktitle={International Conference on Acoustics, Speech and Signal Processing (ICASSP)},
  year={2024}
}

@inproceedings{kim2024content,
  title={Content-based Graph Reconstruction for Cold-start Item Recommendation},
  author={Kim, Jinri and Kim, Eungi and Yeo, Kwangeun and Jeon, Yujin and Kim, Chanwoo and Lee, Sewon and Lee, Joonseok},
  booktitle=sigir,
  year={2024}
}

@article{cai2023user,
  title={User cold-start recommendation via inductive heterogeneous graph neural network},
  author={Cai, Desheng and Qian, Shengsheng and Fang, Quan and Hu, Jun and Xu, Changsheng},
  journal={ACM Transactions on Information Systems (TOIS)},
  year={2023}
}

@inproceedings{chen2025graph,
  title={Graph Neural Patching for Cold-Start Recommendations},
  author={Chen, Hao and Yang, Yu and Bei, Yuanchen and Wang, Zefan and Xu, Yue and Huang, Feiran},
  booktitle={Australasian Database Conference},
  pages={334--346},
  year={2025},
  organization={Springer}
}


@article{gao2024llm,
  title={Llm-based nlg evaluation: Current status and challenges},
  author={Gao, Mingqi and Hu, Xinyu and Ruan, Jie and Pu, Xiao and Wan, Xiaojun},
  journal={arXiv preprint arXiv:2402.01383},
  year={2024}
}


@inproceedings{wang2024large,
  title={Large Language Models as Data Augmenters for Cold-Start Item Recommendation},
  author={Wang, Jianling and Lu, Haokai and Caverlee, James and Chi, Ed H and Chen, Minmin},
  booktitle=www,
  year={2024}
}

@article{wei2017collaborative,
  title={Collaborative filtering and deep learning based recommendation system for cold start items},
  author={Wei, Jian and He, Jianhua and Chen, Kai and Zhou, Yi and Tang, Zuoyin},
  journal={Expert Systems with Applications},
  year={2017}
}

@article{yang2024generalized,
  title={Generalized out-of-distribution detection: A survey},
  author={Yang, Jingkang and Zhou, Kaiyang and Li, Yixuan and Liu, Ziwei},
  journal={International Journal of Computer Vision (IJCV)},
  year={2024},
}

@article{radford2018improving,
  title={Improving language understanding by generative pre-training},
  author={Radford, Alec and Narasimhan, Karthik and Salimans, Tim and Sutskever, Ilya and others},
  journal={OpenAI},
  year={2018},
}

@inproceedings{vaswani2017attention,
 author = {Vaswani, Ashish and Shazeer, Noam and Parmar, Niki and Uszkoreit, Jakob and Jones, Llion and Gomez, Aidan N and Kaiser, \L ukasz and Polosukhin, Illia},
 booktitle = neurips,
 title = {Attention is All you Need},
 year = {2017}
}

@article{johnson2019faiss,
  title={Billion-scale similarity search with GPUs},
  author={Johnson, Jeff and Douze, Matthijs and J{\'e}gou, Herv{\'e}},
  journal={IEEE Transactions on Big Data},
  year={2019}
}

@article{dong2024disclosure,
  title={Disclosure and mitigation of gender bias in llms},
  author={Dong, Xiangjue and Wang, Yibo and Yu, Philip S and Caverlee, James},
  journal={arXiv preprint arXiv:2402.11190},
  year={2024}
}


@article{huang2024large,
  title={Large Language Model Interaction Simulator for Cold-Start Item Recommendation},
  author={Huang, Feiran and Yang, Zhenghang and Jiang, Junyi and Bei, Yuanchen and Zhang, Yijie and Chen, Hao},
  journal={arXiv preprint arXiv:2402.09176},
  year={2024}
}

@article{Llama,
  title={Llama: Open and efficient foundation language models},
  author={Touvron, Hugo and Lavril, Thibaut and Izacard, Gautier and Martinet, Xavier and Lachaux, Marie-Anne and Lacroix, Timoth{\'e}e and Rozi{\`e}re, Baptiste and Goyal, Naman and Hambro, Eric and Azhar, Faisal and others},
  journal={arXiv preprint arXiv:2302.13971},
  year={2023}
}

@inproceedings{GPT3,
  title={Language models are few-shot learners},
  author={Brown, Tom B and Mann, Benjamin and Ryder, Nick and Subbiah, Melanie and Kaplan, Jared and Dhariwal, Prafulla and Neelakantan, Arvind and Shyam, Pranav and Sastry, Girish and Askell, Amanda and others},
  booktitle={Proceedings of the 34th Annual Conference on Neural Information Processing Systems},
  year={2020}
}

@article{zhang2025cold,
  title={Cold-Start Recommendation towards the Era of Large Language Models (LLMs): A Comprehensive Survey and Roadmap},
  author={Zhang, Weizhi and Bei, Yuanchen and Yang, Liangwei and Zou, Henry Peng and Zhou, Peilin and Liu, Aiwei and Li, Yinghui and Chen, Hao and Wang, Jianling and Wang, Yu and others},
  journal={arXiv preprint arXiv:2501.01945},
  year={2025}
}

@inproceedings{blanc2018adaptive,
  title={Adaptive sampled softmax with kernel based sampling},
  author={Blanc, Guy and Rendle, Steffen},
  booktitle={International conference on machine learning},
  pages={590--599},
  year={2018},
  organization={PMLR}
}

@inproceedings{covington2016deep,
  title={Deep neural networks for youtube recommendations},
  author={Covington, Paul and Adams, Jay and Sargin, Emre},
  booktitle={Proceedings of the 10th ACM conference on recommender systems},
  pages={191--198},
  year={2016}
}

@inproceedings{yao2021self,
  title={Self-supervised learning for large-scale item recommendations},
  author={Yao, Tiansheng and Yi, Xinyang and Cheng, Derek Zhiyuan and Yu, Felix and Chen, Ting and Menon, Aditya and Hong, Lichan and Chi, Ed H and Tjoa, Steve and Kang, Jieqi and others},
  booktitle={Proceedings of the 30th ACM international conference on information \& knowledge management},
  pages={4321--4330},
  year={2021}
}

@inproceedings{xu2020graphsail,
  title={Graphsail: Graph structure aware incremental learning for recommender systems},
  author={Xu, Yishi and Zhang, Yingxue and Guo, Wei and Guo, Huifeng and Tang, Ruiming and Coates, Mark},
  booktitle={Proceedings of the 29th ACM International Conference on Information \& Knowledge Management},
  pages={2861--2868},
  year={2020}
}

@inproceedings{peng2021learning,
  title={Learning an adaptive meta model-generator for incrementally updating recommender systems},
  author={Peng, Danni and Pan, Sinno Jialin and Zhang, Jie and Zeng, Anxiang},
  booktitle={Proceedings of the 15th ACM Conference on Recommender Systems},
  pages={411--421},
  year={2021}
}

@inproceedings{zhu2024collaborative,
  title={Collaborative large language model for recommender systems},
  author={Zhu, Yaochen and Wu, Liang and Guo, Qi and Hong, Liangjie and Li, Jundong},
  booktitle={Proceedings of the ACM Web Conference},
  pages={3162--3172},
  year={2024}
}

@article{rajput2023recommender,
  title={Recommender systems with generative retrieval},
  author={Rajput, Shashank and Mehta, Nikhil and Singh, Anima and Hulikal Keshavan, Raghunandan and Vu, Trung and Heldt, Lukasz and Hong, Lichan and Tay, Yi and Tran, Vinh and Samost, Jonah and others},
  journal={Advances in Neural Information Processing Systems},
  volume={36},
  pages={10299--10315},
  year={2023}
}

@article{su2009survey,
  title={A Survey of Collaborative Filtering Techniques},
  author={Su, Xiaoyuan},
  year={2009}
}

@incollection{schafer2007collaborative,
  title={Collaborative filtering recommender systems},
  author={Schafer, J Ben and Frankowski, Dan and Herlocker, Jon and Sen, Shilad},
  booktitle={The adaptive web: methods and strategies of web personalization},
  pages={291--324},
  year={2007},
  publisher={Springer}
}

@inproceedings{herlocker2000explaining,
  title={Explaining collaborative filtering recommendations},
  author={Herlocker, Jonathan L and Konstan, Joseph A and Riedl, John},
  booktitle={Proceedings of the 2000 ACM conference on Computer supported cooperative work},
  pages={241--250},
  year={2000}
}

@article{minaee2024large,
  title={Large language models: A survey},
  author={Minaee, Shervin and Mikolov, Tomas and Nikzad, Narjes and Chenaghlu, Meysam and Socher, Richard and Amatriain, Xavier and Gao, Jianfeng},
  journal={arXiv preprint arXiv:2402.06196},
  year={2024}
}

@article{chen2024neuro,
  title={Neuro-symbolic entity alignment via variational inference},
  author={Chen, Shengyuan and Zhang, Qinggang and Dong, Junnan and Hua, Wen and Cao, Jiannong and Huang, Xiao},
  journal={arXiv preprint arXiv:2410.04153},
  year={2024}
}

@inproceedings{
    chen2024entity,
    title={Entity Alignment with Noisy Annotations from Large Language Models},
    author={Shengyuan Chen and Qinggang Zhang and Junnan Dong and Wen Hua and Qing Li and Xiao Huang},
    booktitle={The Thirty-eighth Annual Conference on Neural Information Processing Systems},
    year={2024}
}

@inproceedings{liu2023rsc,
  title={Rsc: accelerate graph neural networks training via randomized sparse computations},
  author={Liu, Zirui and Shengyuan, Chen and Zhou, Kaixiong and Zha, Daochen and Huang, Xiao and Hu, Xia},
  booktitle={International Conference on Machine Learning},
  pages={21951--21968},
  year={2023},
  organization={PMLR}
}

@article{li2023large,
  title={Large language models for generative recommendation: A survey and visionary discussions},
  author={Li, Lei and Zhang, Yongfeng and Liu, Dugang and Chen, Li},
  journal={arXiv preprint arXiv:2309.01157},
  year={2023}
}

@inproceedings{zhang2024logical,
  title={Logical reasoning with relation network for inductive knowledge graph completion},
  author={Zhang, Qinggang and Duan, Keyu and Dong, Junnan and Zheng, Pai and Huang, Xiao},
  booktitle={Proceedings of the 30th ACM SIGKDD Conference on Knowledge Discovery and Data Mining},
  pages={4268--4277},
  year={2024}
}

@inproceedings{bei2024cpdg,
  title={CPDG: a contrastive pre-training method for dynamic graph neural networks},
  author={Bei, Yuanchen and Xu, Hao and Zhou, Sheng and Chi, Huixuan and Wang, Haishuai and Zhang, Mengdi and Li, Zhao and Bu, Jiajun},
  booktitle={2024 IEEE 40th International Conference on Data Engineering (ICDE)},
  pages={1199--1212},
  year={2024},
  organization={IEEE}
}

@article{jin2023language,
  title={Language Models As Semantic Indexers},
  author={Jin, Bowen and Zeng, Hansi and Wang, Guoyin and Chen, Xiusi and Wei, Tianxin and Li, Ruirui and Wang, Zhengyang and Li, Zheng and Li, Yang and Lu, Hanqing and others},
  journal={arXiv preprint arXiv:2310.07815},
  year={2023}
}
@inproceedings{zheng2024adapting,
  title={Adapting large language models by integrating collaborative semantics for recommendation},
  author={Zheng, Bowen and Hou, Yupeng and Lu, Hongyu and Chen, Yu and Zhao, Wayne Xin and Chen, Ming and Wen, Ji-Rong},
  booktitle={2024 IEEE 40th International Conference on Data Engineering (ICDE)},
  pages={1435--1448},
  year={2024},
  organization={IEEE}
}

@article{wu2024effectiveness,
  title={On the effectiveness of sampled softmax loss for item recommendation},
  author={Wu, Jiancan and Wang, Xiang and Gao, Xingyu and Chen, Jiawei and Fu, Hongcheng and Qiu, Tianyu},
  journal={ACM Transactions on Information Systems},
  volume={42},
  number={4},
  pages={1--26},
  year={2024},
  publisher={ACM New York, NY}
}

@inproceedings{wu2024bsl,
  title={Bsl: Understanding and improving softmax loss for recommendation},
  author={Wu, Junkang and Chen, Jiawei and Wu, Jiancan and Shi, Wentao and Zhang, Jizhi and Wang, Xiang},
  booktitle={2024 IEEE 40th International Conference on Data Engineering (ICDE)},
  pages={816--830},
  year={2024},
  organization={IEEE}
}

@article{loshchilov2017decoupled,
  title={Decoupled weight decay regularization},
  author={Loshchilov, I},
  journal={arXiv preprint arXiv:1711.05101},
  year={2017}
}

@inproceedings{chen2024macro,
  title={Macro graph neural networks for online billion-scale recommender systems},
  author={Chen, Hao and Bei, Yuanchen and Shen, Qijie and Xu, Yue and Zhou, Sheng and Huang, Wenbing and Huang, Feiran and Wang, Senzhang and Huang, Xiao},
  booktitle={Proceedings of the ACM on Web Conference 2024},
  pages={3598--3608},
  year={2024}
}

@inproceedings{ying2018graph,
  title={Graph convolutional neural networks for web-scale recommender systems},
  author={Ying, Rex and He, Ruining and Chen, Kaifeng and Eksombatchai, Pong and Hamilton, William L and Leskovec, Jure},
  booktitle={Proceedings of the 24th ACM SIGKDD international conference on knowledge discovery \& data mining},
  pages={974--983},
  year={2018}
}
