@inproceedings{aakerberg2003carsim,
  title={CarSim: an automatic 3D text-to-scene conversion system applied to road accident reports},
  author={{\AA}kerberg, Ola and Svensson, Hans and Schulz, Bastian and Nugues, Pierre},
  booktitle={Demonstrations},
  year={2003}
}

@ARTICLE{bouali2023review,
  author={Bouali, Nacir and Cavalli-Sforza, Violetta},
  journal={IEEE Access}, 
  title={A Review of Text-to-Animation Systems}, 
  year={2023},
  volume={11},
  number={},
  pages={86071-86087},
  keywords={Animation;Natural languages;Task analysis;Three-dimensional displays;Data mining;Visualization;Visual systems;Semantics;Natural language interface;natural language understanding;computer graphics;semantic parsing;visual semantics},
  doi={10.1109/ACCESS.2023.3304903}
}

@article{brown2024large,
  title={Large language monkeys: Scaling inference compute with repeated sampling},
  author={Brown, Bradley and Juravsky, Jordan and Ehrlich, Ryan and Clark, Ronald and Le, Quoc V and R{\'e}, Christopher and Mirhoseini, Azalia},
  journal={arXiv preprint arXiv:2407.21787},
  year={2024}
}

@misc{chen2024videocrafter2,
      title={VideoCrafter2: Overcoming Data Limitations for High-Quality Video Diffusion Models}, 
      author={Haoxin Chen and Yong Zhang and Xiaodong Cun and Menghan Xia and Xintao Wang and Chao Weng and Ying Shan},
      year={2024},
      eprint={2401.09047},
      archivePrefix={arXiv},
      primaryClass={cs.CV}
}

@inproceedings{cho2023vpt2i,
  author    = {Jaemin Cho and Abhay Zala and Mohit Bansal},
  title     = {Visual Programming for Text-to-Image Generation and Evaluation},
  booktitle = {NeurIPS},
  year      = {2023},
}

@article{davidson2001logical,
  title={The logical form of action sentences},
  author={Davidson, Donald},
  journal={Essays on actions and events},
  pages={105--148},
  year={2001},
  publisher={Oxford University PressOxford}
}

@inproceedings{gupta2023visprog,
    author    = {Gupta, Tanmay and Kembhavi, Aniruddha},
    title     = {Visual Programming: Compositional Visual Reasoning Without Training},
    booktitle = {Proceedings of the IEEE/CVF Conference on Computer Vision and Pattern Recognition (CVPR)},
    month     = {June},
    year      = {2023},
    pages     = {14953-14962}
}

@inproceedings{hsu2024left,
author = {Hsu, Joy and Mao, Jiayuan and Tenenbaum, Joshua B. and Wu, Jiajun},
title = {What's Left? concept grounding with logic-enhanced foundation models},
year = {2024},
publisher = {Curran Associates Inc.},
address = {Red Hook, NY, USA},
booktitle = {Proceedings of the 37th International Conference on Neural Information Processing Systems},
articleno = {1684},
numpages = {17},
location = {New Orleans, LA, USA},
series = {NIPS '23}
}

@inproceedings{hu2023tifa,
    author    = {Hu, Yushi and Liu, Benlin and Kasai, Jungo and Wang, Yizhong and Ostendorf, Mari and Krishna, Ranjay and Smith, Noah A.},
    title     = {TIFA: Accurate and Interpretable Text-to-Image Faithfulness Evaluation with Question Answering},
    booktitle = {Proceedings of the IEEE/CVF International Conference on Computer Vision (ICCV)},
    month     = {October},
    year      = {2023},
    pages     = {20406-20417}
}

@inproceedings{hu2025scenecraft,
author = {Hu, Ziniu and Iscen, Ahmet and Jain, Aashi and Kipf, Thomas and Yue, Yisong and Ross, David A and Schmid, Cordelia and Fathi, Alireza},
title = {SceneCraft: an LLM agent for synthesizing 3D scenes as blender code},
year = {2025},
publisher = {JMLR.org},
booktitle = {Proceedings of the 41st International Conference on Machine Learning},
articleno = {776},
numpages = {31},
location = {Vienna, Austria},
series = {ICML'24}
}

@misc{liu2024logomotion,
      title={LogoMotion: Visually Grounded Code Generation for Content-Aware Animation}, 
      author={Vivian Liu and Rubaiat Habib Kazi and Li-Yi Wei and Matthew Fisher and Timothy Langlois and Seth Walker and Lydia Chilton},
      year={2024},
      eprint={2405.07065},
      archivePrefix={arXiv},
      primaryClass={cs.HC},
      url={https://arxiv.org/abs/2405.07065}, 
}

@article{luo2023videofusion,
  title={Videofusion: Decomposed diffusion models for high-quality video generation},
  author={Luo, Zhengxiong and Chen, Dayou and Zhang, Yingya and Huang, Yan and Wang, Liang and Shen, Yujun and Zhao, Deli and Zhou, Jingren and Tan, Tieniu},
  journal={arXiv preprint arXiv:2303.08320},
  year={2023}
}

@inproceedings{marti2018cardinal,
    author = {Marti, Marcel and Vieli, Jodok and Wito\'{n}, Wojciech and Sanghrajka, Rushit and Inversini, Daniel and Wotruba, Diana and Simo, Isabel and Schriber, Sasha and Kapadia, Mubbasir and Gross, Markus},
    title = {CARDINAL: Computer Assisted Authoring of Movie Scripts},
    year = {2018},
    isbn = {9781450349451},
    publisher = {Association for Computing Machinery},
    address = {New York, NY, USA},
    url = {https://doi.org/10.1145/3172944.3172972},
    doi = {10.1145/3172944.3172972},
    booktitle = {Proceedings of the 23rd International Conference on Intelligent User Interfaces},
    pages = {509â€“519},
    numpages = {11},
    keywords = {computer-assisted authoring, natural language processing, previz, scriptwriting},
    location = {Tokyo, Japan},
    series = {IUI '18}
}

@misc{parsons1990events,
  title={Events in the Semantics of English},
  author={Parsons, Terence},
  year={1990},
  publisher={MIT press}
}

@article{reddy2016transforming,
    title = "Transforming Dependency Structures to Logical Forms for Semantic Parsing",
    author = {Reddy, Siva  and
      T{\"a}ckstr{\"o}m, Oscar  and
      Collins, Michael  and
      Kwiatkowski, Tom  and
      Das, Dipanjan  and
      Steedman, Mark  and
      Lapata, Mirella},
    editor = "Lee, Lillian  and
      Johnson, Mark  and
      Toutanova, Kristina",
    journal = "Transactions of the Association for Computational Linguistics",
    volume = "4",
    year = "2016",
    address = "Cambridge, MA",
    publisher = "MIT Press",
    url = "https://aclanthology.org/Q16-1010",
    doi = "10.1162/tacl_a_00088",
    pages = "127--140",
}

@InProceedings{sueyoshi2024predicated,
    author    = {Sueyoshi, Kota and Matsubara, Takashi},
    title     = {Predicated Diffusion: Predicate Logic-Based Attention Guidance for Text-to-Image Diffusion Models},
    booktitle = {Proceedings of the IEEE/CVF Conference on Computer Vision and Pattern Recognition (CVPR)},
    month     = {June},
    year      = {2024},
    pages     = {8651-8660}
}

@article{surismenon2023vipergpt,
    title={ViperGPT: Visual Inference via Python Execution for Reasoning},
    author={D\'idac Sur\'is and Sachit Menon and Carl Vondrick},
    journal={Proceedings of IEEE International Conference on Computer Vision (ICCV)},
    year={2023}
}

@inbook{talmy1975motion,
      author = "Leonard Talmy",
      title = "Semantics and Syntax of Motion",
      booktitle = "",
      year = "1975",
      publisher = "Brill",
      address = "Leiden, The Netherlands",
      isbn = "9789004368828",
      doi = "10.1163/9789004368828_008",
      pages=      "181 - 238",
      url = "https://brill.com/view/book/edcoll/9789004368828/BP000008.xml"
}

@misc{tseng2024keyframer,
      title={Keyframer: Empowering Animation Design using Large Language Models}, 
      author={Tiffany Tseng and Ruijia Cheng and Jeffrey Nichols},
      year={2024},
      eprint={2402.06071},
      archivePrefix={arXiv},
      primaryClass={cs.HC},
      url={https://arxiv.org/abs/2402.06071}, 
}

@article{wang2023modelscope,
  title={Modelscope text-to-video technical report},
  author={Wang, Jiuniu and Yuan, Hangjie and Chen, Dayou and Zhang, Yingya and Wang, Xiang and Zhang, Shiwei},
  journal={arXiv preprint arXiv:2308.06571},
  year={2023}
}

@article{zhang2023motion,
    author = {Zhang, Sharon and Ma, Jiaju and Wu, Jiajun and Ritchie, Daniel and Agrawala, Maneesh},
    title = {Editing Motion Graphics Video via Motion Vectorization and Transformation},
    year = {2023},
    doi = {10.1145/3618316},
    journal = {ACM Trans. Graph.},
    month = {dec},
    articleno = {229},
    numpages = {13}
}

