@inproceedings{DBLP:conf/aaai/BiedenkappLEHFH17,
	title = {Efficient Parameter Importance Analysis via Ablation With Surrogates},
	author = {A. Biedenkapp and M. Lindauer and K. Eggensperger and F. Hutter and C. Fawcett and H. Hoos},
	editor = {S. Singh and S. Markovitch},
	booktitle = {Proceedings of the Thirty-First {AAAI} Conference on Artificial Intelligence,
                  February 4-9, 2017, San Francisco, California, {USA}},
	pages = {773--779},
	year = {2017}
}

@inproceedings{DBLP:conf/automl/SegelGTBL23,
	title = {Symbolic Explanations for Hyperparameter Optimization},
	author = {S. Segel and H. Graf and A. Tornede and B. Bischl and M. Lindauer},
	editor = {A. Faust and R. Garnett and C. White and F. Hutter and J. Gardner},
	booktitle = {International Conference on Automated Machine Learning, 12-15 November
                  2023, Hasso Plattner Institute, Potsdam, Germany},
	volume = {224},
	pages = {2/1--22},
	year = {2023}
}

@inproceedings{DBLP:conf/cec/Smith-MilesT12,
	title = {Measuring Algorithm Footprints in Instance Space},
	author = {K. Smith{-}Miles and T. Tan},
	booktitle = {Proceedings of the {IEEE} Congress on Evolutionary Computation, {CEC}
                  2012, Brisbane, Australia, June 10-15, 2012},
	pages = {1--8},
	year = {2012}
}

@inproceedings{DBLP:conf/gecco/PushakH20a,
	title = {Golden Parameter Search: Exploiting Structure to Quickly Configure Parameters in Parallel},
	author = {Y. Pushak and H. Hoos},
	editor = {C. Artemio Coello Coello},
	booktitle = {{GECCO} '20: Genetic and Evolutionary Computation Conference, Canc{\'{u}}n
                  Mexico, July 8-12, 2020},
	pages = {245--253},
	year = {2020}
}

@inproceedings{DBLP:conf/ijcai/WatanabeBH23,
	title = {{PED-ANOVA:} Efficiently Quantifying Hyperparameter Importance in Arbitrary Subspaces},
	author = {S. Watanabe and A. Bansal and F. Hutter},
	booktitle = {Proceedings of the Thirty-Second International Joint Conference on
                  Artificial Intelligence, {IJCAI} 2023, 19th-25th August 2023, Macao,
                  SAR, China},
	pages = {4389--4396},
	year = {2023}
}

@inproceedings{DBLP:conf/kdd/RijnH18,
	title = {Hyperparameter Importance Across Datasets},
	author = {J. van Rijn and F. Hutter},
	editor = {Y. Guo and F. Farooq},
	booktitle = {Proceedings of the 24th {ACM} {SIGKDD} International Conference on
                  Knowledge Discovery {\&} Data Mining, {KDD} 2018, London, UK,
                  August 19-23, 2018},
	pages = {2367--2376},
	year = {2018}
}

@inproceedings{DBLP:conf/nips/MoosbauerHCLB21,
	title = {Explaining Hyperparameter Optimization via Partial Dependence Plots},
	author = {J. Moosbauer and J. Herbinger and G. Casalicchio and M. Lindauer and B. Bischl},
	editor = {M. Ranzato and A. Beygelzimer and Y. Dauphin and P. Liang and J. Wortman Vaughan},
	booktitle = {Advances in Neural Information Processing Systems 34: Annual Conference
                  on Neural Information Processing Systems 2021, NeurIPS 2021, December
                  6-14, 2021, virtual},
	pages = {2280--2291},
	year = {2021}
}

@inproceedings{DBLP:conf/ppsn/SchneiderSPBTK22,
	title = {{HPO} {\(^\times\)} {ELA:} Investigating Hyperparameter Optimization Landscapes by Means of Exploratory Landscape Analysis},
	author = {L. Schneider and L. Sch{\"{a}}permeier and R. Patrick Prager and B. Bischl and H. Trautmann and P. Kerschke},
	editor = {G. Rudolph and A. Kononova and H. Aguirre and P. Kerschke and G. Ochoa and T. Tusar},
	booktitle = {Parallel Problem Solving from Nature - {PPSN} {XVII} - 17th International
                  Conference, {PPSN} 2022, Dortmund, Germany, September 10-14, 2022,
                  Proceedings, Part {I}},
	volume = {13398},
	pages = {575--589},
	year = {2022}
}

@article{DBLP:journals/jscic/NovelloPLC23,
	title = {Goal-oriented Sensitivity Analysis of Hyperparameters in Deep Learning},
	author = {P. Novello and G. Po{\"{e}}tte and D. Lugato and P. Marco Congedo},
	journal = {J. Sci. Comput.},
	volume = {94},
	number = {3},
	pages = {45},
	year = {2023}
}

@article{DBLP:journals/telo/PushakH22,
	title = {{AutoML} Loss Landscapes},
	author = {Y. Pushak and H. Hoos},
	journal = {{ACM} Trans. Evol. Learn. Optim.},
	volume = {2},
	number = {3},
	pages = {10:1--10:30},
	year = {2022}
}

@article{Fawcett-jh16a,
	title = {Analysing Differences Between Algorithm Configurations Through Ablation},
	author = {C. Fawcett and H. Hoos},
	journal = {J. Heuristics},
	volume = {22},
	number = {4},
	pages = {431--458},
	year = {2016}
}

@incollection{Shapley.1953,
	title = {{A Value for N-person Games}},
	author = {L. Shapley},
	booktitle = {Contributions to the Theory of Games (AM-28), Volume II},
	pages = {307--318},
	year = {1953}
}

@article{Tsai.2022,
	title = {{Faith-Shap: The Faithful Shapley Interaction Index}},
	author = {C. Tsai and C. Yeh and P. Ravikumar},
	journal = {Journal of Machine Learning Research},
	volume = {24},
	number = {94},
	pages = {1--42},
	year = {2023}
}

@article{elShawiTuneOrNotTune,
	title = {To Tune or not to Tune? An Approach for Recommending Important Hyperparameters},
	author = {M. Bahmani and R. El Shawi and N. Potikyan and S. Sakr},
	journal = {arXiv:2108.13066},
	year = {2021}
}

@inproceedings{fANOVA,
	title = {An Efficient Approach for Assessing Hyperparameter Importance},
	author = {F. Hutter and H. Hoos and K. Leyton{-}Brown},
	booktitle = {Proceedings of the 31th International Conference on Machine Learning,
                  {ICML} 2014, Beijing, China, 21-26 June 2014},
	volume = {32},
	pages = {754--762},
	year = {2014}
}

@article{tunability,
	title = {Tunability: Importance of Hyperparameters of Machine Learning Algorithms},
	author = {P. Probst and A. Boulesteix and B. Bischl},
	journal = {J. Mach. Learn. Res.},
	volume = {20},
	pages = {53:1--53:32},
	year = {2019}
}

@article{zimmer-tpami21a,
	title = {Auto-pytorch Tabular: Multi-fidelity {MetaLearning} for Efficient and Robust {AutoDL}},
	author = {L. Zimmer and M. Lindauer and F. Hutter},
	journal = {IEEE Transactions on Pattern Analysis and Machine Intelligence},
	pages = {3079 - 3090},
	year = {2021},
	note = {also available under https://arxiv.org/abs/2006.13799}
}

