@inproceedings{eggensperger-neurips21a,
	title = {{HPOBench}: {A} Collection of Reproducible Multi-fidelity Benchmark Problems for {HPO}},
	author = {K. Eggensperger and P. M{\"{u}}ller and N. Mallik and M. Feurer and R. Sass and A. Klein and N. Awad and M. Lindauer and F. Hutter},
	editor = {J. Vanschoren and S. Yeung},
	booktitle = {Proceedings of the Neural Information Processing Systems Track on
                  Datasets and Benchmarks 1},
	year = {2021}
}


@inproceedings{wever-automlicml18a,
	title = {{ML-Plan} for Unlimited-length Machine Learning Pipelines},
	author = {M. Wever and F. Mohr and E. H{\"u}llermeier},
	booktitle = {ICML 2018 AutoML Workshop},
	year = {2018}
}


@inproceedings{Hutter-lion11a,
	title = {Sequential Model-based Optimization for General Algorithm Configuration},
	author = {F. Hutter and H. Hoos and K. Leyton{-}Brown},
	editor = {C. Coello Coello},
	booktitle = {Learning and Intelligent Optimization - 5th International Conference,
                  {LION} 5, Rome, Italy, January 17-21, 2011. Selected Papers},
	volume = {6683},
	pages = {507--523},
	year = {2011}
}


@inproceedings{OlsonM16,
	title = {{TPOT:} {A} Tree-based Pipeline Optimization Tool for Automating Machine Learning},
	author = {R. Olson and J. Moore},
	editor = {F. Hutter and L. Kotthoff and J. Vanschoren},
	booktitle = {Proceedings of the 2016 Workshop on Automatic Machine Learning},
	volume = {64},
	pages = {66--74},
	year = {2016}
}


@article{FeurerEFLH22,
	title = {Auto-sklearn 2.0: Hands-free {AutoML} via Meta-learning},
	author = {M. Feurer and K. Eggensperger and S. Falkner and M. Lindauer and F. Hutter},
	journal = {J. Mach. Learn. Res.},
	volume = {23},
	pages = {261:1--261:61},
	year = {2022}
}


@inproceedings{HeffetzVKR20,
	title = {{DeepLine}: {AutoML} Tool for Pipelines Generation Using Deep Reinforcement Learning and Hierarchical Actions Filtering},
	author = {Y. Heffetz and R. Vainshtein and G. Katz and L. Rokach},
	editor = {R. Gupta and Y. Liu and J. Tang and B. Aditya Prakash},
	booktitle = {{KDD} '20: The 26th {ACM} {SIGKDD} Conference on Knowledge Discovery
                  and Data Mining},
	pages = {2103--2113},
	year = {2020}
}


@inproceedings{HvarfnerHN24,
	title = {A General Framework for User-guided Bayesian Optimization},
	author = {C. Hvarfner and F. Hutter and L. Nardi},
	booktitle = {The Twelfth International Conference on Learning Representations,
                  {ICLR}},
	year = {2024}
}


@inproceedings{LindauerKKMT0HF24,
	title = {Position: {A} Call to Action for a Human-centered {AutoML} Paradigm},
	author = {M. Lindauer and F. Karl and A. Klier and J. Moosbauer and A. Tornede and A. M{\"{u}}ller and F. Hutter and M. Feurer and B. Bischl},
	booktitle = {Forty-first International Conference on Machine Learning, {ICML}},
	year = {2024}
}


@article{Bergstra-jair12a,
	title = {Random Search for Hyper-parameter Optimization},
	author = {J. Bergstra and Y. Bengio},
	journal = {J. Mach. Learn. Res.},
	volume = {13},
	pages = {281--305},
	year = {2012}
}


@article{Fawcett-jh16a,
	title = {Analysing Differences Between Algorithm Configurations Through Ablation},
	author = {C. Fawcett and H. Hoos},
	journal = {J. Heuristics},
	volume = {22},
	number = {4},
	pages = {431--458},
	year = {2016}
}


@inproceedings{fANOVA,
	title = {An Efficient Approach for Assessing Hyperparameter Importance},
	author = {F. Hutter and H. Hoos and K. Leyton{-}Brown},
	booktitle = {Proceedings of the 31th International Conference on Machine Learning,
                  {ICML} 2014, Beijing, China, 21-26 June 2014},
	volume = {32},
	pages = {754--762},
	year = {2014}
}


@article{tunability,
	title = {Tunability: Importance of Hyperparameters of Machine Learning Algorithms},
	author = {P. Probst and A. Boulesteix and B. Bischl},
	journal = {J. Mach. Learn. Res.},
	volume = {20},
	pages = {53:1--53:32},
	year = {2019}
}


@inproceedings{DBLP:conf/kdd/RijnH18,
	title = {Hyperparameter Importance Across Datasets},
	author = {J. van Rijn and F. Hutter},
	editor = {Y. Guo and F. Farooq},
	booktitle = {Proceedings of the 24th {ACM} {SIGKDD} International Conference on
                  Knowledge Discovery {\&} Data Mining, {KDD} 2018, London, UK,
                  August 19-23, 2018},
	pages = {2367--2376},
	year = {2018}
}


@inproceedings{DBLP:conf/automl/SegelGTBL23,
	title = {Symbolic Explanations for Hyperparameter Optimization},
	author = {S. Segel and H. Graf and A. Tornede and B. Bischl and M. Lindauer},
	editor = {A. Faust and R. Garnett and C. White and F. Hutter and J. Gardner},
	booktitle = {International Conference on Automated Machine Learning, 12-15 November
                  2023, Hasso Plattner Institute, Potsdam, Germany},
	volume = {224},
	pages = {2/1--22},
	year = {2023}
}


@inproceedings{DBLP:conf/nips/MoosbauerHCLB21,
	title = {Explaining Hyperparameter Optimization via Partial Dependence Plots},
	author = {J. Moosbauer and J. Herbinger and G. Casalicchio and M. Lindauer and B. Bischl},
	editor = {M. Ranzato and A. Beygelzimer and Y. Dauphin and P. Liang and J. Wortman Vaughan},
	booktitle = {Advances in Neural Information Processing Systems 34: Annual Conference
                  on Neural Information Processing Systems 2021, NeurIPS 2021, December
                  6-14, 2021, virtual},
	pages = {2280--2291},
	year = {2021}
}


@article{Fujimoto.2006,
	title = {{Axiomatic Characterizations of Probabilistic and Cardinal-probabilistic Interaction indices}},
	author = {K. Fujimoto and I. Kojadinovic and J. Marichal},
	journal = {Games and Economic Behavior},
	volume = {55},
	number = {1},
	pages = {72--99},
	year = {2006}
}


@inproceedings{DBLP:conf/gecco/PushakH20a,
	title = {Golden Parameter Search: Exploiting Structure to Quickly Configure Parameters in Parallel},
	author = {Y. Pushak and H. Hoos},
	editor = {C. Artemio Coello Coello},
	booktitle = {{GECCO} '20: Genetic and Evolutionary Computation Conference, Canc{\'{u}}n
                  Mexico, July 8-12, 2020},
	pages = {245--253},
	year = {2020}
}


@incollection{Shapley.1953,
	title = {{A Value for N-person Games}},
	author = {L. Shapley},
	booktitle = {Contributions to the Theory of Games (AM-28), Volume II},
	pages = {307--318},
	year = {1953}
}


@inproceedings{DBLP:conf/ijcai/RozemberczkiWBY22,
	title = {The Shapley Value in Machine Learning},
	author = {B. Rozemberczki and L. Watson and P. Bayer and H. Yang and O. Kiss and S. Nilsson and R. Sarkar},
	booktitle = {Proceedings of International Joint Conference on Artificial Intelligence {(IJCAI)}},
	pages = {5572--5579},
	year = {2022}
}


@inproceedings{Lundberg.2017,
	title = {{A Unified Approach to Interpreting Model Predictions}},
	author = {S. Lundberg and S. Lee},
	booktitle = {Proceedings of Advances in Neural Information Processing Systems {(NeurIPS)}},
	pages = {4765--4774},
	year = {2017}
}


@inproceedings{Ghorbani.2019,
	title = {Data Shapley: Equitable Valuation of Data for Machine Learning},
	author = {A. Ghorbani and J. Zou},
	booktitle = {Proceedings of the International Conference on Machine Learning {(ICML)}},
	pages = {2242--2251},
	year = {2019}
}


@article{Grabisch.1999,
	title = {{An Axiomatic Approach to the Concept of Interaction Among Players in Cooperative games}},
	author = {M. Grabisch and M. Roubens},
	journal = {International Journal of Game Theory},
	volume = {28},
	number = {4},
	pages = {547--565},
	year = {1999}
}


@article{Lundberg.2020,
	title = {{From Local Explanations to Global Understanding With Explainable {AI} for trees}},
	author = {S. Lundberg and G. Erion and H. Chen and A. DeGrave and J. Prutkin and B. Nair and R. Katz and J. Himmelfarb and N. Bansal and S. Lee},
	journal = {Nature Machine Intelligence},
	volume = {2},
	number = {1},
	pages = {56--67},
	year = {2020}
}


@inproceedings{Bord.2023,
	title = {{From Shapley Values to Generalized Additive Models and back}},
	author = {S. Bordt and U. von Luxburg},
	booktitle = {Proceedings of the International Conference on Artificial Intelligence and Statistics {(AISTATS)}},
	pages = {709--745},
	year = {2023}
}


@article{Tsai.2022,
	title = {{Faith-Shap: The Faithful Shapley Interaction Index}},
	author = {C. Tsai and C. Yeh and P. Ravikumar},
	journal = {Journal of Machine Learning Research},
	volume = {24},
	number = {94},
	pages = {1--42},
	year = {2023}
}


@inproceedings{Sundararajan.2020,
	title = {{The Shapley Taylor Interaction Index}},
	author = {M. Sundararajan and K. Dhamdhere and A. Agarwal},
	booktitle = {Proceedings of the International Conference on Machine Learning {(ICML)}},
	pages = {9259--9268},
	year = {2020}
}


@inbook{Charnes.1988,
	title = {Extremal Principle Solutions of Games in Characteristic Function Form: Core, Chebychev and Shapley Value Generalizations},
	author = {A. Charnes and B. Golany and M. Keane and J. Rousseau},
	booktitle = {Econometrics of Planning and Efficiency},
	volume = {11},
	pages = {123â€“133},
	year = {1988}
}


@incollection{rota1964foundations,
	title = {On the Foundations of Combinatorial Theory: I. Theory of M{\"o}bius Functions},
	author = {G. Rota},
	booktitle = {Classic Papers in Combinatorics},
	pages = {332--360},
	year = {1964}
}


@article{harsanyi1963simplified,
	title = {A Simplified Bargaining Model for the N-person Cooperative Game},
	author = {J. Harsanyi},
	journal = {International Economic Review},
	volume = {4},
	number = {2},
	pages = {194--220},
	year = {1963}
}


@book{Grabisch.2016,
	title = {Set Functions, Games and Capacities in Decision Making},
	author = {M. Grabisch},
	volume = {46},
	year = {2016}
}


@article{Grabisch.2000,
	title = {Equivalent Representations of Set Functions},
	author = {M. Grabisch and J. Marichal and M. Roubens},
	journal = {Mathematics of Operations Research},
	volume = {25},
	number = {2},
	pages = {157--178},
	year = {2000}
}


@article{elShawiTuneOrNotTune,
	title = {To Tune or not to Tune? An Approach for Recommending Important Hyperparameters},
	author = {M. Bahmani and R. El Shawi and N. Potikyan and S. Sakr},
	journal = {arXiv:2108.13066},
	year = {2021}
}


@inproceedings{DBLP:conf/ijcai/WatanabeBH23,
	title = {{PED-ANOVA:} Efficiently Quantifying Hyperparameter Importance in Arbitrary Subspaces},
	author = {S. Watanabe and A. Bansal and F. Hutter},
	booktitle = {Proceedings of the Thirty-Second International Joint Conference on
                  Artificial Intelligence, {IJCAI} 2023, 19th-25th August 2023, Macao,
                  SAR, China},
	pages = {4389--4396},
	year = {2023}
}


@inproceedings{DBLP:conf/aaai/BiedenkappLEHFH17,
	title = {Efficient Parameter Importance Analysis via Ablation With Surrogates},
	author = {A. Biedenkapp and M. Lindauer and K. Eggensperger and F. Hutter and C. Fawcett and H. Hoos},
	editor = {S. Singh and S. Markovitch},
	booktitle = {Proceedings of the Thirty-First {AAAI} Conference on Artificial Intelligence,
                  February 4-9, 2017, San Francisco, California, {USA}},
	pages = {773--779},
	year = {2017}
}


@inproceedings{DBLP:conf/cec/Smith-MilesT12,
	title = {Measuring Algorithm Footprints in Instance Space},
	author = {K. Smith{-}Miles and T. Tan},
	booktitle = {Proceedings of the {IEEE} Congress on Evolutionary Computation, {CEC}
                  2012, Brisbane, Australia, June 10-15, 2012},
	pages = {1--8},
	year = {2012}
}


@article{DBLP:journals/telo/PushakH22,
	title = {{AutoML} Loss Landscapes},
	author = {Y. Pushak and H. Hoos},
	journal = {{ACM} Trans. Evol. Learn. Optim.},
	volume = {2},
	number = {3},
	pages = {10:1--10:30},
	year = {2022}
}


@inproceedings{DBLP:conf/ppsn/SchneiderSPBTK22,
	title = {{HPO} {\(^\times\)} {ELA:} Investigating Hyperparameter Optimization Landscapes by Means of Exploratory Landscape Analysis},
	author = {L. Schneider and L. Sch{\"{a}}permeier and R. Patrick Prager and B. Bischl and H. Trautmann and P. Kerschke},
	editor = {G. Rudolph and A. Kononova and H. Aguirre and P. Kerschke and G. Ochoa and T. Tusar},
	booktitle = {Parallel Problem Solving from Nature - {PPSN} {XVII} - 17th International
                  Conference, {PPSN} 2022, Dortmund, Germany, September 10-14, 2022,
                  Proceedings, Part {I}},
	volume = {13398},
	pages = {575--589},
	year = {2022}
}


@article{zimmer-tpami21a,
	title = {Auto-pytorch Tabular: Multi-fidelity {MetaLearning} for Efficient and Robust {AutoDL}},
	author = {L. Zimmer and M. Lindauer and F. Hutter},
	journal = {IEEE Transactions on Pattern Analysis and Machine Intelligence},
	pages = {3079 - 3090},
	year = {2021},
	note = {also available under https://arxiv.org/abs/2006.13799}
}


@article{wang-jmlr24,
	title = {Pre-trained {G}aussian Processes for {B}ayesian Optimization},
	author = {Z. Wang and G. Dahl and K. Swersky and C. Lee and Z. Mariet and Z. Nado and J. Gilmer and J. Snoek and Z. Ghahramani},
	journal = {J. Mach. Learn. Res.},
	year = {2024}
}


@inproceedings{bansal-neurips22a,
	title = {{JAHS}-Bench-201: A Foundation For Research On Joint Architecture And Hyperparameter Search},
	author = {A. Bansal and D. Stoll and M. Janowski and A. Zela and F. Hutter},
	editor = {S. Koyejo and S. Mohamed and A. Agarwal and D. Belgrave and K. Cho and A. Oh},
	booktitle = {Proceedings of the 36th International Conference on Advances in Neural Information Processing Systems ({N}eur{IPS}'22)},
	year = {2022}
}


@article{hpiForMLA,
	title = {Hyperparameter Importance for Machine Learning Algorithms},
	author = {H. Jin},
	journal = {arXiv:2201.05132},
	year = {2022}
}


@article{DBLP:journals/widm/BischlBLPRCTUBBDL23,
	title = {Hyperparameter Optimization: Foundations, Algorithms, Best Practices, and Open Challenges},
	author = {B. Bischl and M. Binder and M. Lang and T. Pielok and J. Richter and S. Coors and J. Thomas and T. Ullmann and M. Becker and A. Boulesteix and D. Deng and M. Lindauer},
	journal = {WIREs Data. Mining. Knowl. Discov.},
	volume = {13},
	number = {2},
	year = {2023}
}


@inproceedings{DBLP:conf/dis/SharmaRHM19,
	title = {Hyperparameter Importance for Image Classification by Residual Neural Networks},
	author = {A. Sharma and J. van Rijn and F. Hutter and A. M{\"{u}}ller},
	editor = {P. Kralj Novak and T. Smuc and S. Dzeroski},
	booktitle = {Discovery Science - 22nd International Conference, {DS} 2019, Split,
                  Croatia, October 28-30, 2019, Proceedings},
	volume = {11828},
	pages = {112--126},
	year = {2019}
}


@article{moo-fANOVA,
	title = {Hyperparameter Importance Analysis for Multi-objective {AutoML}},
	author = {D. Theodorakopoulos and F. Stahl and M. Lindauer},
	journal = {arXiv:2405.07640},
	year = {2024}
}


@article{lindauer-jmlr22a,
	title = {{SMAC3}: A Versatile Bayesian Optimization Package for Hyperparameter Optimization},
	author = {M. Lindauer and K. Eggensperger and M. Feurer and A. Biedenkapp and D. Deng and C. Benjamins and T. Ruhkopf and R. Sass and F. Hutter},
	journal = {Journal of Machine Learning Research},
	volume = {23},
	number = {54},
	pages = {1--9},
	year = {2022}
}


@inproceedings{DBLP:conf/automl/PfistererSMBB22,
	title = {{YAHPO} Gym - An Efficient Multi-objective Multi-fidelity Benchmark for Hyperparameter Optimization},
	author = {F. Pfisterer and L. Schneider and J. Moosbauer and M. Binder and B. Bischl},
	editor = {I. Guyon and M. Lindauer and M. van der Schaar and F. Hutter and R. Garnett},
	booktitle = {International Conference on Automated Machine Learning, AutoML 2022,
                  25-27 July 2022, Johns Hopkins University, Baltimore, MD, {USA}},
	volume = {188},
	pages = {3/1--39},
	year = {2022}
}


@article{DBLP:journals/jscic/NovelloPLC23,
	title = {Goal-oriented Sensitivity Analysis of Hyperparameters in Deep Learning},
	author = {P. Novello and G. Po{\"{e}}tte and D. Lugato and P. Marco Congedo},
	journal = {J. Sci. Comput.},
	volume = {94},
	number = {3},
	pages = {45},
	year = {2023}
}


@inproceedings{DBLP:conf/icml/FumagalliMKHH24,
	title = {Kernelshap-iq: Weighted Least Square Optimization for Shapley Interactions},
	author = {F. Fumagalli and M. Muschalik and P. Kolpaczki and E. H{\"{u}}llermeier and B. Hammer},
	booktitle = {Forty-first International Conference on Machine Learning, {ICML} 2024,
                  Vienna, Austria, July 21-27, 2024},
	year = {2024}
}


@inproceedings{Fumagalli.2023,
	title = {{SHAP}-{IQ}: Unified Approximation of Any-order Shapley Interactions},
	author = {F. Fumagalli and M. Muschalik and P. Kolpaczki and E. H{\"u}llermeier and B. Eva Hammer},
	booktitle = {Thirty-seventh Conference on Neural Information Processing Systems {(NeurIPS 2023)}},
	year = {2023}
}


@inproceedings{Muschalik.2024,
	title = {Shapiq: Shapley Interactions for Machine Learning},
	author = {M. Muschalik and H. Baniecki and F. Fumagalli and P. Kolpaczki and B. Hammer and E. H{\"u}llermeier},
	booktitle = {The Thirty-eight Conference on Neural Information Processing Systems Datasets and Benchmarks Track},
	year = {2024}
}


@article{llmFinetuningHPO,
	title = {Hyperparameter Optimization for Large Language Model Instruction-tuning},
	author = {C. Tribes and S. Benarroch{-}Lelong and P. Lu and I. Kobyzev},
	journal = {arXiv:2312.00949},
	year = {2023}
}


@inproceedings{DBLP:conf/automl/00010A23,
	title = {Cost-effective Hyperparameter Optimization for Large Language Model Generation Inference},
	author = {C. Wang and X. Liu and A. Hassan Awadallah},
	editor = {A. Faust and R. Garnett and C. White and F. Hutter and J. Gardner},
	booktitle = {International Conference on Automated Machine Learning, 12-15 November
                  2023, Hasso Plattner Institute, Potsdam, Germany},
	volume = {224},
	pages = {21/1--17},
	year = {2023}
}


@inproceedings{DBLP:conf/acl/YinCSJCL20,
	title = {{AutoTinyBERT}: Automatic Hyper-parameter Optimization for Efficient Pre-trained Language Models},
	author = {Y. Yin and C. Chen and L. Shang and X. Jiang and X. Chen and Q. Liu},
	editor = {C. Zong and F. Xia and W. Li and R. Navigli},
	booktitle = {Proceedings of the 59th Annual Meeting of the Association for Computational
                  Linguistics and the 11th International Joint Conference on Natural
                  Language Processing, {ACL/IJCNLP} 2021, (Volume 1: Long Papers), Virtual
                  Event, August 1-6, 2021},
	pages = {5146--5157},
	year = {2021}
}


@inproceedings{DBLP:conf/aaai/MuschalikFHH24,
	title = {Beyond {TreeSHAP}: Efficient Computation of Any-order Shapley Interactions for Tree Ensembles},
	author = {M. Muschalik and F. Fumagalli and B. Hammer and E. H{\"{u}}llermeier},
	booktitle = {Thirty-Eighth {AAAI} Conference on Artificial Intelligence, ({AAAI} 2024)},
	pages = {14388--14396},
	year = {2024}
}


@inproceedings{Xin2021,
	title = {Whither {AutoML?} Understanding the Role of Automation in Machine Learning Workflows},
	author = {D. Xin and E. Yiwei Wu and D. Jung Lin Lee and N. Salehi and A. Parameswaran},
	editor = {Y. Kitamura and A. Quigley and K. Isbister and T. Igarashi and P. Bj{\o}rn and S. Mark Drucker},
	booktitle = {{CHI} '21: {CHI} Conference on Human Factors in Computing Systems,
                  Virtual Event / Yokohama, Japan, May 8-13, 2021},
	pages = {83:1--83:16},
	year = {2021}
}


@inproceedings{Drozdal2020,
	title = {Trust in {AutoML}: Exploring Information Needs for Establishing Trust in Automated Machine Learning Systems},
	author = {J. Drozdal and J. Weisz and D. Wang and G. Dass and B. Yao and C. Zhao and M. Muller and L. Ju and H. Su},
	editor = {F. Patern{\`{o}} and N. Oliver and C. Conati and L. Davide Spano and N. Tintarev},
	booktitle = {{IUI} '20: 25th International Conference on Intelligent User Interfaces,
                  Cagliari, Italy, March 17-20, 2020},
	pages = {297--307},
	year = {2020}
}


@article{Wang2019a,
	title = {Human-ai Collaboration in Data Science: Exploring Data Scientists' Perceptions of Automated {AI}},
	author = {D. Wang and J. Weisz and M. Muller and P. Ram and W. Geyer and C. Dugan and Y. Tausczik and H. Samulowitz and A. Gray},
	journal = {Proc. {ACM} Hum. Comput. Interact.},
	volume = {3},
	number = {{CSCW}},
	pages = {211:1--211:24},
	year = {2019}
}


@phdthesis{Bouthillier2020,
	title = {Survey of Machine-learning Experimental Methods at {NeurIPS2019} and {ICLR2020}},
	author = {X. Bouthillier and G. Varoquaux},
	year = {2020}
}


@article{Hasebrook2023,
	title = {Practitioner Motives to Select Hyperparameter Optimization Methods},
	author = {N. Hasebrook and F. Morsbach and N. Kannengie{\ss}er and M. ZÃ¶ller and J. Franke and M. Lindauer and F. Hutter and A. Sunyaev},
	journal = {arXiv:2203.01717},
	year = {2023}
}


@inproceedings{Simon2023,
	title = {Exploring Hyperparameter Usage and Tuning in Machine Learning Research},
	author = {S. Simon and N. Kolyada and C. Akiki and M. Potthast and B. Stein and N. Siegmund},
	booktitle = {2nd {IEEE/ACM} International Conference on {AI} Engineering - Software
                  Engineering for AI, {CAIN} 2023, Melbourne, Australia, May 15-16,
                  2023},
	pages = {68--79},
	year = {2023}
}


@article{Lee2020,
	title = {A Human-in-the-loop Perspective on {AutoML}: Milestones and the Road Ahead},
	author = {D. Jung Lin Lee and S. Macke and D. Xin and A. Lee and S. Huang and A. Parameswaran},
	journal = {{IEEE} Data Eng. Bull.},
	volume = {42},
	number = {2},
	pages = {59--70},
	year = {2019}
}


@inproceedings{Sun2023,
	title = {{AutoML} in The Wild: Obstacles, Workarounds, and Expectations},
	author = {Y. Sun and Q. Song and X. Gui and F. Ma and T. Wang},
	editor = {A. Schmidt and K. V{\"{a}}{\"{a}}n{\"{a}}nen and T. Goyal and P. Ola Kristensson and A. Peters and S. Mueller and J. Williamson and M. Wilson},
	booktitle = {Proceedings of the 2023 {CHI} Conference on Human Factors in Computing
                  Systems, {CHI} 2023, Hamburg, Germany, April 23-28, 2023},
	pages = {247:1--247:15},
	year = {2023}
}


@article{Lex2014UpSet,
	title = {{UpSet}: Visualization of Intersecting Sets},
	author = {A. Lex and N. Gehlenborg and H. Strobelt and R. Vuillemot and H. Pfister},
	journal = {IEEE Transactions on Visualization and Computer Graphics},
	volume = {20},
	number = {12},
	pages = {1983--1992},
	year = {2014}
}


@inproceedings{Sundararajan.2020b,
	title = {{The Many Shapley Values for Model Explanation}},
	author = {M. Sundararajan and A. Najmi},
	booktitle = {Proceedings of the International Conference on Machine Learning {(ICML)}},
	pages = {9269--9278},
	year = {2020}
}


@article{sturmfels2020visualizing,
	title = {{Visualizing the Impact of Feature Attribution Baselines}},
	author = {P. Sturmfels and S. Lundberg and S. Lee},
	journal = {Distill},
	year = {2020},
	note = {https://distill.pub/2020/attribution-baselines}
}


@misc{Fumagalli.2024a,
	title = {{Unifying Feature-based Explanations With Functional {ANOVA} and Cooperative Game Theory}},
	author = {F. Fumagalli and M. Muschalik and E. HÃ¼llermeier and B. Hammer and J. Herbinger},
	journal = {arXiv:2412.17152},
	year = {2024}
}


@article{Owen_2013,
	title = {{Variance Components and Generalized Sobolâ€™ Indices}},
	author = {A. Owen},
	journal = {SIAM/ASA Journal on Uncertainty Quantification},
	volume = {1},
	number = {1},
	pages = {19â€“41},
	year = {2013}
}


@inproceedings{snoek-icml14a,
	title = {Input Warping for Bayesian Optimization of Non-stationary Functions},
	author = {J. Snoek and K. Swersky and R. Zemel and R. Adams},
	booktitle = {Proceedings of the 31th International Conference on Machine Learning,
                  {ICML} 2014, Beijing, China, 21-26 June 2014},
	volume = {32},
	pages = {1674--1682},
	year = {2014}
}


@article{wever-tpami21a,
	title = {{AutoML} for Multi-label Classification: Overview and Empirical Evaluation},
	author = {M. Wever and A. Tornede and F. Mohr and E. H{\"{u}}llermeier},
	journal = {{IEEE} Trans. Pattern Anal. Mach. Intell.},
	volume = {43},
	number = {9},
	pages = {3037--3054},
	year = {2021}
}


@inproceedings{feurer-nips15a,
	title = {Efficient and Robust Automated Machine Learning},
	author = {M. Feurer and A. Klein and K. Eggensperger and J. Tobias Springenberg and M. Blum and F. Hutter},
	editor = {C. Cortes and N. Lawrence and D. Lee and M. Sugiyama and R. Garnett},
	booktitle = {Advances in Neural Information Processing Systems 28: Annual Conference
                  on Neural Information Processing Systems 2015, December 7-12, 2015,
                  Montreal, Quebec, Canada},
	pages = {2962--2970},
	year = {2015}
}



@article{LMU,
  author       = {Julian Rodemann and
                  Federico Croppi and
                  Philipp Arens and
                  Yusuf Sale and
                  Julia Herbinger and
                  Bernd Bischl and
                  Eyke H{\"{u}}llermeier and
                  Thomas Augustin and
                  Conor J. Walsh and
                  Giuseppe Casalicchio},
  title        = {Explaining Bayesian Optimization by Shapley Values Facilitates Human-AI
                  Collaboration},
  journal      = {CoRR},
  volume       = {abs/2403.04629},
  year         = {2024},
  url          = {https://doi.org/10.48550/arXiv.2403.04629},
  doi          = {10.48550/ARXIV.2403.04629},
  eprinttype    = {arXiv},
  eprint       = {2403.04629},
  timestamp    = {Mon, 04 Nov 2024 22:25:44 +0100},
  biburl       = {https://dblp.org/rec/journals/corr/abs-2403-04629.bib},
  bibsource    = {dblp computer science bibliography, https://dblp.org}
}

