@article{Grokking,
  author       = {Alethea Power and
                  Yuri Burda and
                  Harrison Edwards and
                  Igor Babuschkin and
                  Vedant Misra},
  title        = {Grokking: Generalization Beyond Overfitting on Small Algorithmic Datasets},
  journal      = {CoRR},
  volume       = {abs/2201.02177},
  year         = {2022},
  url          = {https://arxiv.org/abs/2201.02177},
  eprinttype    = {arXiv},
  eprint       = {2201.02177},
  timestamp    = {Mon, 10 Jan 2022 13:39:01 +0100},
  biburl       = {https://dblp.org/rec/journals/corr/abs-2201-02177.bib},
  bibsource    = {dblp computer science bibliography, https://dblp.org}
}

@inproceedings{Rabanser2019detect_shift,
 author = {Rabanser, Stephan and G\"{u}nnemann, Stephan and Lipton, Zachary},
 booktitle = {Advances in Neural Information Processing Systems},
 editor = {H. Wallach and H. Larochelle and A. Beygelzimer and F. d\textquotesingle Alch\'{e}-Buc and E. Fox and R. Garnett},
 pages = {},
 publisher = {Curran Associates, Inc.},
 title = {Failing Loudly: An Empirical Study of Methods for Detecting Dataset Shift},
 url = {https://proceedings.neurips.cc/paper_files/paper/2019/file/846c260d715e5b854ffad5f70a516c88-Paper.pdf},
 volume = {32},
 year = {2019}
}

@article{levi2023grokkingLinear,
  author       = {Noam Levi and
                  Alon Beck and
                  Yohai Bar{-}Sinai},
  title        = {Grokking in Linear Estimators - {A} Solvable Model that Groks without
                  Understanding},
  journal      = {CoRR},
  volume       = {abs/2310.16441},
  year         = {2023},
  url          = {https://doi.org/10.48550/arXiv.2310.16441},
  doi          = {10.48550/ARXIV.2310.16441},
  eprinttype    = {arXiv},
  eprint       = {2310.16441},
  timestamp    = {Tue, 31 Oct 2023 15:04:47 +0100},
  biburl       = {https://dblp.org/rec/journals/corr/abs-2310-16441.bib},
  bibsource    = {dblp computer science bibliography, https://dblp.org}
}

@article{liu2022Grokking,
  title={Towards understanding grokking: An effective theory of representation learning},
  author={Liu, Ziming and Kitouni, Ouail and Nolte, Niklas S and Michaud, Eric and Tegmark, Max and Williams, Mike},
  journal={Advances in Neural Information Processing Systems},
  volume={35},
  pages={34651--34663},
  year={2022}
}

@inproceedings{nanda2023GrokkingProgress,
  author       = {Neel Nanda and
                  Lawrence Chan and
                  Tom Lieberum and
                  Jess Smith and
                  Jacob Steinhardt},
  title        = {Progress measures for grokking via mechanistic interpretability},
  booktitle    = {The Eleventh International Conference on Learning Representations,
                  {ICLR} 2023, Kigali, Rwanda, May 1-5, 2023},
  publisher    = {OpenReview.net},
  year         = {2023},
  url          = {https://openreview.net/pdf?id=9XFSbDPmdW},
  timestamp    = {Fri, 30 Jun 2023 14:55:53 +0200},
  biburl       = {https://dblp.org/rec/conf/iclr/NandaCLSS23.bib},
  bibsource    = {dblp computer science bibliography, https://dblp.org}
}

@book{quinonero2022datashift,
  title={Dataset shift in machine learning},
  author={Qui{\~n}onero-Candela, Joaquin and Sugiyama, Masashi and Schwaighofer, Anton and Lawrence, Neil D},
  year={2022},
  publisher={MIT Press}
}

@article{vzunkovivc2022grokkingPhase,
  title={Grokking phase transitions in learning local rules with gradient descent},
  author={{\v{Z}}unkovi{\v{c}}, Bojan and Ilievski, Enej},
  journal={arXiv preprint arXiv:2210.15435},
  year={2022}
}

