
@article{Grokking,
  author       = {Alethea Power and
                  Yuri Burda and
                  Harrison Edwards and
                  Igor Babuschkin and
                  Vedant Misra},
  title        = {Grokking: Generalization Beyond Overfitting on Small Algorithmic Datasets},
  journal      = {CoRR},
  volume       = {abs/2201.02177},
  year         = {2022},
  url          = {https://arxiv.org/abs/2201.02177},
  eprinttype    = {arXiv},
  eprint       = {2201.02177},
  timestamp    = {Mon, 10 Jan 2022 13:39:01 +0100},
  biburl       = {https://dblp.org/rec/journals/corr/abs-2201-02177.bib},
  bibsource    = {dblp computer science bibliography, https://dblp.org}
}


@inproceedings{
kumar2024grokking,
title={Grokking as the transition from lazy to rich training dynamics},
author={Tanishq Kumar and Blake Bordelon and Samuel J. Gershman and Cengiz Pehlevan},
booktitle={The Twelfth International Conference on Learning Representations},
year={2024},
url={https://openreview.net/forum?id=vt5mnLVIVo}
}

@inproceedings{NEURIPS2023_adc98a26,
 author = {Schaeffer, Rylan and Miranda, Brando and Koyejo, Sanmi},
 booktitle = {Advances in Neural Information Processing Systems},
 editor = {A. Oh and T. Naumann and A. Globerson and K. Saenko and M. Hardt and S. Levine},
 pages = {55565--55581},
 publisher = {Curran Associates, Inc.},
 title = {Are Emergent Abilities of Large Language Models a Mirage?},
 volume = {36},
 year = {2023}
}

@article{liu2022Grokking,
  title={Towards understanding grokking: An effective theory of representation learning},
  author={Liu, Ziming and Kitouni, Ouail and Nolte, Niklas S and Michaud, Eric and Tegmark, Max and Williams, Mike},
  journal={Advances in Neural Information Processing Systems},
  volume={35},
  pages={34651--34663},
  year={2022}
}



@inproceedings{nanda2023GrokkingProgress,
  author       = {Neel Nanda and
                  Lawrence Chan and
                  Tom Lieberum and
                  Jess Smith and
                  Jacob Steinhardt},
  title        = {Progress measures for grokking via mechanistic interpretability},
  booktitle    = {The Eleventh International Conference on Learning Representations,
                  {ICLR} 2023, Kigali, Rwanda, May 1-5, 2023},
  publisher    = {OpenReview.net},
  year         = {2023},
  url          = {https://openreview.net/pdf?id=9XFSbDPmdW},
  timestamp    = {Fri, 30 Jun 2023 14:55:53 +0200},
  biburl       = {https://dblp.org/rec/conf/iclr/NandaCLSS23.bib},
  bibsource    = {dblp computer science bibliography, https://dblp.org}
}

@article{vzunkovivc2022grokkingPhase,
  title={Grokking phase transitions in learning local rules with gradient descent},
  author={{\v{Z}}unkovi{\v{c}}, Bojan and Ilievski, Enej},
  journal={arXiv preprint arXiv:2210.15435},
  year={2022}
}


@article{levi2023grokkingLinear,
  author       = {Noam Levi and
                  Alon Beck and
                  Yohai Bar{-}Sinai},
  title        = {Grokking in Linear Estimators - {A} Solvable Model that Groks without
                  Understanding},
  journal      = {CoRR},
  volume       = {abs/2310.16441},
  year         = {2023},
  url          = {https://doi.org/10.48550/arXiv.2310.16441},
  doi          = {10.48550/ARXIV.2310.16441},
  eprinttype    = {arXiv},
  eprint       = {2310.16441},
  timestamp    = {Tue, 31 Oct 2023 15:04:47 +0100},
  biburl       = {https://dblp.org/rec/journals/corr/abs-2310-16441.bib},
  bibsource    = {dblp computer science bibliography, https://dblp.org}
}



%--- Dostribution shift
@book{quinonero2022datashift,
  title={Dataset shift in machine learning},
  author={Qui{\~n}onero-Candela, Joaquin and Sugiyama, Masashi and Schwaighofer, Anton and Lawrence, Neil D},
  year={2022},
  publisher={MIT Press}
}

@inproceedings{
kersting,
title={Learning Large {DAG}s is Harder than you Think: Many Losses are Minimal for the Wrong {DAG}},
author={Jonas Seng and Matej Ze{\v{c}}evi{\'c} and Devendra Singh Dhami and Kristian Kersting},
booktitle={The Twelfth International Conference on Learning Representations},
year={2024},
url={https://openreview.net/forum?id=gwbQ2YwLhD}
}

@article{bronstein,
  author       = {Michael M. Bronstein and
                  Joan Bruna and
                  Taco Cohen and
                  Petar Velickovic},
  title        = {Geometric Deep Learning: Grids, Groups, Graphs, Geodesics, and Gauges},
  journal      = {CoRR},
  volume       = {abs/2104.13478},
  year         = {2021},
  url          = {https://arxiv.org/abs/2104.13478},
  eprinttype    = {arXiv},
  eprint       = {2104.13478},
  timestamp    = {Tue, 04 May 2021 15:12:43 +0200},
  biburl       = {https://dblp.org/rec/journals/corr/abs-2104-13478.bib},
  bibsource    = {dblp computer science bibliography, https://dblp.org}
}

@book{Garcez2009,
  added-at = {2011-08-24T00:00:00.000+0200},
  author = {d'Avila Garcez, Artur S. and Lamb, Lu√≠s C. and Gabbay, Dov M.},
  biburl = {https://puma.ub.uni-stuttgart.de/bibtex/2182a0abc9162c573a9e34d96fc9ee35c/dblp},
  ee = {http://dx.doi.org/10.1007/978-3-540-73246-4},
  interhash = {83eb6008467b6f956633bf0ec3dc94fb},
  intrahash = {182a0abc9162c573a9e34d96fc9ee35c},
  isbn = {978-3-540-73245-7},
  keywords = {dblp},
  publisher = {Springer},
  series = {Cognitive Technologies},
  timestamp = {2016-02-02T10:48:35.000+0100},
  title = {Neural-Symbolic Cognitive Reasoning},
  url = {http://dblp.uni-trier.de/db/series/cogtech/index.html#GarcezLG2009},
  year = 2009
}

@inproceedings{Rabanser2019detect_shift,
 author = {Rabanser, Stephan and G\"{u}nnemann, Stephan and Lipton, Zachary},
 booktitle = {Advances in Neural Information Processing Systems},
 editor = {H. Wallach and H. Larochelle and A. Beygelzimer and F. d\textquotesingle Alch\'{e}-Buc and E. Fox and R. Garnett},
 pages = {},
 publisher = {Curran Associates, Inc.},
 title = {Failing Loudly: An Empirical Study of Methods for Detecting Dataset Shift},
 url = {https://proceedings.neurips.cc/paper_files/paper/2019/file/846c260d715e5b854ffad5f70a516c88-Paper.pdf},
 volume = {32},
 year = {2019}
}




%-- Misc
@inproceedings{lin2014COCO,
  title={Microsoft coco: Common objects in context},
  author={Lin, Tsung-Yi and Maire, Michael and Belongie, Serge and Hays, James and Perona, Pietro and Ramanan, Deva and Doll{\'a}r, Piotr and Zitnick, C Lawrence},
  booktitle={Computer Vision--ECCV 2014: 13th European Conference, Zurich, Switzerland, September 6-12, 2014, Proceedings, Part V 13},
  pages={740--755},
  year={2014},
  organization={Springer}
}