@article{ding2021cross,
  title={Cross-domain graph anomaly detection},
  author={Ding, Kaize and Shu, Kai and Shan, Xuan and Li, Jundong and Liu, Huan},
  journal={IEEE TNNLS},
  volume={33},
  number={6},
  pages={2406--2415},
  year={2021}
}

@inproceedings{fang2022universal,
  title={Universal Prompt Tuning for Graph Neural Networks},
  author={Fang, Taoran and Zhang, Yunchao and Yang, Yang and Wang, Chunping and Chen, Lei},
  booktitle={NeurIPS},
  volume={36},
  year={2023}
}

@inproceedings{hassani2022cross,
  title={Cross-domain few-shot graph classification},
  author={Hassani, Kaveh},
  booktitle={AAAI},
  volume={36},
  number={6},
  pages={6856--6864},
  year={2022}
}

@inproceedings{hou2022graphmae,
  title={Graphmae: Self-supervised masked graph autoencoders},
  author={Hou, Zhenyu and Liu, Xiao and Cen, Yukuo and Dong, Yuxiao and Yang, Hongxia and Wang, Chunjie and Tang, Jie},
  booktitle={KDD},
  pages={594--604},
  year={2022}
}

@article{hu2020gpt,
  title={Gpt-gnn: Generative pre-training of graph neural networks},
  author={Hu, Ziniu and Dong, Yuxiao and Wang, Kuansan and Chang, Kai-Wei and Sun, Yizhou},
  journal={SIGKDD},
  pages={1857--1867},
  year={2020}
}

@incollection{jiang2023incomplete,
  title={Incomplete graph learning via attribute-structure decoupled variational auto-encoder},
  author={Jiang, Xinke and Qin, Zidi and Xu, Jiarong and Ao, Xiang},
  booktitle={WSDM},
  pages={304--312},
  year={2023}
}

@inproceedings{li2022mining,
  title={Mining spatio-temporal relations via self-paced graph contrastive learning},
  author={Li, Rongfan and Jiang, Xinke and Zhong, Ting and Trajcevski, Goce and Wu, Jin and Zhou, Fan},
  booktitle={SIGKDD},
  pages={936--944},
  year={2022}
}

@inproceedings{li2023s,
  title={What's Behind the Mask: Understanding Masked Graph Modeling for Graph Autoencoders},
  author={Li, Jintang and Wu, Ruofan and Sun, Wangbin and Chen, Liang and Tian, Sheng and Zhu, Liang and Meng, Changhua and Zheng, Zibin and Wang, Weiqiang},
  booktitle={KDD},
  pages={1268--1279},
  year={2023}
}

@inproceedings{liu2023graphprompt,
  title={{GraphPrompt}: Unifying pre-training and downstream tasks for graph neural networks},
  author={Liu, Zemin and Yu, Xingtong and Fang, Yuan and Zhang, Xinming},
  booktitle={WWW},
  pages={417--428},
  year={2023}
}

@inproceedings{liu2023one,
  title={One for All: Towards Training One Graph Model for All Classification Tasks},
  author={Liu, Hao and Feng, Jiarui and Kong, Lecheng and Liang, Ningyue and Tao, Dacheng and Chen, Yixin and Zhang, Muhan},
  booktitle={ICLR},
  year={2024}
}

@inproceedings{qiu2020gcc,
  title={Gcc: Graph contrastive coding for graph neural network pre-training},
  author={Qiu, Jiezhong and Chen, Qibin and Dong, Yuxiao and Zhang, Jing and Yang, Hongxia and Ding, Ming and Wang, Kuansan and Tang, Jie},
  booktitle={SIGKDD},
  pages={1150--1160},
  year={2020}
}

@inproceedings{sun2022gppt,
  title={Gppt: Graph pre-training and prompt tuning to generalize graph neural networks},
  author={Sun, Mingchen and Zhou, Kaixiong and He, Xin and Wang, Ying and Wang, Xin},
  booktitle={SIGKDD},
  pages={1717--1727},
  year={2022}
}

@inproceedings{tang2024higpt,
  title={HiGPT: Heterogeneous Graph Language Model},
  author={Tang, Jiabin and Yang, Yuhao and Wei, Wei and Shi, Lei and Xia, Long and Yin, Dawei and Huang, Chao},
  booktitle={SIGKDD},
  pages={2842--2853},
  year={2024}
}

@inproceedings{velivckovic2018deep,
  title={Deep Graph Infomax},
  author={Veli{\v{c}}kovi{\'c}, Petar and Fedus, William and Hamilton, William L and Li{\`o}, Pietro and Bengio, Yoshua and Hjelm, R Devon},
  booktitle={ICLR},
  year={2018}
}

@inproceedings{wang2021pre,
  title={Pre-training graph neural network for cross domain recommendation},
  author={Wang, Chen and Liang, Yueqing and Liu, Zhiwei and Zhang, Tao and Philip, S Yu},
  booktitle={CogMI},
  pages={140--145},
  year={2021}
}

@inproceedings{wang2022multi,
  title={Multi-level Protein Structure Pre-training via Prompt Learning},
  author={Wang, Zeyuan and Zhang, Qiang and Shuang-Wei, HU and Yu, Haoran and Jin, Xurui and Gong, Zhichen and Chen, Huajun},
  booktitle={ICLR},
  year={2022}
}

@inproceedings{wang2023cross,
  title={Cross-domain graph anomaly detection via anomaly-aware contrastive alignment},
  author={Wang, Qizhou and Pang, Guansong and Salehi, Mahsa and Buntine, Wray and Leckie, Christopher},
  booktitle={AAAI},
  volume={37},
  number={4},
  pages={4676--4684},
  year={2023}
}

@article{wen2023prompt,
  title={Prompt tuning on graph-augmented low-resource text classification},
  author={Wen, Zhihao and Fang, Yuan},
  journal={IEEE TKDE},
  year={2024}
}

@inproceedings{xia2022simgrace,
  title={Simgrace: A simple framework for graph contrastive learning without data augmentation},
  author={Xia, Jun and Wu, Lirong and Chen, Jintao and Hu, Bozhen and Li, Stan Z},
  booktitle={WWW},
  pages = {1070--1079},
  year={2022}
}

@article{xia2024opengraph,
  title={Opengraph: Towards open graph foundation models},
  author={Xia, Lianghao and Kao, Ben and Huang, Chao},
  journal={arXiv preprint arXiv:2403.01121},
  year={2024}
}

@inproceedings{xu2021self,
  title={Self-supervised graph-level representation learning with local and global structure},
  author={Xu, Minghao and Wang, Hang and Ni, Bingbing and Guo, Hongyu and Tang, Jian},
  booktitle={ICML},
  pages={11548--11558},
  year={2021}
}

@article{you2020graph,
  title={Graph contrastive learning with augmentations},
  author={You, Yuning and Chen, Tianlong and Sui, Yongduo and Chen, Ting and Wang, Zhangyang and Shen, Yang},
  journal={NeurIPS},
  volume={33},
  pages={5812--5823},
  year={2020}
}

@article{yu2023generalized,
  title={Generalized Graph Prompt: Toward a Unification of Pre-Training and Downstream Tasks on Graphs},
  author={Yu, Xingtong and Liu, Zhenghao and Fang, Yuan and Liu, Zemin and Chen, Sihong and Zhang, Xinming},
  journal={IEEE TKDE},
  year={2024}
}

@inproceedings{yu2023hgprompt,
  title={HGPROMPT: Bridging Homogeneous and Heterogeneous Graphs for Few-shot Prompt Learning},
  author={Yu, Xingtong and Liu, Zemin and Fang, Yuan and Zhang, Xinming},
  booktitle={AAAI},
  pages = {16578--16586},
  year={2024}
}

@inproceedings{yu2023multigprompt,
  title={{MultiGPrompt} for Multi-Task Pre-Training and Prompting on Graphs},
  author={Yu, Xingtong and Zhou, Chang and Fang, Yuan and Zhang, Xinming},
  booktitle={WWW},
  pages={515--526},
  year={2024}
}

@article{yu2024text,
  title={Text-Free Multi-domain Graph Pre-training: Toward Graph Foundation Models},
  author={Yu, Xingtong and Zhou, Chang and Fang, Yuan and Zhang, Xinming},
  journal={arXiv preprint arXiv:2405.13934},
  year={2024}
}

@inproceedings{zhang2023adding,
  title={Adding conditional control to text-to-image diffusion models},
  author={Zhang, Lvmin and Rao, Anyi and Agrawala, Maneesh},
  booktitle={ICCV},
  pages={3836--3847},
  year={2023}
}

@inproceedings{zhang2024text,
  title={Text-attributed graph representation learning: Methods, applications, and challenges},
  author={Zhang, Delvin Ce and Yang, Menglin and Ying, Rex and Lauw, Hady W},
  booktitle={WWW},
  pages={1298--1301},
  year={2024}
}

@inproceedings{zhao2024all,
  title={All in one and one for all: A simple yet effective method towards cross-domain graph pretraining},
  author={Zhao, Haihong and Chen, Aochuan and Sun, Xiangguo and Cheng, Hong and Li, Jia},
  booktitle={SIGKDD},
  pages={4443--4454},
  year={2024}
}

@inproceedings{zhaolearning,
  title={Learning on Large-scale Text-attributed Graphs via Variational Inference},
  author={Zhao, Jianan and Qu, Meng and Li, Chaozhuo and Yan, Hao and Liu, Qian and Li, Rui and Xie, Xing and Tang, Jian},
  booktitle={ICLR},
  year={2023}
}

@inproceedings{zhu2024graphcontrol,
  title={GraphControl: Adding Conditional Control to Universal Graph Pre-trained Models for Graph Domain Transfer Learning},
  author={Zhu, Yun and Wang, Yaoke and Shi, Haizhou and Zhang, Zhenshuo and Jiao, Dian and Tang, Siliang},
  booktitle={WWW},
  pages={539--550},
  year={2024}
}

