@inproceedings{miyake2024netevolve,
  title={NETEVOLVE: Social Network Forecasting using Multi-Agent Reinforcement Learning with Interpretable Features},
  author={Miyake, Kentaro and Ito, Hiroyoshi and Faloutsos, Christos and Matsumoto, Hirotomo and Morishima, Atsuyuki},
  booktitle={WWW},
  pages={2542--2551},
  year={2024}
}

@inproceedings{xu2022evidence,
  title={Evidence-aware fake news detection with graph neural networks},
  author={Xu, Weizhi and Wu, Junfei and Liu, Qiang and Wu, Shu and Wang, Liang},
  booktitle={WWW},
  pages={2501--2510},
  year={2022}
}

@article{achiam2023gpt,
  title={Gpt-4 technical report},
  author={Achiam, Josh and Adler, Steven and Agarwal, Sandhini and Ahmad, Lama and Akkaya, Ilge and Aleman, Florencia Leoni and Almeida, Diogo and Altenschmidt, Janko and Altman, Sam and Anadkat, Shyamal and others},
  journal={arXiv preprint arXiv:2303.08774},
  year={2023}
}

@article{rampavsek2022recipe,
  title={Recipe for a general, powerful, scalable graph transformer},
  author={Ramp{\'a}{\v{s}}ek, Ladislav and Galkin, Michael and Dwivedi, Vijay Prakash and Luu, Anh Tuan and Wolf, Guy and Beaini, Dominique},
  journal={NeurIPS},
  volume={35},
  pages={14501--14515},
  year={2022}
}

@inproceedings{velivckovic2017graph,
  title={Graph attention networks},
  author={Veli{\v{c}}kovi{\'c}, Petar and Cucurull, Guillem and Casanova, Arantxa and Romero, Adriana and Lio, Pietro and Bengio, Yoshua},
  booktitle={ICLR},
  year={2018}
}

@inproceedings{sun2022gppt,
  title={Gppt: Graph pre-training and prompt tuning to generalize graph neural networks},
  author={Sun, Mingchen and Zhou, Kaixiong and He, Xin and Wang, Ying and Wang, Xin},
  booktitle={SIGKDD},
  pages={1717--1727},
  year={2022}
}

@inproceedings{lu2021learning,
  title={Learning to pre-train graph neural networks},
  author={Lu, Yuanfu and Jiang, Xunqiang and Fang, Yuan and Shi, Chuan},
  booktitle={AAAI},
  volume={35},
  number={5},
  pages={4276--4284},
  year={2021}
}

@inproceedings{wang2020graph,
  title={Graph Few-shot Learning with Attribute Matching},
  author={Wang, Ning and Luo, Minnan and Ding, Kaize and Zhang, Lingling and Li, Jundong and Zheng, Qinghua},
  booktitle={CIKM},
  pages={1545--1554},
  year={2020}
}

@inproceedings{liu2021relative,
  title={Relative and absolute location embedding for few-shot node classification on graph},
  author={Liu, Zemin and Fang, Yuan and Liu, Chenghao and Hoi, Steven CH},
  booktitle={AAAI},
  volume={35},
  number={5},
  pages={4267--4275},
  year={2021}
}

@inproceedings{zhaolearning,
  title={Learning on Large-scale Text-attributed Graphs via Variational Inference},
  author={Zhao, Jianan and Qu, Meng and Li, Chaozhuo and Yan, Hao and Liu, Qian and Li, Rui and Xie, Xing and Tang, Jian},
  booktitle={ICLR},
  year={2023}
}

@inproceedings{hou2022graphmae,
  title={Graphmae: Self-supervised masked graph autoencoders},
  author={Hou, Zhenyu and Liu, Xiao and Cen, Yukuo and Dong, Yuxiao and Yang, Hongxia and Wang, Chunjie and Tang, Jie},
  booktitle={KDD},
  pages={594--604},
  year={2022}
}

@inproceedings{borgwardt2005shortest,
  title={Shortest-path kernels on graphs},
  author={Borgwardt, Karsten M and Kriegel, Hans-Peter},
  booktitle={ICDM},
  pages={8--pp},
  year={2005},
  organization={IEEE}
}

@inproceedings{zhaolearning,
  title={Learning on Large-scale Text-attributed Graphs via Variational Inference},
  author={Zhao, Jianan and Qu, Meng and Li, Chaozhuo and Yan, Hao and Liu, Qian and Li, Rui and Xie, Xing and Tang, Jian},
  booktitle={ICLR},
  year={2023}
}

@inproceedings{giatsidis2014corecluster,
  title={{CoreCluster}: A degeneracy based graph clustering framework},
  author={Giatsidis, Christos and Malliaros, Fragkiskos and Thilikos, Dimitrios and Vazirgiannis, Michalis},
  booktitle={AAAI},
  volume={28},
  number={1},
  year={2014}
}

@inproceedings{zhang2024text,
  title={Text-attributed graph representation learning: Methods, applications, and challenges},
  author={Zhang, Delvin Ce and Yang, Menglin and Ying, Rex and Lauw, Hady W},
  booktitle={WWW},
  pages={1298--1301},
  year={2024}
}

@inproceedings{pei2020geom,
  title={{Geom-GCN}: Geometric graph convolutional networks},
  author={Pei, Hongbin and Wei, Bingzhe and Chang, Kevin Chen-Chuan and Lei, Yu and Yang, Bo},
  booktitle={ICLR},
  year={2020}
}

@article{zhu2020beyond,
  title={Beyond homophily in graph neural networks: Current limitations and effective designs},
  author={Zhu, Jiong and Yan, Yujun and Zhao, Lingxiao and Heimann, Mark and Akoglu, Leman and Koutra, Danai},
  journal={NeurIPS},
  pages={7793--7804},
  year={2020}
}

@inproceedings{yu2024non,
  title={Non-Homophilic Graph Pre-Training and Prompt Learning},
  author={Yu, Xingtong and Zhang, Jie and Fang, Yuan and Jiang, Renhe},
  booktitle={SIGKDD},
  year={2025}
}

@inproceedings{ma2021homophily,
  title={Is homophily a necessity for graph neural networks?},
  author={Ma, Yao and Liu, Xiaorui and Shah, Neil and Tang, Jiliang},
  booktitle={ICLR},
  year={2022}
}

@inproceedings{li2023s,
  title={What's Behind the Mask: Understanding Masked Graph Modeling for Graph Autoencoders},
  author={Li, Jintang and Wu, Ruofan and Sun, Wangbin and Chen, Liang and Tian, Sheng and Zhu, Liang and Meng, Changhua and Zheng, Zibin and Wang, Weiqiang},
  booktitle={KDD},
  pages={1268--1279},
  year={2023}
}

@inproceedings{xu2021self,
  title={Self-supervised graph-level representation learning with local and global structure},
  author={Xu, Minghao and Wang, Hang and Ni, Bingbing and Guo, Hongyu and Tang, Jian},
  booktitle={ICML},
  pages={11548--11558},
  year={2021}
}

@inproceedings{xia2022simgrace,
  title={Simgrace: A simple framework for graph contrastive learning without data augmentation},
  author={Xia, Jun and Wu, Lirong and Chen, Jintao and Hu, Bozhen and Li, Stan Z},
  booktitle={WWW},
  pages = {1070--1079},
  year={2022}
}

@inproceedings{sun2019infograph,
  title={InfoGraph: Unsupervised and Semi-supervised Graph-Level Representation Learning via Mutual Information Maximization},
  author={Sun, Fan-Yun and Hoffman, Jordan and Verma, Vikas and Tang, Jian},
  booktitle={ICLR},
  year={2019}
}


@inproceedings{kipf2016semi,
  title={Semi-supervised classification with graph convolutional networks},
  author={Kipf, Thomas N and Welling, Max},
  booktitle={ICLR},
  year={2017}
}

@article{kipf2016variational,
  title={Variational graph auto-encoders},
  author={Kipf, Thomas N and Welling, Max},
  journal={arXiv preprint arXiv:1611.07308},
  year={2016}
}

@article{ying2021transformers,
  title={Do transformers really perform badly for graph representation?},
  author={Ying, Chengxuan and Cai, Tianle and Luo, Shengjie and Zheng, Shuxin and Ke, Guolin and He, Di and Shen, Yanming and Liu, Tie-Yan},
  journal={NeurIPS},
  volume={34},
  pages={28877--28888},
  year={2021}
}

@article{hamilton2017inductive,
  title={Inductive representation learning on large graphs},
  author={Hamilton, Will and Ying, Zhitao and Leskovec, Jure},
  journal={NeurIPS},
  volume={30},
  year={2017}
}

@inproceedings{fang2022universal,
  title={Universal Prompt Tuning for Graph Neural Networks},
  author={Fang, Taoran and Zhang, Yunchao and Yang, Yang and Wang, Chunping and Chen, Lei},
  booktitle={NeurIPS},
  volume={36},
  year={2023}
}

@inproceedings{qiu2020gcc,
  title={Gcc: Graph contrastive coding for graph neural network pre-training},
  author={Qiu, Jiezhong and Chen, Qibin and Dong, Yuxiao and Zhang, Jing and Yang, Hongxia and Ding, Ming and Wang, Kuansan and Tang, Jie},
  booktitle={SIGKDD},
  pages={1150--1160},
  year={2020}
}

@inproceedings{chen2020simple,
  title={A simple framework for contrastive learning of visual representations},
  author={Chen, Ting and Kornblith, Simon and Norouzi, Mohammad and Hinton, Geoffrey},
  booktitle={ICML},
  pages={1597--1607},
  year={2020}}

@article{touvron2023llama,
  title={Llama: Open and efficient foundation language models},
  author={Touvron, Hugo and Lavril, Thibaut and Izacard, Gautier and Martinet, Xavier and Lachaux, Marie-Anne and Lacroix, Timoth{\'e}e and Rozi{\`e}re, Baptiste and Goyal, Naman and Hambro, Eric and Azhar, Faisal and others},
  journal={arXiv preprint arXiv:2302.13971},
  year={2023}
}

@article{liu2023towards,
  title={Towards graph foundation models: A survey and beyond},
  author={Liu, Jiawei and Yang, Cheng and Lu, Zhiyuan and Chen, Junze and Li, Yibo and Zhang, Mengmei and Bai, Ting and Fang, Yuan and Sun, Lichao and Yu, Philip S and others},
  journal={arXiv preprint arXiv:2310.11829},
  year={2023}
}

@inproceedings{agarwal2022graphnli,
  title={GraphNLI: A Graph-based Natural Language Inference Model for Polarity Prediction in Online Debates},
  author={Agarwal, Vibhor and Joglekar, Sagar and Young, Anthony P and Sastry, Nishanth},
  booktitle={WWW},
  pages={2729--2737},
  year={2022}
}

@inproceedings{ma2024temporal,
  title={Temporal Conformity-aware Hawkes Graph Network for Recommendations},
  author={Ma, Chenglong and Ren, Yongli and Castells, Pablo and Sanderson, Mark},
  booktitle={WWW},
  pages={3185--3194},
  year={2024}
}

@inproceedings{ni2024graph,
  title={Graph Contrastive Learning with Kernel Dependence Maximization for Social Recommendation},
  author={Ni, Xuelian and Xiong, Fei and Zheng, Yu and Wang, Liang},
  booktitle={WWW},
  pages={481--492},
  year={2024}
}

@inproceedings{qiu2024efficient,
  title={An Efficient Automatic Meta-Path Selection for Social Event Detection via Hyperbolic Space},
  author={Qiu, Zitai and Ma, Congbo and Wu, Jia and Yang, Jian},
  booktitle={WWW},
  pages={2519--2529},
  year={2024}
}


@article{yu2023learning,
  title={Learning to count isomorphisms with graph neural networks},
  author={Yu, Xingtong and Liu, Zemin and Fang, Yuan and Zhang, Xinming},
  journal={AAAI},
  volume={37},
  number={4},
  pages={4845--4853},
  year={2023}
}

@article{yun2019graph,
  title={Graph transformer networks},
  author={Yun, Seongjun and Jeong, Minbyul and Kim, Raehyun and Kang, Jaewoo and Kim, Hyunwoo J},
  journal={NeurIPS},
  volume={32},
  year={2019}
}

@article{hu2020gpt,
  title={Gpt-gnn: Generative pre-training of graph neural networks},
  author={Hu, Ziniu and Dong, Yuxiao and Wang, Kuansan and Chang, Kai-Wei and Sun, Yizhou},
  journal={SIGKDD},
  pages={1857--1867},
  year={2020}
}

@inproceedings{velivckovic2018deep,
  title={Deep Graph Infomax},
  author={Veli{\v{c}}kovi{\'c}, Petar and Fedus, William and Hamilton, William L and Li{\`o}, Pietro and Bengio, Yoshua and Hjelm, R Devon},
  booktitle={ICLR},
  year={2018}
}

@inproceedings{liu2023graphprompt,
  title={{GraphPrompt}: Unifying pre-training and downstream tasks for graph neural networks},
  author={Liu, Zemin and Yu, Xingtong and Fang, Yuan and Zhang, Xinming},
  booktitle={WWW},
  pages={417--428},
  year={2023}
}

@article{sun2023all,
  title={All in One: Multi-Task Prompting for Graph Neural Networks},
  author={Sun, Xiangguo and Cheng, Hong and Li, Jia and Liu, Bo and Guan, Jihong},
  journal={SIGKDD},
  pages={2120--2131},
  year={2023}
}

@article{yu2024few,
  title={Few-Shot Learning on Graphs: from Meta-learning to Pre-training and Prompting},
  author={Yu, Xingtong and Fang, Yuan and Liu, Zemin and Wu, Yuxia and Wen, Zhihao and Bo, Jianyuan and Zhang, Xinming and Hoi, Steven CH},
  journal={arXiv preprint arXiv:2402.01440},
  year={2024}
}

@article{you2020graph,
  title={Graph contrastive learning with augmentations},
  author={You, Yuning and Chen, Tianlong and Sui, Yongduo and Chen, Ting and Wang, Zhangyang and Shen, Yang},
  journal={NeurIPS},
  volume={33},
  pages={5812--5823},
  year={2020}
}

@article{xia2024opengraph,
  title={Opengraph: Towards open graph foundation models},
  author={Xia, Lianghao and Kao, Ben and Huang, Chao},
  journal={arXiv preprint arXiv:2403.01121},
  year={2024}
}

@article{yu2024text,
  title={Text-Free Multi-domain Graph Pre-training: Toward Graph Foundation Models},
  author={Yu, Xingtong and Zhou, Chang and Fang, Yuan and Zhang, Xinming},
  journal={arXiv preprint arXiv:2405.13934},
  year={2024}
}

@inproceedings{zhao2024all,
  title={All in one and one for all: A simple yet effective method towards cross-domain graph pretraining},
  author={Zhao, Haihong and Chen, Aochuan and Sun, Xiangguo and Cheng, Hong and Li, Jia},
  booktitle={SIGKDD},
  pages={4443--4454},
  year={2024}
}

@article{ding2021cross,
  title={Cross-domain graph anomaly detection},
  author={Ding, Kaize and Shu, Kai and Shan, Xuan and Li, Jundong and Liu, Huan},
  journal={IEEE TNNLS},
  volume={33},
  number={6},
  pages={2406--2415},
  year={2021}
}

@inproceedings{hassani2022cross,
  title={Cross-domain few-shot graph classification},
  author={Hassani, Kaveh},
  booktitle={AAAI},
  volume={36},
  number={6},
  pages={6856--6864},
  year={2022}
}

@inproceedings{wang2021pre,
  title={Pre-training graph neural network for cross domain recommendation},
  author={Wang, Chen and Liang, Yueqing and Liu, Zhiwei and Zhang, Tao and Philip, S Yu},
  booktitle={CogMI},
  pages={140--145},
  year={2021}
}

@inproceedings{wang2023cross,
  title={Cross-domain graph anomaly detection via anomaly-aware contrastive alignment},
  author={Wang, Qizhou and Pang, Guansong and Salehi, Mahsa and Buntine, Wray and Leckie, Christopher},
  booktitle={AAAI},
  volume={37},
  number={4},
  pages={4676--4684},
  year={2023}
}

@inproceedings{yang2019cross,
  title={Cross-domain visual representations via unsupervised graph alignment},
  author={Yang, Baoyao and Yuen, Pong C},
  booktitle={AAAI},
  volume={33},
  number={01},
  pages={5613--5620},
  year={2019}
}

@inproceedings{liu2023one,
  title={One for All: Towards Training One Graph Model for All Classification Tasks},
  author={Liu, Hao and Feng, Jiarui and Kong, Lecheng and Liang, Ningyue and Tao, Dacheng and Chen, Yixin and Zhang, Muhan},
  booktitle={ICLR},
  year={2024}
}

@inproceedings{tang2024higpt,
  title={HiGPT: Heterogeneous Graph Language Model},
  author={Tang, Jiabin and Yang, Yuhao and Wei, Wei and Shi, Lei and Xia, Long and Yin, Dawei and Huang, Chao},
  booktitle={SIGKDD},
  pages={2842--2853},
  year={2024}
}

@inproceedings{wen2023augmenting,
  title={Augmenting Low-Resource Text Classification with Graph-Grounded Pre-training and Prompting},
  author={Wen, Zhihao and Fang, Yuan},
  booktitle={SIGIR},
  pages={506--516},
  year={2023}
}


@article{yu2023generalized,
  title={Generalized Graph Prompt: Toward a Unification of Pre-Training and Downstream Tasks on Graphs},
  author={Yu, Xingtong and Liu, Zhenghao and Fang, Yuan and Liu, Zemin and Chen, Sihong and Zhang, Xinming},
  journal={IEEE TKDE},
  year={2024}
}

@inproceedings{zhu2024graphcontrol,
  title={GraphControl: Adding Conditional Control to Universal Graph Pre-trained Models for Graph Domain Transfer Learning},
  author={Zhu, Yun and Wang, Yaoke and Shi, Haizhou and Zhang, Zhenshuo and Jiao, Dian and Tang, Siliang},
  booktitle={WWW},
  pages={539--550},
  year={2024}
}

@inproceedings{zhang2023adding,
  title={Adding conditional control to text-to-image diffusion models},
  author={Zhang, Lvmin and Rao, Anyi and Agrawala, Maneesh},
  booktitle={ICCV},
  pages={3836--3847},
  year={2023}
}

@article{wen2023prompt,
  title={Prompt tuning on graph-augmented low-resource text classification},
  author={Wen, Zhihao and Fang, Yuan},
  journal={IEEE TKDE},
  year={2024}
}

@inproceedings{yu2023multigprompt,
  title={{MultiGPrompt} for Multi-Task Pre-Training and Prompting on Graphs},
  author={Yu, Xingtong and Zhou, Chang and Fang, Yuan and Zhang, Xinming},
  booktitle={WWW},
  pages={515--526},
  year={2024}
}

@inproceedings{wang2022multi,
  title={Multi-level Protein Structure Pre-training via Prompt Learning},
  author={Wang, Zeyuan and Zhang, Qiang and Shuang-Wei, HU and Yu, Haoran and Jin, Xurui and Gong, Zhichen and Chen, Huajun},
  booktitle={ICLR},
  year={2022}
}

@inproceedings{yu2025node,
  title={Node-Time Conditional Prompt Learning in Dynamic Graphs},
  author={Yu, Xingtong and Liu, Zhenghao and Fang, Yuan and Zhang, Xinming},
  booktitle={ICLR},
  year={2025}
}

@inproceedings{yu2023hgprompt,
  title={HGPROMPT: Bridging Homogeneous and Heterogeneous Graphs for Few-shot Prompt Learning},
  author={Yu, Xingtong and Liu, Zemin and Fang, Yuan and Zhang, Xinming},
  booktitle={AAAI},
  pages = {16578--16586},
  year={2024}
}

@inproceedings{yang2016revisiting,
  title={Revisiting semi-supervised learning with graph embeddings},
  author={Yang, Zhilin and Cohen, William and Salakhudinov, Ruslan},
  booktitle={ICML},
  pages={40--48},
  year={2016}
}

@article{wu2020comprehensive,
  title={A comprehensive survey on graph neural networks},
  author={Wu, Zonghan and Pan, Shirui and Chen, Fengwen and Long, Guodong and Zhang, Chengqi and Philip, S Yu},
  journal={IEEE TNNLS},
  volume={32},
  number={1},
  pages={4--24},
  year={2020}}

@incollection{kruse2022multi,
  title={Multi-layer perceptrons},
  author={Kruse, Rudolf and Mostaghim, Sanaz and Borgelt, Christian and Braune, Christian and Steinbrecher, Matthias},
  booktitle={Computational intelligence: a methodological introduction},
  pages={53--124},
  year={2022}
}

@article{stewart1993early,
  title={On the early history of the singular value decomposition},
  author={Stewart, Gilbert W},
  journal={SIAM review},
  volume={35},
  number={4},
  pages={551--566},
  year={1993}
}

@inproceedings{fang2022universal,
  title={Universal Prompt Tuning for Graph Neural Networks},
  author={Fang, Taoran and Zhang, Yunchao and Yang, Yang and Wang, Chunping and Chen, Lei},
  booktitle={NeurIPS},
  volume={36},
  year={2023}
}

@inproceedings{rahutomo2012semantic,
  title={Semantic cosine similarity},
  author={Rahutomo, Faisal and Kitasuka, Teruaki and Aritsugi, Masayoshi and others},
  booktitle={ICAST},
  volume={4},
  number={1},
  pages={1},
  year={2012}
}

@article{liu2023pre,
  title={Pre-train, prompt, and predict: A systematic survey of prompting methods in natural language processing},
  author={Liu, Pengfei and Yuan, Weizhe and Fu, Jinlan and Jiang, Zhengbao and Hayashi, Hiroaki and Neubig, Graham},
  journal={ACM Computing Surveys},
  volume={55},
  number={9},
  pages={1--35},
  year={2023}
}

@inproceedings{rozemberczki2020characteristic,
  title={Characteristic functions on graphs: Birds of a feather, from statistical descriptors to parametric models},
  author={Rozemberczki, Benedek and Sarkar, Rik},
  booktitle={CIKM},
  pages={1325--1334},
  year={2020}
}

@article{rozemberczki2021multi,
  title={Multi-scale attributed node embedding},
  author={Rozemberczki, Benedek and Allen, Carl and Sarkar, Rik},
  journal={Journal of Complex Networks},
  volume={9},
  number={2},
  pages={cnab014},
  year={2021}
}

@article{mccallum2000automating,
  title={Automating the construction of internet portals with machine learning},
  author={McCallum, Andrew Kachites and Nigam, Kamal and Rennie, Jason and Seymore, Kristie},
  journal={Information Retrieval},
  volume={3},
  pages={127--163},
  year={2000}
}

@article{sen2008collective,
  title={Collective classification in network data},
  author={Sen, Prithviraj and Namata, Galileo and Bilgic, Mustafa and Getoor, Lise and Galligher, Brian and Eliassi-Rad, Tina},
  journal={AI magazine},
  volume={29},
  number={3},
  pages={93--93},
  year={2008}
}

@article{shchur2018pitfalls,
  title={Pitfalls of graph neural network evaluation},
  author={Shchur, Oleksandr and Mumme, Maximilian and Bojchevski, Aleksandar and G{\"u}nnemann, Stephan},
  journal={arXiv preprint arXiv:1811.05868},
  year={2018}
}

@inproceedings{mcauley2015image,
  title={Image-based recommendations on styles and substitutes},
  author={McAuley, Julian and Targett, Christopher and Shi, Qinfeng and Van Den Hengel, Anton},
  booktitle={SIGIR},
  pages={43--52},
  year={2015}
}

###
@inproceedings{li2022mining,
  title={Mining spatio-temporal relations via self-paced graph contrastive learning},
  author={Li, Rongfan and Jiang, Xinke and Zhong, Ting and Trajcevski, Goce and Wu, Jin and Zhou, Fan},
  booktitle={SIGKDD},
  pages={936--944},
  year={2022}
}

@article{jiang2024ragraph,
  title={RAGraph: A General Retrieval-Augmented Graph Learning Framework},
  author={Jiang, Xinke and Qiu, Rihong and Xu, Yongxin and Zhang, Wentao and Zhu, Yichen and Zhang, Ruizhe and Fang, Yuchen and Chu, Xu and Zhao, Junfeng and Wang, Yasha},
  journal={NeurIPS},
  year={2024}
}

@incollection{jiang2023incomplete,
  title={Incomplete graph learning via attribute-structure decoupled variational auto-encoder},
  author={Jiang, Xinke and Qin, Zidi and Xu, Jiarong and Ao, Xiang},
  booktitle={WSDM},
  pages={304--312},
  year={2023}
}


@inproceedings{fangjf2023eva,
  title={Evaluating Post-hoc Explanations for Graph Neural Networks via Robustness Analysis},
  author={Fang, Junfeng and Liu, Wei and Gao, Yuan and Liu, Zemin and Zhang, An and Wang, Xiang and He, Xiangnan},
  booktitle={Thirty-seventh Conference on Neural Information Processing Systems},
  year={2023}
}


@inproceedings{fangjf2023exgc,
  author       = {Junfeng Fang and
                  Xinglin Li and
                  Yongduo Sui and
                  Yuan Gao and
                 Guibin Zhang and
                 Kun Wang and
                 Xiang Wang and
                  Xiangnan He},
  title        = {EXGC: Bridging Efficiency and Explainability in Graph Condensation},
  booktitle    = {WWW},
  pages={721--732},
  year         = {2024}
}
