@article{hamandi2021design,
  title={Design of multirotor aerial vehicles: A taxonomy based on input allocation},
  author={Hamandi, Mahmoud and Usai, Federico and Sabl{\'e}, Quentin and Staub, Nicolas and Tognon, Marco and Franchi, Antonio},
  journal={The International Journal of Robotics Research},
  volume={40},
  number={8-9},
  pages={1015--1044},
  year={2021},
  publisher={SAGE Publications Sage UK: London, England}
}

@article{deb2002fast,
  title={A fast and elitist multiobjective genetic algorithm: {NSGA-II}},
  author={Deb, Kalyanmoy and Pratap, Amrit and Agarwal, Sameer and Meyarivan, TAMT},
  journal={IEEE transactions on evolutionary computation},
  volume={6},
  number={2},
  pages={182--197},
  year={2002},
  publisher={IEEE}
}

@article{hassanalian2017classifications,
  title={Classifications, applications, and design challenges of drones: A review},
  author={Hassanalian, Mostafa and Abdelkefi, Abdessattar},
  journal={Progress in Aerospace sciences},
  volume={91},
  pages={99--131},
  year={2017},
  publisher={Elsevier}
}

@inproceedings{dimitrov2006bounding,
  title={On the bounding boxes obtained by principal component analysis},
  author={Dimitrov, Darko and Knauer, Christian and Kriegel, Klaus and Rote, G{\"u}nter},
  booktitle={22nd European Workshop on Computational Geometry},
  pages={193--196},
  year={2006}
}

@book{brunton2022data,
  title={Data-driven science and engineering: Machine learning, dynamical systems, and control},
  author={Brunton, Steven L and Kutz, J Nathan},
  year={2022},
  publisher={Cambridge University Press}
}

@article{hornby2011computer,
  title={Computer-automated evolution of an {X}-band antenna for {NASA}'s space technology 5 mission},
  author={Hornby, Gregory S and Lohn, Jason D and Linden, Derek S},
  journal={Evolutionary computation},
  volume={19},
  number={1},
  pages={1--23},
  year={2011},
  publisher={MIT Press One Rogers Street, Cambridge, MA 02142-1209, USA journals-info~…}
}

@article{bbvl2016survey,
  title={A survey on design and development of an unmanned aerial vehicle (quadcopter)},
  author={BBVL, Deepak and Singh, Pritpal},
  journal={International Journal of Intelligent Unmanned Systems},
  volume={4},
  number={2},
  pages={70--106},
  year={2016},
  publisher={Emerald Group Publishing Limited}
}

@article{paredes2021development,
  title={Development, implementation, and experimental outdoor evaluation of quadcopter controllers for computationally limited embedded systems},
  author={Paredes, Juan and Sharma, Prashin and Ha, Brian and Lanchares, Manuel and Atkins, Ella and Gaskell, Peter and Kolmanovsky, Ilya},
  journal={Annual Reviews in Control},
  volume={52},
  pages={372--389},
  year={2021},
  publisher={Elsevier}
}

@inproceedings{shamshirgaran2021evolutionary,
  title={Evolutionary algorithms for multi-objective optimization of drone controller parameters},
  author={Shamshirgaran, Azin and Javidi, Hamed and Simon, Dan},
  booktitle={2021 IEEE Conference on Control Technology and Applications (CCTA)},
  pages={1049--1055},
  year={2021},
  organization={IEEE}
}

@article{yazid2019position,
  title={Position control of a quadcopter drone using evolutionary algorithms-based self-tuning for first-order {T}akagi--{S}ugeno--{K}ang fuzzy logic autopilots},
  author={Yazid, Edwar and Garratt, Matthew and Santoso, Fendy},
  journal={Applied Soft Computing},
  volume={78},
  pages={373--392},
  year={2019},
  publisher={Elsevier}
}

@inproceedings{lund1997evolving,
  title={Evolving robot morphology},
  author={Lund, Henrik Hautop and Hallam, John and Lee, Wei-Po},
  booktitle={Proceedings of 1997 IEEE International Conference on Evolutionary Computation (ICEC'97)},
  pages={197--202},
  year={1997},
  organization={IEEE}
}

@article{forrest1993genetic,
  title={Genetic algorithms: principles of natural selection applied to computation},
  author={Forrest, Stephanie},
  journal={Science},
  volume={261},
  number={5123},
  pages={872--878},
  year={1993},
  publisher={American Association for the Advancement of Science}
}

@article{vujovic2017evolutionary,
  title={Evolutionary developmental robotics: Improving morphology and control of physical robots},
  author={Vujovic, Vuk and Rosendo, Andre and Brodbeck, Luzius and Iida, Fumiya},
  journal={Artificial life},
  volume={23},
  number={2},
  pages={169--185},
  year={2017},
  publisher={MIT Press One Rogers Street, Cambridge, MA 02142-1209, USA journals-info~…}
}

@article{du2016computational,
  title={Computational multicopter design},
  author={Du, Tao and Schulz, Adriana and Zhu, Bo and Bickel, Bernd and Matusik, Wojciech},
journal={ACM Transactions on Graphics},
  year={2016},
  publisher={Association for Computing Machinery (ACM)}
}

@inproceedings{carlone2019robot,
  title={Robot co-design: beyond the monotone case},
  author={Carlone, Luca and Pinciroli, Carlo},
  booktitle={2019 International Conference on Robotics and Automation (ICRA)},
  pages={3024--3030},
  year={2019},
  organization={IEEE}
}

@inproceedings{bergonti2024co,
  title={Co-design optimisation of morphing topology and control of winged drones},
  author={Bergonti, Fabio and Nava, Gabriele and W{\"u}est, Valentin and Paolino, Antonello and L’Erario, Giuseppe and Pucci, Daniele and Floreano, Dario},
  booktitle={2024 IEEE International Conference on Robotics and Automation (ICRA)},
  pages={8679--8685},
  year={2024},
  organization={IEEE}
}

@inproceedings{kulz2024optimizing,
  title={Optimizing modular robot composition: A lexicographic genetic algorithm approach},
  author={K{\"u}lz, Jonathan and Althoff, Matthias},
  booktitle={2024 IEEE International Conference on Robotics and Automation (ICRA)},
  pages={16752--16758},
  year={2024},
  organization={IEEE}
}

