@inproceedings{bergonti2024co,
  title={Co-design optimisation of morphing topology and control of winged drones},
  author={Bergonti, Fabio and Nava, Gabriele and W{\"u}est, Valentin and Paolino, Antonello and L’Erario, Giuseppe and Pucci, Daniele and Floreano, Dario},
  booktitle={2024 IEEE International Conference on Robotics and Automation (ICRA)},
  pages={8679--8685},
  year={2024},
  organization={IEEE}
}

@inproceedings{carlone2019robot,
  title={Robot co-design: beyond the monotone case},
  author={Carlone, Luca and Pinciroli, Carlo},
  booktitle={2019 International Conference on Robotics and Automation (ICRA)},
  pages={3024--3030},
  year={2019},
  organization={IEEE}
}

@article{du2016computational,
  title={Computational multicopter design},
  author={Du, Tao and Schulz, Adriana and Zhu, Bo and Bickel, Bernd and Matusik, Wojciech},
journal={ACM Transactions on Graphics},
  year={2016},
  publisher={Association for Computing Machinery (ACM)}
}

@article{hornby2011computer,
  title={Computer-automated evolution of an {X}-band antenna for {NASA}'s space technology 5 mission},
  author={Hornby, Gregory S and Lohn, Jason D and Linden, Derek S},
  journal={Evolutionary computation},
  volume={19},
  number={1},
  pages={1--23},
  year={2011},
  publisher={MIT Press One Rogers Street, Cambridge, MA 02142-1209, USA journals-info~…}
}

@inproceedings{shamshirgaran2021evolutionary,
  title={Evolutionary algorithms for multi-objective optimization of drone controller parameters},
  author={Shamshirgaran, Azin and Javidi, Hamed and Simon, Dan},
  booktitle={2021 IEEE Conference on Control Technology and Applications (CCTA)},
  pages={1049--1055},
  year={2021},
  organization={IEEE}
}

@article{vujovic2017evolutionary,
  title={Evolutionary developmental robotics: Improving morphology and control of physical robots},
  author={Vujovic, Vuk and Rosendo, Andre and Brodbeck, Luzius and Iida, Fumiya},
  journal={Artificial life},
  volume={23},
  number={2},
  pages={169--185},
  year={2017},
  publisher={MIT Press One Rogers Street, Cambridge, MA 02142-1209, USA journals-info~…}
}

@article{yazid2019position,
  title={Position control of a quadcopter drone using evolutionary algorithms-based self-tuning for first-order {T}akagi--{S}ugeno--{K}ang fuzzy logic autopilots},
  author={Yazid, Edwar and Garratt, Matthew and Santoso, Fendy},
  journal={Applied Soft Computing},
  volume={78},
  pages={373--392},
  year={2019},
  publisher={Elsevier}
}

