@article{alsharid2022gaze,
  title={Gaze-assisted automatic captioning of fetal ultrasound videos using three-way multi-modal deep neural networks},
  author={Alsharid, Mohammad and Cai, Yifan and Sharma, Harshita and Drukker, Lior and Papageorghiou, Aris T and Noble, J Alison},
  journal={Med. Image Anal.},
  volume={82},
  pages={102630},
  year={2022},
  publisher={Elsevier}
}

@article{bi2022vesnet,
  title={VesNet-RL: Simulation-based reinforcement learning for real-world us probe navigation},
  author={Bi, Yuan and Jiang, Zhongliang and Gao, Yuan and Wendler, Thomas and et al.},
  journal={IEEE Robot. Autom. Lett.},
  volume={7},
  number={3},
  pages={6638--6645},
  year={2022},
  publisher={IEEE}
}

@article{black2024human,
  title={Human teleoperation-a haptically enabled mixed reality system for teleultrasound},
  author={Black, David and Oloumi Yazdi, Yas and Hadi Hosseinabadi, Amir Hossein and Salcudean, Septimiu},
  journal={Human--Computer Interaction},
  volume={39},
  number={5-6},
  pages={529--552},
  year={2024},
  publisher={Taylor \& Francis}
}

@article{cai2020spatio,
  title={Spatio-temporal visual attention modelling of standard biometry plane-finding navigation},
  author={Cai, Yifan and Droste, Richard and Sharma, Harshita and Chatelain, Pierre and Drukker, Lior and Papageorghiou, Aris T and Noble, J Alison},
  journal={Med. Image Anal.},
  volume={65},
  pages={101762},
  year={2020},
  publisher={Elsevier}
}

@article{chatelain2017confidence,
  title={Confidence-driven control of an ultrasound probe},
  author={Chatelain, Pierre and Krupa, Alexandre and Navab, Nassir},
  journal={IEEE Transactions on Robotics},
  volume={33},
  number={6},
  pages={1410--1424},
  year={2017},
  publisher={IEEE}
}

@inproceedings{clancy2011gaze,
  title={Gaze-contingent autofocus system for robotic-assisted minimally invasive surgery},
  author={Clancy, Neil T and Mylonas, George P and Yang, Guang-Zhong and Elson, Daniel S},
  booktitle={2011 Annual International Conference of the IEEE Engineering in Medicine and Biology Society},
  pages={5396--5399},
  year={2011}
}

@article{fu2022robot,
  title={Robot-assisted teleoperation ultrasound system based on fusion of augmented reality and predictive force},
  author={Fu, Yongqing and Lin, Weiyang and Yu, Xinghu and Rodr{\'\i}guez-Andina, Juan J and Gao, Huijun},
  journal={IEEE Trans. Ind. Electron.},
  volume={70},
  number={7},
  pages={7449--7456},
  year={2022},
  publisher={IEEE}
}

@article{fujii2018gaze,
  title={Gaze gesture based human robot interaction for laparoscopic surgery},
  author={Fujii, Kenko and Gras, Gauthier and Salerno, Antonino and Yang, Guang-Zhong},
  journal={Med. Image Anal.},
  volume={44},
  pages={196--214},
  year={2018},
  publisher={Elsevier}
}

@inproceedings{goel2022autonomous,
  title={Autonomous ultrasound scanning using bayesian optimization and hybrid force control},
  author={Goel, Raghavv and Abhimanyu, Fnu and Patel, Kirtan and Galeotti, John and Choset, Howie},
  booktitle={ICRA},
  pages={8396--8402},
  year={2022}
}

@article{guo2019novel,
  title={A novel robotic guidance system with eye-gaze tracking control for needle-based interventions},
  author={Guo, Jing and Liu, Yi and Qiu, Qing and Huang, Jie and et al.},
  journal={IEEE Trans. Cogn. Dev. Syst.},
  volume={13},
  number={1},
  pages={179--188},
  year={2019},
  publisher={IEEE}
}

@article{huang2024robot,
  title={Robot-Assisted Deep Venous Thrombosis Ultrasound Examination using Virtual Fixture},
  author={Huang, Dianye and Yang, Chenguang and Zhou, Mingchuan and Karlas, Angelos and Navab, Nassir and Jiang, Zhongliang},
  journal={arXiv preprint arXiv:2401.02539},
  year={2024}
}

@article{huangQ2024robot,
  title={Robot-Assisted Autonomous Ultrasound Imaging for Carotid Artery},
  author={Huang, Qinghua and Gao, Bin and Wang, Mingliang},
  journal={IEEE Trans. Instrum. Meas.},
  year={2024},
  publisher={IEEE}
}

@article{jiang2020automatic,
  title={Automatic force-based probe positioning for precise robotic ultrasound acquisition},
  author={Jiang, Zhongliang and Grimm, Matthias and Zhou, Mingchuan and Hu, Ying and Esteban, Javier and Navab, Nassir},
  journal={IEEE Trans. Ind. Electron.},
  volume={68},
  number={11},
  pages={11200--11211},
  year={2020},
  publisher={IEEE}
}

@article{jiang2021autonomous,
  title={Autonomous robotic screening of tubular structures based only on real-time ultrasound imaging feedback},
  author={Jiang, Zhongliang and Li, Zhenyu and Grimm, Matthias and Zhou, Mingchuan and Esposito, Marco and Wein, Wolfgang and et al.},
  journal={IEEE Trans. Ind. Electron.},
  year={2021},
  publisher={IEEE}
}

@article{jiang2022precise,
  title={Precise repositioning of robotic ultrasound: Improving registration-based motion compensation using ultrasound confidence optimization},
  author={Jiang, Zhongliang and Danis, Nehil and Bi, Yuan and Zhou, Mingchuan and Kroenke, Markus and Wendler, Thomas and Navab, Nassir},
  journal={IEEE Trans. Instrum. Meas.},
  volume={71},
  pages={1--11},
  year={2022},
  publisher={IEEE}
}

@article{karamalis2012ultrasound,
  title={Ultrasound confidence maps using random walks},
  author={Karamalis, Athanasios and Wein, Wolfgang and Klein, Tassilo and Navab, Nassir},
  journal={Med. Image Anal.},
  volume={16},
  number={6},
  pages={1101--1112},
  year={2012},
  publisher={Elsevier}
}

@article{khosravan2019collaborative,
  title={A collaborative computer aided diagnosis (C-CAD) system with eye-tracking, sparse attentional model, and deep learning},
  author={Khosravan, Naji and Celik, Haydar and Turkbey, Baris and Jones, Elizabeth C and Wood, Bradford and Bagci, Ulas},
  journal={Med. Image Anal.},
  volume={51},
  pages={101--115},
  year={2019},
  publisher={Elsevier}
}

@inproceedings{kogkas2019free,
  title={Free-view, 3D gaze-guided robotic scrub nurse},
  author={Kogkas, Alexandros and Ezzat, Ahmed and Thakkar, Rudrik and Darzi, Ara and Mylonas, George},
  booktitle={MICCAI},
  pages={164--172},
  year={2019}
}

@article{kwok2012collaborative,
  title={Collaborative gaze channelling for improved cooperation during robotic assisted surgery},
  author={Kwok, Ka-Wai and Sun, Loi-Wah and Mylonas, George P and James, David RC and Orihuela-Espina, Felipe and Yang, Guang-Zhong},
  journal={Annals of biomedical engineering},
  volume={40},
  pages={2156--2167},
  year={2012},
  publisher={Springer}
}

@article{li2018free,
  title={Free head movement eye gaze contingent ultrasound interfaces for the da Vinci surgical system},
  author={Li, Zhaoshuo and Tong, Irene and Metcalf, Leo and Hennessey, Craig and Salcudean, Septimiu E},
  journal={IEEE Robot. Autom. Lett.},
  volume={3},
  number={3},
  pages={2137--2143},
  year={2018},
  publisher={IEEE}
}

@article{men2023gaze,
  title={Gaze-probe joint guidance with multi-task learning in obstetric ultrasound scanning},
  author={Men, Qianhui and Teng, Clare and Drukker, Lior and Papageorghiou, Aris T and Noble, J Alison},
  journal={Med. Image Anal.},
  volume={90},
  pages={102981},
  year={2023},
  publisher={Elsevier}
}

@article{mylonas2012gaze,
  title={Gaze-Contingent Motor Channelling, haptic constraints and associated cognitive demand for robotic MIS},
  author={Mylonas, George P and Kwok, Ka-Wai and James, David RC and Leff, Daniel and Orihuela-Espina, Felipe and Darzi, Ara and Yang, Guang-Zhong},
  journal={Med. Image Anal.},
  volume={16},
  number={3},
  pages={612--631},
  year={2012},
  publisher={Elsevier}
}

@inproceedings{noonan2010gaze,
  title={Gaze contingent control for an articulated mechatronic laparoscope},
  author={Noonan, David P and Mylonas, George P and Shang, Jianzhong and Payne, Christopher J and Darzi, Ara and Yang, Guang-Zhong},
  booktitle={2010 3rd IEEE RAS \& EMBS International Conference on Biomedical Robotics and Biomechatronics},
  pages={759--764},
  year={2010}
}

@article{pierrot1999hippocrate,
  title={Hippocrate: A safe robot arm for medical applications with force feedback},
  author={Pierrot, Fran{\c{c}}ois and Dombre, Etienne and D{\'e}goulange, Eric and Urbain, Lo{\"\i}c and Caron, Pierre and Boudet, Sylvie and et al.},
  journal={Med. Image Anal.},
  volume={3},
  number={3},
  pages={285--300},
  year={1999},
  publisher={Elsevier}
}

@article{wang2022follow,
  title={Follow my eye: Using gaze to supervise computer-aided diagnosis},
  author={Wang, Sheng and Ouyang, Xi and Liu, Tianming and Wang, Qian and Shen, Dinggang},
  journal={IEEE Transactions on Medical Imaging},
  volume={41},
  number={7},
  pages={1688--1698},
  year={2022},
  publisher={IEEE}
}

@inproceedings{zhou2016learning,
  title={Learning deep features for discriminative localization},
  author={Zhou, Bolei and Khosla, Aditya and Lapedriza, Agata and Oliva, Aude and Torralba, Antonio},
  booktitle={Proceedings of CVPR},
  pages={2921--2929},
  year={2016}
}

