% This file was created with JabRef 2.9.2.
% Encoding: Cp1252

@IEEEtranBSTCTL{IEEEexample:BSTcontrol,
CTLdash_repeated_names= "no",
}

@book{hoskins2019diagnostic,
  title={Diagnostic ultrasound: physics and equipment},
  author={Hoskins, Peter R and Martin, Kevin and Thrush, Abigail},
  year={2019},
  publisher={CRC Press}
}

@article{stone2010needle,
  title={Needle tip visualization during ultrasound-guided vascular access: short-axis vs long-axis approach},
  author={Stone, Michael B and Moon, Cynthia and Sutijono, Darrell and Blaivas, Michael},
  journal={The American journal of emergency medicine},
  volume={28},
  number={3},
  pages={343--347},
  year={2010},
  publisher={Elsevier}
}

@article{muir2004nature,
  title={The nature, cause, and extent of occupational musculoskeletal injuries among sonographers: recommendations for treatment and prevention},
  author={Muir, Marylou and Hrynkow, Paul and Chase, Robert and Boyce, Dianne and Mclean, Daria},
  journal={Journal of Diagnostic Medical Sonography},
  volume={20},
  number={5},
  pages={317--325},
  year={2004},
  publisher={Sage Publications Sage CA: Thousand Oaks, CA}
}

@misc{yang2020combating,
  title={Combating COVID-19â€”The role of robotics in managing public health and infectious diseases},
  author={Yang, Guang-Zhong and J. Nelson, Bradley and Murphy, Robin R and Choset, Howie and Christensen, Henrik and H. Collins, Steven and Dario, Paolo and Goldberg, Ken and Ikuta, Koji and Jacobstein, Neil and others},
  journal={Science Robotics},
  volume={5},
  number={40},
  pages={eabb5589},
  year={2020},
  publisher={American Association for the Advancement of Science}
}

@inproceedings{conti2014interface,
  title={Interface design and control strategies for a robot assisted ultrasonic examination system},
  author={Conti, Fran{\c{c}}ois and Park, Jaeheung and Khatib, Oussama},
  booktitle={Experimental Robotics},
  pages={97--113},
  year={2014}
}

@article{santos2018computed,
  title={Computed-torque control for robotic-assisted tele-echography based on perceived stiffness estimation},
  author={Santos, Lu{\'\i}s and Cortes{\~a}o, Rui},
  journal={IEEE Trans. Autom. Sci. Eng.},
  volume={15},
  number={3},
  pages={1337--1354},
  year={2018},
  publisher={IEEE}
}

@article{hennersperger2016towards,
  title={Towards MRI-based autonomous robotic US acquisitions: a first feasibility study},
  author={Hennersperger, Christoph and Fuerst, Bernhard and Virga, Salvatore and Zettinig, Oliver and Frisch, Benjamin and Neff, Thomas and Navab, Nassir},
  journal={IEEE transactions on medical imaging},
  volume={36},
  number={2},
  pages={538--548},
  year={2016},
  publisher={IEEE}
}

@inproceedings{virga2016automatic,
  title={Automatic force-compliant robotic ultrasound screening of abdominal aortic aneurysms},
  author={Virga, Salvatore and Zettinig, Oliver and Esposito, Marco and Pfister, Karin and Frisch, Benjamin and Neff, Thomas and Navab, Nassir and Hennersperger, Christoph},
  booktitle={2016 IROS},
  pages={508--513},
  year={2016}
}


@article{chatelain2017confidence,
  title={Confidence-driven control of an ultrasound probe},
  author={Chatelain, Pierre and Krupa, Alexandre and Navab, Nassir},
  journal={IEEE Transactions on Robotics},
  volume={33},
  number={6},
  pages={1410--1424},
  year={2017},
  publisher={IEEE}
}

@article{jiang2019automatic,
  title={Automatic normal positioning of robotic ultrasound probe based only on confidence map optimization and force measurement},
  author={Jiang, Zhongliang and Grimm, Matthias and Zhou, Mingchuan and Esteban, Javier and Simson, Walter and et al.},
  journal={IEEE Robot. Autom. Lett.},
  volume={5},
  number={2},
  pages={1342--1349},
  year={2020},
  publisher={IEEE}
}

@article{jiang2020automatic,
  title={Automatic force-based probe positioning for precise robotic ultrasound acquisition},
  author={Jiang, Zhongliang and Grimm, Matthias and Zhou, Mingchuan and Hu, Ying and Esteban, Javier and Navab, Nassir},
  journal={IEEE Trans. Ind. Electron.},
  volume={68},
  number={11},
  pages={11200--11211},
  year={2020},
  publisher={IEEE}
}

@article{jiang2021deformation,
  title={Deformation-aware robotic 3D ultrasound},
  author={Jiang, Zhongliang and Zhou, Yue and Bi, Yuan and Zhou, Mingchuan and Wendler, Thomas and Navab, Nassir},
  journal={IEEE Robot. Autom. Lett.},
  volume={6},
  number={4},
  pages={7675--7682},
  year={2021},
  publisher={IEEE}
}

@article{balter2016adaptive,
  title={Adaptive kinematic control of a robotic venipuncture device based on stereo vision, ultrasound, and force guidance},
  author={Balter, Max L and Chen, Alvin I and Maguire, Timothy J and Yarmush, Martin L},
  journal={IEEE Trans. Ind. Electron.},
  volume={64},
  number={2},
  pages={1626--1635},
  year={2016},
  publisher={IEEE}
}

@article{yang2021automatic,
  title={Automatic 3-D imaging and measurement of human spines with a robotic ultrasound system},
  author={Yang, Cui and Jiang, Mingyao and Chen, Mianjie and Fu, Maoqing and Li, Jianyi and Huang, Qinghua},
  journal={IEEE Trans. Instrum. Meas.},
  volume={70},
  pages={1--13},
  year={2021},
  publisher={IEEE}
}

@article{von2021medical,
  title={Medical robotics for ultrasound imaging: current systems and future trends},
  author={von Haxthausen, Felix and B{\"o}ttger, Sven and Wulff, Daniel and Hagenah, Jannis and et al.},
  journal={Current Robotics Reports},
  volume={2},
  number={1},
  pages={55--71},
  year={2021},
  publisher={Springer}
}

@article{mnih2015human,
  title={Human-level control through deep reinforcement learning},
  author={Mnih, Volodymyr and Kavukcuoglu, Koray and Silver, David and Rusu, Andrei A and Veness, Joel and Bellemare, Marc G and Graves, Alex and Riedmiller, Martin and Fidjeland, Andreas K and Ostrovski, Georg and others},
  journal={nature},
  volume={518},
  number={7540},
  pages={529--533},
  year={2015},
  publisher={Nature Publishing Group}
}

@inproceedings{zeng2018learning,
  title={Learning synergies between pushing and grasping with self-supervised deep reinforcement learning},
  author={Zeng, Andy and Song, Shuran and Welker, Stefan and Lee, Johnny and Rodriguez, Alberto and Funkhouser, Thomas},
  booktitle={2018 IROS},
  pages={4238--4245},
  year={2018}
}

@inproceedings{zhu2017target,
  title={Target-driven visual navigation in indoor scenes using deep reinforcement learning},
  author={Zhu, Yuke and Mottaghi, Roozbeh and Kolve, Eric and Lim, Joseph J and Gupta, Abhinav and Fei-Fei, Li and Farhadi, Ali},
  booktitle={2017 ICRA},
  pages={3357--3364},
  year={2017}
}

@inproceedings{jiang2020standard,
  title={Standard Plane Extraction From 3D Ultrasound With 6-DOF Deep Reinforcement Learning Agent},
  author={Jiang, Baichuan and Xu, Keshuai and Taylor, Russell H and Graham, Ernest and Unberath, Mathias and Boctor, Emad M},
  booktitle={2020 IEEE International Ultrasonics Symposium (IUS)},
  pages={1--4},
  year={2020}
}

@inproceedings{hase2020ultrasound,
  title={Ultrasound-guided robotic navigation with deep reinforcement learning},
  author={Hase, Hannes and Azampour, Mohammad Farid and Tirindelli, Maria and Paschali, Magdalini and Simson, Walter and Fatemizadeh, Emad and Navab, Nassir},
  booktitle={2020 IROS},
  pages={5534--5541},
  year={2020}
}

@inproceedings{li2021autonomous,
  title={Autonomous navigation of an ultrasound probe towards standard scan planes with deep reinforcement learning},
  author={Li, Keyu and Wang, Jian and Xu, Yangxin and Qin, Hao and Liu, Dongsheng and Liu, Li and Meng, Max Q-H},
  booktitle={2021 ICRA},
  pages={8302--8308},
  year={2021}
}

@inproceedings{akbari2021robot,
  title={Robot-assisted Breast Ultrasound Scanning Using Geometrical Analysis of the Seroma and Image Segmentation},
  author={Akbari, Mojtaba and Carriere, Jay and Sloboda, Ron and Meyer, Tyler and Usmani, Nawaid and Husain, Siraj and Tavakoli, Mahdi},
  booktitle={2021 IROS},
  pages={3784--3791},
  year={2021}
}

@article{ning2021autonomic,
  title={Autonomic robotic ultrasound imaging system based on reinforcement learning},
  author={Ning, Guochen and Zhang, Xinran and Liao, Hongen},
  journal={IEEE Transactions on Biomedical Engineering},
  volume={68},
  number={9},
  pages={2787--2797},
  year={2021},
  publisher={IEEE}
}

@article{arulkumaran2017deep,
  title={Deep reinforcement learning: A brief survey},
  author={Arulkumaran, Kai and Deisenroth, Marc Peter and Brundage, Miles and Bharath, Anil Anthony},
  journal={IEEE Signal Processing Magazine},
  volume={34},
  number={6},
  pages={26--38},
  year={2017},
  publisher={IEEE}
}

@inproceedings{mnih2016asynchronous,
  title={Asynchronous methods for deep reinforcement learning},
  author={Mnih, Volodymyr and Badia, Adria Puigdomenech and Mirza, Mehdi and Graves, Alex and Lillicrap, Timothy and Harley, Tim and Silver, David and Kavukcuoglu, Koray},
  booktitle={International conference on machine learning},
  pages={1928--1937},
  year={2016},
  organization={PMLR}
}

@article{weng2019unet,
  title={Nas-unet: Neural architecture search for medical image segmentation},
  author={Weng, Yu and Zhou, Tianbao and Li, Yujie and Qiu, Xiaoyu},
  journal={IEEE Access},
  volume={7},
  pages={44247--44257},
  year={2019},
  publisher={IEEE}
}

@inproceedings{huang2020unet,
  title={Unet 3+: A full-scale connected unet for medical image segmentation},
  author={Huang, Huimin and Lin, Lanfen and Tong, Ruofeng and Hu, Hongjie and Zhang, Qiaowei and Iwamoto, Yutaro and Han, Xianhua and Chen, Yen-Wei and Wu, Jian},
  booktitle={ICASSP 2020-2020 IEEE International Conference on Acoustics, Speech and Signal Processing (ICASSP)},
  pages={1055--1059},
  year={2020}
}

@inproceedings{christodoulou2012full,
  title={Full-automated system for the segmentation of the common carotid artery in ultrasound images},
  author={Christodoulou, Lakis and Loizou, Christos P and Spyrou, Christina and Kasparis, Takis and Pantziaris, Marios},
  booktitle={2012 5th international symposium on communications, control and signal processing},
  pages={1--6},
  year={2012}
}

@article{baumgartner2017sononet,
  title={SonoNet: real-time detection and localisation of fetal standard scan planes in freehand ultrasound},
  author={Baumgartner, Christian F and Kamnitsas, Konstantinos and Matthew, Jacqueline and Fletcher, Tara P and Smith, Sandra and Koch, Lisa M and Kainz, Bernhard and Rueckert, Daniel},
  journal={IEEE transactions on medical imaging},
  volume={36},
  number={11},
  pages={2204--2215},
  year={2017},
  publisher={IEEE}
}

@article{jiang2021autonomous,
  title={Autonomous robotic screening of tubular structures based only on real-time ultrasound imaging feedback},
  author={Jiang, Zhongliang and Li, Zhenyu and Grimm, Matthias and Zhou, Mingchuan and Esposito, Marco and Wein, Wolfgang and et al.},
  journal={IEEE Trans. Ind. Electron.},
  year={2021},
  publisher={IEEE}
}

@inproceedings{yun2017action,
  title={Action-decision networks for visual tracking with deep reinforcement learning},
  author={Yun, Sangdoo and Choi, Jongwon and Yoo, Youngjoon and Yun, Kimin and Young Choi, Jin},
  booktitle={Proceedings of CVPR},
  pages={2711--2720},
  year={2017}
}

@inproceedings{zhao2020sim,
  title={Sim-to-real transfer in deep reinforcement learning for robotics: a survey},
  author={Zhao, Wenshuai and Queralta, Jorge Pe{\~n}a and Westerlund, Tomi},
  booktitle={2020 IEEE Symposium Series on Computational Intelligence (SSCI)},
  pages={737--744},
  year={2020}
}

@article{kingma2014adamF,
  title={Adam: A method for stochastic optimization},
  author={Kingma, Diederik P and Ba, Jimmy},
  journal={arXiv preprint arXiv:1412.6980},
  year={2014}
}

@article{lake2017building,
  title={Building machines that learn and think like people},
  author={Lake, Brenden M and Ullman, Tomer D and Tenenbaum, Joshua B and Gershman, Samuel J},
  journal={Behavioral and brain sciences},
  volume={40},
  year={2017},
  publisher={Cambridge University Press}
}

@article{gilbertson2015force,
  title={Force and position control system for freehand ultrasound},
  author={Gilbertson, Matthew W and Anthony, Brian W},
  journal={IEEE Transactions on Robotics},
  volume={31},
  number={4},
  pages={835--849},
  year={2015},
  publisher={IEEE}
}

@article{pierrot1999hippocrate,
  title={Hippocrate: A safe robot arm for medical applications with force feedback},
  author={Pierrot, Fran{\c{c}}ois and Dombre, Etienne and D{\'e}goulange, Eric and Urbain, Lo{\"\i}c and Caron, Pierre and Boudet, Sylvie and et al.},
  journal={Med. Image Anal.},
  volume={3},
  number={3},
  pages={285--300},
  year={1999},
  publisher={Elsevier}
}

@article{hussein2017imitation,
  title={Imitation learning: A survey of learning methods},
  author={Hussein, Ahmed and Gaber, Mohamed Medhat and Elyan, Eyad and Jayne, Chrisina},
  journal={ACM Computing Surveys (CSUR)},
  volume={50},
  number={2},
  pages={1--35},
  year={2017},
  publisher={ACM New York, NY, USA}
}

@article{molinari2010state,
  title={A state of the art review on intima--media thickness (IMT) measurement and wall segmentation techniques for carotid ultrasound},
  author={Molinari, Filippo and Zeng, Guang and Suri, Jasjit S},
  journal={Computer methods and programs in biomedicine},
  volume={100},
  number={3},
  pages={201--221},
  year={2010},
  publisher={Elsevier}
}

@article{rizi2020carotid,
  title={Carotid wall longitudinal motion in ultrasound imaging: an expert consensus review},
  author={Rizi, Fereshteh Yousefi and Au, Jason and Yli-Ollila, Heikki and Golemati, Spyretta and Mak{\=u}nait{\.e}, Monika and Orkisz, Maciej and Navab, Nassir and MacDonald, Maureen and Laitinen, Tiina Marja and Behnam, Hamid and others},
  journal={Ultrasound in Medicine \& Biology},
  volume={46},
  number={10},
  pages={2605--2624},
  year={2020},
  publisher={Elsevier}
}

@article{huang2021towards,
  title={Towards Fully Autonomous Ultrasound Scanning Robot With Imitation Learning Based on Clinical Protocols},
  author={Huang, Yanwei and Xiao, Wei and Wang, Chuyang and Liu, Hengli and Huang, Rui and Sun, Zhenglong},
  journal={IEEE Robot. Autom. Lett.},
  volume={6},
  number={2},
  pages={3671--3678},
  year={2021},
  publisher={IEEE}
}

@article{alansary2019evaluating,
  title={Evaluating reinforcement learning agents for anatomical landmark detection},
  author={Alansary, Amir and Oktay, Ozan and Li, Yuanwei and Le Folgoc, Loic and Hou, Benjamin and Vaillant, Ghislain and Kamnitsas, Konstantinos and Vlontzos, Athanasios and Glocker, Ben and Kainz, Bernhard and others},
  journal={Med. Image Anal.},
  volume={53},
  pages={156--164},
  year={2019},
  publisher={Elsevier}
}

@article{geroulakos1993characterization,
  title={Characterization of symptomatic and asymptomatic carotid plaques using high-resolution real-time ultrasonography},
  author={Geroulakos, George and Ramaswami, G and Nicolaides, Ardrew and James, K and Labropoulos, N and Belcaro, G and Holloway, M},
  journal={Journal of British Surgery},
  volume={80},
  number={10},
  pages={1274--1277},
  year={1993},
  publisher={Oxford University Press}
}

@article{lee2014general,
  title={General principles of carotid Doppler ultrasonography},
  author={Lee, Whal},
  journal={Ultrasonography},
  volume={33},
  number={1},
  pages={11},
  year={2014},
  publisher={Korean Society of Ultrasound in Medicine}
}

@article{seto2010real,
  title={Real-time ultrasound guidance facilitates femoral arterial access and reduces vascular complications: FAUST (Femoral Arterial Access With Ultrasound Trial)},
  author={Seto, Arnold H and Abu-Fadel, Mazen S and Sparling, Jeffrey M and Zacharias, Soni J and Daly, Timothy S and Harrison, Alexander T and Suh, William M and Vera, Jesus A and Aston, Christopher E and Winters, Rex J and others},
  journal={JACC: Cardiovascular Interventions},
  volume={3},
  number={7},
  pages={751--758},
  year={2010},
  publisher={American College of Cardiology Foundation Washington, DC}
}

@article{inzitari2000causes,
  title={The causes and risk of stroke in patients with asymptomatic internal-carotid-artery stenosis},
  author={Inzitari, Domenico and Eliasziw, Michael and Gates, Peter and Sharpe, Brenda L and Chan, Richard KT and Meldrum, Heather E and Barnett, Henry JM},
  journal={New England Journal of Medicine},
  volume={342},
  number={23},
  pages={1693--1701},
  year={2000},
  publisher={Mass Medical Soc}
}

@article{nezu2015carotid,
  title={Carotid intima-media thickness for atherosclerosis},
  author={Nezu, Tomohisa and Hosomi, Naohisa and Aoki, Shiro and Matsumoto, Masayasu},
  journal={Journal of atherosclerosis and thrombosis},
  pages={31989},
  year={2015},
  publisher={Japan Atherosclerosis Society}
}

@article{spence2002carotid,
  title={Carotid plaque area: a tool for targeting and evaluating vascular preventive therapy},
  author={Spence, J David and Eliasziw, Michael and DiCicco, Maria and Hackam, Daniel G and Galil, Ramzy and Lohmann, Tara},
  journal={Stroke},
  volume={33},
  number={12},
  pages={2916--2922},
  year={2002},
  publisher={Am Heart Assoc}
}


@article{kanters_reproducibility_1997,
	title = {Reproducibility of in vivo carotid intima-media thickness measurements: a review},
	volume = {28},
	issn = {0039-2499},
	shorttitle = {Reproducibility of in vivo carotid intima-media thickness measurements},
	doi = {10.1161/01.str.28.3.665},
	abstract = {BACKGROUND: The early phase of atherosclerosis can be studied by two-dimensional B-mode ultrasonography. Measurements of the combined thickness of the carotid intima and media arc currently used as intermediate outcome in clinical trials. Comparison of results between studies is difficult because of the different methods of image acquisition and analysis used. We review these methods and the reported reproducibility of intima-media thickness (IMT) measurements.
SUMMARY OF REVIEW: Articles were collected using the MEDLINE literature search system and the references in the selected articles. Literature concerning human in vivo IMT measurements published in the English language in the period 1991 through 1995 was reviewed. A description of the methods of measuring IMT to determine intraobserver and/or interobserver variability was a prerequisite for inclusion. Twenty-three studies were included. Best reproducibility was found when measuring the mean IMT in the common carotid artery in more than one direction.
CONCLUSIONS: We conclude that a consensus concerning the assessment of IMT is urgently needed. Variability of IMT measurements is lowest when determining the mean thickness in the common carotid artery in different directions.},
	language = {eng},
	number = {3},
	journal = {Stroke},
	author = {Kanters, S. D. and Algra, A. and van Leeuwen, M. S. and Banga, J. D.},
	month = mar,
	year = {1997},
	pmid = {9056629},
	keywords = {Carotid Arteries, Humans, Observer Variation, Reproducibility of Results, Tunica Intima, Tunica Media, Ultrasonography},
	pages = {665--671},
}

@inproceedings{droste2020automatic,
  title={Automatic probe movement guidance for freehand obstetric ultrasound},
  author={Droste, Richard and Drukker, Lior and Papageorghiou, Aris T and Noble, J Alison},
  booktitle={MICCAI},
  pages={583--592},
  year={2020}
}

@article{liu2022globally,
  title={Globally Optimal Linear Model Fitting with Unit-Norm Constraint},
  author={Liu, Yinlong and Wang, Yiru and Wang, Manning and et al.},
  journal={International Journal of Computer Vision},
  volume={130},
  number={4},
  pages={933--946},
  year={2022},
  publisher={Springer}
}

@article{zou2021kam,
  title={KAM-Net: Keypoint-Aware and Keypoint-Matching Network for Vehicle Detection from 2D Point Cloud},
  author={Zou, Tianpei and Chen, Guang and Li, Zhijun and He, Wei and Qu, Sanqing and Gu, Shangding and Knoll, Alois},
  journal={IEEE Transactions on Artificial Intelligence},
  year={2021},
  publisher={IEEE}
}


@inproceedings{lu2020learning,
  title={A learning-driven framework with spatial optimization for surgical suture thread reconstruction and autonomous grasping under multiple topologies and environmental noises},
  author={Lu, Bo and Chen, Wei and Jin, Yue-Ming and Zhang, Dandan and Dou, Qi and Chu, Henry K and Heng, Pheng-Ann and Liu, Yun-Hui},
  booktitle={2020 IROS},
  pages={3075--3082},
  year={2020}
}


@article{lu2021toward,
  title={Toward Image-Guided Automated Suture Grasping Under Complex Environments: A Learning-Enabled and Optimization-Based Holistic Framework},
  author={Lu, Bo and Li, Bin and Chen, Wei and Jin, Yueming and Zhao, Zixu and et al.},
  journal={IEEE Trans. Autom. Sci. Eng.},
  year={2021},
  publisher={IEEE}
}

@article{bao2023novel,
  title={A Novel Ultrasound Robot With Force/Torque Measurement and Control for Safe and Efficient Scanning},
  author={Bao, Xianqiang and Wang, Shuangyi and Zheng, Lingling and Housden, Richard James and Hajnal, Joseph V and Rhode, Kawal},
  journal={IEEE Trans. Instrum. Meas.},
  volume={72},
  pages={1--12},
  year={2023},
  publisher={IEEE}
}
@article{huang2018robotic,
  title={Robotic arm based automatic ultrasound scanning for three-dimensional imaging},
  author={Huang, Qinghua and Lan, Jiulong and Li, Xuelong},
  journal={IEEE Trans. Ind. Inform.},
  volume={15},
  number={2},
  pages={1173--1182},
  year={2018},
  publisher={IEEE}
}
@article{dyck2022impedance,
  title={Impedance control on arbitrary surfaces for ultrasound scanning using discrete differential geometry},
  author={Dyck, Michael and Sachtler, Arne and Klodmann, Julian and Albu-Sch{\"a}ffer, Alin},
  journal={IEEE Robot. Autom. Lett.},
  volume={7},
  number={3},
  pages={7738--7746},
  year={2022},
  publisher={IEEE}
}
@article{suligoj2021robust,
  title={RobUSt--an autonomous robotic ultrasound system for medical imaging},
  author={Suligoj, Filip and Heunis, Christoff M and Sikorski, Jakub and Misra, Sarthak},
  journal={IEEE Access},
  volume={9},
  pages={67456--67465},
  year={2021},
  publisher={IEEE}
}
@article{wang2022full,
  title={Full-Coverage Path Planning and Stable Interaction Control for Automated Robotic Breast Ultrasound Scanning},
  author={Wang, Ziwen and Zhao, Baoliang and Zhang, Peng and Yao, Liang and Wang, Qiong and Li, Bing and Meng, Max Q-H and Hu, Ying},
  journal={IEEE Trans. Ind. Electron.},
  volume={70},
  number={7},
  pages={7051--7061},
  year={2022},
  publisher={IEEE}
}
@article{jiang2022towards,
  title={Towards autonomous atlas-based ultrasound acquisitions in presence of articulated motion},
  author={Jiang, Zhongliang and Gao, Yuan and Xie, Le and Navab, Nassir},
  journal={IEEE Robot. Autom. Lett.},
  volume={7},
  number={3},
  pages={7423--7430},
  year={2022},
  publisher={IEEE}
}
@article{gobl2017acoustic,
  title={Acoustic window planning for ultrasound acquisition},
  author={G{\"o}bl, R{\"u}diger and Virga, Salvatore and Rackerseder, Julia and Frisch, Benjamin and Navab, Nassir and Hennersperger, Christoph},
  journal={International Journal of Computer Assisted Radiology and Surgery},
  volume={12},
  pages={993--1001},
  year={2017},
  publisher={Springer}
}
@inproceedings{bal2023curvature,
  title={A Curvature and Trajectory Optimization-based 3D Surface Reconstruction Pipeline for Ultrasound Trajectory Generation},
  author={Bal, Ananya and Gupta, Ashutosh and Abhimanyu, Fnu and Galeotti, John and Choset, Howie},
  booktitle={2023 ICRA},
  pages={2724--2730},
  year={2023}
}
@inproceedings{mustafa2013development,
  title={Development of robotic system for autonomous liver screening using ultrasound scanning device},
  author={Mustafa, Ammar Safwan Bin and Ishii, Takashi and Matsunaga, Yoshiki and Nakadate, Ryu and Ishii, Hiroyuki and Ogawa, Kouji and Saito, Akiko and Sugawara, Motoaki and Niki, Kiyomi and Takanishi, Atsuo},
  booktitle={2013 IEEE international conference on robotics and biomimetics (ROBIO)},
  pages={804--809},
  year={2013}
}
@article{shida2023automated,
  title={Automated Image Acquisition of Parasternal Long-Axis View with Robotic Echocardiography},
  author={Shida, Yuuki and Kumagai, Souto and Tsumura, Ryosuke and Iwata, Hiroyasu},
  journal={IEEE Robot. Autom. Lett.},
  year={2023},
  publisher={IEEE}
}
@article{yang2021searching,
  title={Searching collaborative agents for multi-plane localization in 3D ultrasound},
  author={Yang, Xin and Huang, Yuhao and Huang, Ruobing and Dou, Haoran and Li, Rui and Qian, Jikuan and Huang, Xiaoqiong and Shi, Wenlong and Chen, Chaoyu and Zhang, Yuanji and others},
  journal={Med. Image Anal.},
  volume={72},
  pages={102119},
  year={2021},
  publisher={Elsevier}
}
@article{sahba2008application,
  title={Application of reinforcement learning for segmentation of transrectal ultrasound images},
  author={Sahba, Farhang and Tizhoosh, Hamid R and Salama, Magdy MA},
  journal={BMC medical imaging},
  volume={8},
  pages={1--10},
  year={2008},
  publisher={Springer}
}
@inproceedings{liu2020ultrasound,
  title={Ultrasound video summarization using deep reinforcement learning},
  author={Liu, Tianrui and Meng, Qingjie and Vlontzos, Athanasios and Tan, Jeremy and Rueckert, Daniel and Kainz, Bernhard},
  booktitle={MICCAI},
  pages={483--492},
  year={2020}
}
@article{wang2016does,
  title={Where does AlphaGo go: From church-turing thesis to AlphaGo thesis and beyond},
  author={Wang, Fei-Yue and Zhang, Jun Jason and Zheng, Xinhu and Wang, Xiao and Yuan, Yong and Dai, Xiaoxiao and Zhang, Jie and Yang, Liuqing},
  journal={IEEE/CAA Journal of Automatica Sinica},
  volume={3},
  number={2},
  pages={113--120},
  year={2016},
  publisher={IEEE}
}
@article{li2021image,
  title={Image-guided navigation of a robotic ultrasound probe for autonomous spinal sonography using a shadow-aware dual-agent framework},
  author={Li, Keyu and Xu, Yangxin and Wang, Jian and Ni, Dong and Liu, Li and Meng, Max Q-H},
  journal={IEEE Trans. Med. Robot. Bionics},
  volume={4},
  number={1},
  pages={130--144},
  year={2021},
  publisher={IEEE}
}
@article{bi2022vesnet,
  title={VesNet-RL: Simulation-based reinforcement learning for real-world us probe navigation},
  author={Bi, Yuan and Jiang, Zhongliang and Gao, Yuan and Wendler, Thomas and et al.},
  journal={IEEE Robot. Autom. Lett.},
  volume={7},
  number={3},
  pages={6638--6645},
  year={2022},
  publisher={IEEE}
}
@inproceedings{ronneberger2015u,
  title={U-net: Convolutional networks for biomedical image segmentation},
  author={Ronneberger, Olaf and Fischer, Philipp and Brox, Thomas},
  booktitle={MICCAI},
  pages={234--241},
  year={2015}
}
@article{ning2021force,
  title={Force-guided autonomous robotic ultrasound scanning control method for soft uncertain environment},
  author={Ning, Guochen and Chen, Jiaqi and Zhang, Xinran and Liao, Hongen},
  journal={International Journal of Computer Assisted Radiology and Surgery},
  volume={16},
  number={12},
  pages={2189--2199},
  year={2021},
  publisher={Springer}
}
@article{ning2023autonomous,
  title={Autonomous Robotic Ultrasound Vascular Imaging System With Decoupled Control Strategy for External-Vision-Free Environments},
  author={Ning, Guochen and Liang, Hanying and Zhang, Xinran and Liao, Hongen},
  journal={IEEE Transactions on Biomedical Engineering},
  year={2023},
  publisher={IEEE}
}
@article{dosovitskiy2020image,
  title={An image is worth 16x16 words: Transformers for image recognition at scale},
  author={Dosovitskiy, Alexey and Beyer, Lucas and Kolesnikov, Alexander and Weissenborn, Dirk and Zhai, Xiaohua and Unterthiner, Thomas and Dehghani, Mostafa and Minderer, Matthias and Heigold, Georg and Gelly, Sylvain and others},
  journal={arXiv preprint arXiv:2010.11929},
  year={2020}
}
@article{li2023rl,
  title={RL-TEE: Autonomous Probe Guidance for Transesophageal Echocardiography Based on Attention-Augmented Deep Reinforcement Learning},
  author={Li, Keyu and Li, Ang and Xu, Yangxin and Xiong, Huahua and Meng, Max Q-H},
  journal={IEEE Trans. Autom. Sci. Eng.},
  year={2023},
  publisher={IEEE}
}
@article{jiang2023skeleton,
  title={Skeleton Graph-Based Ultrasound-CT Non-Rigid Registration},
  author={Jiang, Zhongliang and Li, Xuesong and Zhang, Chenyu and Bi, Yuan and Stechele, Walter and Navab, Nassir},
  journal={IEEE Robot. Autom. Lett.},
  year={2023},
  publisher={IEEE}
}
@article{jiang2023thoracic,
  title={Thoracic Cartilage Ultrasound-CT Registration using Dense Skeleton Graph},
  author={Jiang, Zhongliang and Li, Chenyang and Li, Xuesong and Navab, Nassir},
  journal={arXiv preprint arXiv:2307.03800},
  year={2023}
}
@article{mnih2013playing,
  title={Playing atari with deep reinforcement learning},
  author={Mnih, Volodymyr and Kavukcuoglu, Koray and Silver, David and Graves, Alex and Antonoglou, Ioannis and Wierstra, Daan and Riedmiller, Martin},
  journal={arXiv preprint arXiv:1312.5602},
  year={2013}
}
@inproceedings{van2016deep,
  title={Deep reinforcement learning with double q-learning},
  author={Van Hasselt, Hado and Guez, Arthur and Silver, David},
  booktitle={Proceedings of the AAAI conference on artificial intelligence},
  volume={30},
  number={1},
  year={2016}
}
@inproceedings{wang2016dueling,
  title={Dueling network architectures for deep reinforcement learning},
  author={Wang, Ziyu and Schaul, Tom and Hessel, Matteo and Hasselt, Hado and Lanctot, Marc and Freitas, Nando},
  booktitle={International conference on machine learning},
  pages={1995--2003},
  year={2016},
  organization={PMLR}
}
@article{schaul2015prioritized,
  title={Prioritized experience replay},
  author={Schaul, Tom and Quan, John and Antonoglou, Ioannis and Silver, David},
  journal={arXiv preprint arXiv:1511.05952},
  year={2015}
}
@article{soler20103d,
  title={3D image reconstruction for comparison of algorithm database: A patient specific anatomical and medical image database},
  author={Soler, Luc and Hostettler, Alexandre and Agnus, Vincent and Charnoz, Arnaud and Fasquel, J and Moreau, Johan and Osswald, A and Bouhadjar, Mourad and Marescaux, Jacques},
  journal={IRCAD, Strasbourg, France, Tech. Rep},
  volume={1},
  number={1},
  year={2010}
}
@article{tianshou,
  author  = {Jiayi Weng and Huayu Chen and Dong Yan and Kaichao You and Alexis Duburcq and Minghao Zhang and Yi Su and Hang Su and Jun Zhu},
  title   = {Tianshou: A Highly Modularized Deep Reinforcement Learning Library},
  journal = {Journal of Machine Learning Research},
  year    = {2022},
  volume  = {23},
  number  = {267},
  pages   = {1--6},
  url     = {http://jmlr.org/papers/v23/21-1127.html}
}
@article{paszke2019pytorch,
  title={Pytorch: An imperative style, high-performance deep learning library},
  author={Paszke, Adam and Gross, Sam and Massa, Francisco and Lerer, Adam and Bradbury, James and Chanan, Gregory and Killeen, Trevor and Lin, Zeming and Gimelshein, Natalia and Antiga, Luca and others},
  journal={Advances in neural information processing systems},
  volume={32},
  year={2019}
}
@article{brockman2016openai,
  title={Openai gym},
  author={Brockman, Greg and Cheung, Vicki and Pettersson, Ludwig and Schneider, Jonas and Schulman, John and Tang, Jie and Zaremba, Wojciech},
  journal={arXiv preprint arXiv:1606.01540},
  year={2016}
}

@article{huang2024robot,
  title={Robot-Assisted Deep Venous Thrombosis Ultrasound Examination using Virtual Fixture},
  author={Huang, Dianye and Yang, Chenguang and Zhou, Mingchuan and Karlas, Angelos and Navab, Nassir and Jiang, Zhongliang},
  journal={arXiv preprint arXiv:2401.02539},
  year={2024}
}

@article{karamalis2012ultrasound,
  title={Ultrasound confidence maps using random walks},
  author={Karamalis, Athanasios and Wein, Wolfgang and Klein, Tassilo and Navab, Nassir},
  journal={Med. Image Anal.},
  volume={16},
  number={6},
  pages={1101--1112},
  year={2012},
  publisher={Elsevier}
}

@article{jiang2023robotic,
  title={Robotic ultrasound imaging: State-of-the-art and future perspectives},
  author={Jiang, Zhongliang and Salcudean, Septimiu E and et al.},
  journal={Med. Image Anal.},
  pages={102878},
  year={2023},
  publisher={Elsevier}
}

@article{cai2020spatio,
  title={Spatio-temporal visual attention modelling of standard biometry plane-finding navigation},
  author={Cai, Yifan and Droste, Richard and Sharma, Harshita and Chatelain, Pierre and Drukker, Lior and Papageorghiou, Aris T and Noble, J Alison},
  journal={Med. Image Anal.},
  volume={65},
  pages={101762},
  year={2020},
  publisher={Elsevier}
}

@article{wang2022follow,
  title={Follow my eye: Using gaze to supervise computer-aided diagnosis},
  author={Wang, Sheng and Ouyang, Xi and Liu, Tianming and Wang, Qian and Shen, Dinggang},
  journal={IEEE Transactions on Medical Imaging},
  volume={41},
  number={7},
  pages={1688--1698},
  year={2022},
  publisher={IEEE}
}

@inproceedings{zhou2016learning,
  title={Learning deep features for discriminative localization},
  author={Zhou, Bolei and Khosla, Aditya and Lapedriza, Agata and Oliva, Aude and Torralba, Antonio},
  booktitle={Proceedings of CVPR},
  pages={2921--2929},
  year={2016}
}

@inproceedings{cai2018multi,
  title={Multi-task SonoEyeNet: Detection of Fetal Standardized Planes Assisted by Generated Sonographer Attention Maps},
  author={Cai, Yifan and Sharma, Harshita and Chatelain, Pierre and Noble, J Alison},
  booktitle={MICCAI},
  volume={11070},
  pages={871},
  year={2018}
}

@article{men2023gaze,
  title={Gaze-probe joint guidance with multi-task learning in obstetric ultrasound scanning},
  author={Men, Qianhui and Teng, Clare and Drukker, Lior and Papageorghiou, Aris T and Noble, J Alison},
  journal={Med. Image Anal.},
  volume={90},
  pages={102981},
  year={2023},
  publisher={Elsevier}
}

@article{alsharid2022gaze,
  title={Gaze-assisted automatic captioning of fetal ultrasound videos using three-way multi-modal deep neural networks},
  author={Alsharid, Mohammad and Cai, Yifan and Sharma, Harshita and Drukker, Lior and Papageorghiou, Aris T and Noble, J Alison},
  journal={Med. Image Anal.},
  volume={82},
  pages={102630},
  year={2022},
  publisher={Elsevier}
}

@article{khosravan2019collaborative,
  title={A collaborative computer aided diagnosis (C-CAD) system with eye-tracking, sparse attentional model, and deep learning},
  author={Khosravan, Naji and Celik, Haydar and Turkbey, Baris and Jones, Elizabeth C and Wood, Bradford and Bagci, Ulas},
  journal={Med. Image Anal.},
  volume={51},
  pages={101--115},
  year={2019},
  publisher={Elsevier}
}

@article{stember2019eye,
  title={Eye tracking for deep learning segmentation using convolutional neural networks},
  author={Stember, Joseph N and Celik, Haydar and Krupinski, E and Chang, Peter D and Mutasa, Simukayi and Wood, Bradford J and Lignelli, A and Moonis, Gul and Schwartz, LH and Jambawalikar, Sachin and others},
  journal={Journal of digital imaging},
  volume={32},
  pages={597--604},
  year={2019},
  publisher={Springer}
}

@inproceedings{huang2023motion,
  title={Motion magnification in robotic sonography: enabling pulsation-aware artery segmentation},
  author={Huang, Dianye and Bi, Yuan and Navab, Nassir and Jiang, Zhongliang},
  booktitle={IROS},
  pages={6565--6570},
  year={2023}
}

@inproceedings{goel2022autonomous,
  title={Autonomous ultrasound scanning using bayesian optimization and hybrid force control},
  author={Goel, Raghavv and Abhimanyu, Fnu and Patel, Kirtan and Galeotti, John and Choset, Howie},
  booktitle={ICRA},
  pages={8396--8402},
  year={2022}
}

@inproceedings{noonan2010gaze,
  title={Gaze contingent control for an articulated mechatronic laparoscope},
  author={Noonan, David P and Mylonas, George P and Shang, Jianzhong and Payne, Christopher J and Darzi, Ara and Yang, Guang-Zhong},
  booktitle={2010 3rd IEEE RAS \& EMBS International Conference on Biomedical Robotics and Biomechatronics},
  pages={759--764},
  year={2010}
}

@inproceedings{clancy2011gaze,
  title={Gaze-contingent autofocus system for robotic-assisted minimally invasive surgery},
  author={Clancy, Neil T and Mylonas, George P and Yang, Guang-Zhong and Elson, Daniel S},
  booktitle={2011 Annual International Conference of the IEEE Engineering in Medicine and Biology Society},
  pages={5396--5399},
  year={2011}
}

@article{mylonas2012gaze,
  title={Gaze-Contingent Motor Channelling, haptic constraints and associated cognitive demand for robotic MIS},
  author={Mylonas, George P and Kwok, Ka-Wai and James, David RC and Leff, Daniel and Orihuela-Espina, Felipe and Darzi, Ara and Yang, Guang-Zhong},
  journal={Med. Image Anal.},
  volume={16},
  number={3},
  pages={612--631},
  year={2012},
  publisher={Elsevier}
}

@article{kwok2012collaborative,
  title={Collaborative gaze channelling for improved cooperation during robotic assisted surgery},
  author={Kwok, Ka-Wai and Sun, Loi-Wah and Mylonas, George P and James, David RC and Orihuela-Espina, Felipe and Yang, Guang-Zhong},
  journal={Annals of biomedical engineering},
  volume={40},
  pages={2156--2167},
  year={2012},
  publisher={Springer}
}

@article{fujii2018gaze,
  title={Gaze gesture based human robot interaction for laparoscopic surgery},
  author={Fujii, Kenko and Gras, Gauthier and Salerno, Antonino and Yang, Guang-Zhong},
  journal={Med. Image Anal.},
  volume={44},
  pages={196--214},
  year={2018},
  publisher={Elsevier}
}

@article{li2018free,
  title={Free head movement eye gaze contingent ultrasound interfaces for the da Vinci surgical system},
  author={Li, Zhaoshuo and Tong, Irene and Metcalf, Leo and Hennessey, Craig and Salcudean, Septimiu E},
  journal={IEEE Robot. Autom. Lett.},
  volume={3},
  number={3},
  pages={2137--2143},
  year={2018},
  publisher={IEEE}
}

@article{guo2019novel,
  title={A novel robotic guidance system with eye-gaze tracking control for needle-based interventions},
  author={Guo, Jing and Liu, Yi and Qiu, Qing and Huang, Jie and et al.},
  journal={IEEE Trans. Cogn. Dev. Syst.},
  volume={13},
  number={1},
  pages={179--188},
  year={2019},
  publisher={IEEE}
}

@inproceedings{kogkas2019free,
  title={Free-view, 3D gaze-guided robotic scrub nurse},
  author={Kogkas, Alexandros and Ezzat, Ahmed and Thakkar, Rudrik and Darzi, Ara and Mylonas, George},
  booktitle={MICCAI},
  pages={164--172},
  year={2019}
}

@article{bi2024machine,
  title={Machine Learning in Robotic Ultrasound Imaging: Challenges and Perspectives},
  author={Bi, Yuan and Jiang, Zhongliang and Duelmer, Felix and Huang, Dianye and Navab, Nassir},
  journal={Annual Review of Control, Robotics, and Autonomous Systems},
  volume={7},
  year={2024},
  publisher={Annual Reviews}
}

@inproceedings{noonan2008gaze,
  title={Gaze contingent articulated robot control for robot assisted minimally invasive surgery},
  author={Noonan, David P and Mylonas, George P and Darzi, Ara and Yang, Guang-Zhong},
  booktitle={IROS},
  pages={1186--1191},
  year={2008}
}

@inproceedings{tong2015retrofit,
  title={A retrofit eye gaze tracker for the da Vinci and its integration in task execution using the da Vinci Research Kit},
  author={Tong, Irene and Mohareri, Omid and Tatasurya, Samuel and Hennessey, Craig and et al.},
  booktitle={IROS},
  pages={2043--2050},
  year={2015}
}

@phdthesis{chatelain2016quality,
  title={Quality-driven control of a robotized ultrasound probe},
  author={Chatelain, Pierre},
  year={2016},
  school={Technische Universit{\"a}t M{\"u}nchen}
}

@article{schlemper2019attention,
  title={Attention gated networks: Learning to leverage salient regions in medical images},
  author={Schlemper, Jo and Oktay, Ozan and Schaap, Michiel and Heinrich, Mattias and Kainz, Bernhard and et al.},
  journal={Med. Image Anal.},
  volume={53},
  pages={197--207},
  year={2019},
  publisher={Elsevier}
}

@inproceedings{gao2021utnet,
  title={UTNet: a hybrid transformer architecture for medical image segmentation},
  author={Gao, Yunhe and et al.},
  booktitle={MICCAI},
  pages={61--71},
  year={2021}
}

@article{chen2021transunet,
  title={Transunet: Transformers make strong encoders for medical image segmentation},
  author={Chen, Jieneng and Lu, Yongyi and Yu, Qihang and Luo, Xiangde and Adeli, Ehsan and Wang, Yan and Lu, Le and Yuille, Alan L and Zhou, Yuyin},
  journal={arXiv preprint arXiv:2102.04306},
  year={2021}
}

@article{velikova2023implicit,
  title={Implicit Neural Representations for Breathing-compensated Volume Reconstruction in Robotic Ultrasound Aorta Screening},
  author={Velikova, Yordanka and Azampour, Mohammad Farid and Simson, Walter and Esposito, Marco and Navab, Nassir},
  journal={arXiv preprint arXiv:2311.04999},
  year={2023}
}

@article{faoro2023artificial,
  title={An artificial intelligence-aided robotic platform for ultrasound-guided transcarotid revascularization},
  author={Faoro, Giovanni and Maglio, Sabina and Pane, Stefano and Iacovacci, Veronica and Menciassi, Arianna},
  journal={IEEE Robot. Autom. Lett.},
  volume={8},
  number={4},
  pages={2349--2356},
  year={2023},
  publisher={IEEE}
}


@article{jiang2022precise,
  title={Precise repositioning of robotic ultrasound: Improving registration-based motion compensation using ultrasound confidence optimization},
  author={Jiang, Zhongliang and Danis, Nehil and Bi, Yuan and Zhou, Mingchuan and Kroenke, Markus and Wendler, Thomas and Navab, Nassir},
  journal={IEEE Trans. Instrum. Meas.},
  volume={71},
  pages={1--11},
  year={2022},
  publisher={IEEE}
}

@article{vaswani2017attention,
  title={Attention is all you need},
  author={Vaswani, Ashish and Shazeer, Noam and Parmar, Niki and Uszkoreit, Jakob and Jones, Llion and Gomez, Aidan N and Kaiser, {\L}ukasz and Polosukhin, Illia},
  journal={Advances in neural information processing systems},
  volume={30},
  year={2017}
}

@article{huangQ2024robot,
  title={Robot-Assisted Autonomous Ultrasound Imaging for Carotid Artery},
  author={Huang, Qinghua and Gao, Bin and Wang, Mingliang},
  journal={IEEE Trans. Instrum. Meas.},
  year={2024},
  publisher={IEEE}
}

@article{malyar2016low,
  title={Low rates of revascularization and high in-hospital mortality in patients with ischemic lower limb amputation: morbidity and mortality of ischemic amputation},
  author={Malyar, Nasser M and Freisinger, Eva and Meyborg, Matthias and Lueders, Florian and F{\"u}rstenberg, Torsten and Kr{\"o}ger, Knut and Torsello, Giovanni and Reinecke, Holger},
  journal={Angiology},
  volume={67},
  number={9},
  pages={860--869},
  year={2016},
  publisher={SAGE Publications Sage CA: Los Angeles, CA}
}

@article{teixeira2016ultrasonographic,
  title={Ultrasonographic vascular mechanics to assess arterial stiffness: a review},
  author={Teixeira, Rogerio and Vieira, Maria Joao and Gon{\c{c}}alves, Alexandra and Cardim, Nuno and Gon{\c{c}}alves, Lino},
  journal={European Heart Journal-Cardiovascular Imaging},
  volume={17},
  number={3},
  pages={233--246},
  year={2016},
  publisher={Oxford University Press}
}

@inproceedings{jiang2021automatic,
  title={Automatic ultrasound vessel segmentation with deep spatiotemporal context learning},
  author={Jiang, Baichuan and Chen, Alvin and Bharat, Shyam and Zheng, Mingxin},
  booktitle={Simplifying Medical Ultrasound: Second International Workshop, ASMUS 2021, Held in Conjunction with MICCAI 2021, Strasbourg, France, September 27, 2021, Proceedings 2},
  pages={3--13},
  year={2021}
}

@article{jiang2023dopus,
  title={Dopus-net: Quality-aware robotic ultrasound imaging based on doppler signal},
  author={Jiang, Zhongliang and Duelmer, Felix and Navab, Nassir},
  journal={IEEE Trans. Autom. Sci. Eng.},
  year={2023},
  publisher={IEEE}
}

@article{wahood2022radial,
  title={Radial artery diameter: a comprehensive systematic review of anatomy},
  author={Wahood, Waseem and Ghozy, Sherief and Al-Abdulghani, Abdulaziz and Kallmes, David F},
  journal={Journal of neurointerventional surgery},
  volume={14},
  number={12},
  pages={1274--1278},
  year={2022},
  publisher={British Medical Journal Publishing Group}
}

@article{li2021overview,
  title={An overview of systems and techniques for autonomous robotic ultrasound acquisitions},
  author={Li, Keyu and Xu, Yangxin and Meng, Max Q-H},
  journal={IEEE Trans. Med. Robot. Bionics},
  volume={3},
  number={2},
  pages={510--524},
  year={2021},
  publisher={IEEE}
}

@article{huang2023review,
  title={Review of robot-assisted medical ultrasound imaging systems: Technology and clinical applications},
  author={Huang, Qinghua and Zhou, Jiakang and Li, ZhiJun},
  journal={Neurocomputing},
  volume={559},
  pages={126790},
  year={2023},
  publisher={Elsevier}
}

@article{tan2023autonomous,
  title={Autonomous Trajectory Planning for Ultrasound-Guided Real-Time Tracking of Suspicious Breast Tumor Targets},
  author={Tan, Jiyong and Li, Jiawang and Li, Yuanwei and Li, Bing and Leng, Yuquan and Rong, Yiming and Fu, Chenglong},
  journal={IEEE Trans. Autom. Sci. Eng.},
  year={2023},
  publisher={IEEE}
}

@article{tan2022flexible,
  title={A flexible and fully autonomous breast ultrasound scanning system},
  author={Tan, Jiyong and Li, Bing and Li, Yuanwei and Li, Bin and Chen, Xinxing and Wu, Jiayi and Luo, Baoming and et al.},
  journal={IEEE Trans. Autom. Sci. Eng.},
  volume={20},
  number={3},
  pages={1920--1933},
  year={2022},
  publisher={IEEE}
}

@article{fu2022robot,
  title={Robot-assisted teleoperation ultrasound system based on fusion of augmented reality and predictive force},
  author={Fu, Yongqing and Lin, Weiyang and Yu, Xinghu and Rodr{\'\i}guez-Andina, Juan J and Gao, Huijun},
  journal={IEEE Trans. Ind. Electron.},
  volume={70},
  number={7},
  pages={7449--7456},
  year={2022},
  publisher={IEEE}
}
@article{black2024human,
  title={Human teleoperation-a haptically enabled mixed reality system for teleultrasound},
  author={Black, David and Oloumi Yazdi, Yas and Hadi Hosseinabadi, Amir Hossein and Salcudean, Septimiu},
  journal={Human--Computer Interaction},
  volume={39},
  number={5-6},
  pages={529--552},
  year={2024},
  publisher={Taylor \& Francis}
}

@article{henderson2015neural,
  title={Neural correlates of fixation duration during real-world scene viewing: evidence from fixation-related (FIRE) fMRI},
  author={Henderson, John M and Choi, Wonil},
  journal={Journal of cognitive neuroscience},
  volume={27},
  number={6},
  pages={1137--1145},
  year={2015},
  publisher={MIT Press One Rogers Street, Cambridge, MA 02142-1209, USA journals-info~â€¦}
}

@article{zhou2019unet++,
  title={Unet++: Redesigning skip connections to exploit multiscale features in image segmentation},
  author={Zhou, Zongwei and Siddiquee, Md Mahfuzur Rahman and Tajbakhsh, Nima and Liang, Jianming},
  journal={IEEE Trans. Med. Imaging},
  volume={39},
  number={6},
  pages={1856--1867},
  year={2019}
}

@inproceedings{bi2023mi,
  title={MI-SegNet: Mutual information-based US segmentation for unseen domain generalization},
  author={Bi, Yuan and Jiang, Zhongliang and Clarenbach, Ricarda and Ghotbi, Reza and Karlas, Angelos and Navab, Nassir},
  booktitle={MICCAI},
  pages={130--140},
  year={2023},
  organization={Springer}
}