% Use this file for citations not found in the ACL Anthology (contained in "anthology.bib").


@book{Gusfield:97,
    author  = {Dan Gusfield},
    title   = {Algorithms on Strings, Trees and Sequences},
    year    = "1997",
    publisher = {Cambridge University Press},
    address = {Cambridge, UK},
    url={https://www.cambridge.org/core/books/algorithms-on-strings-trees-and-sequences/F0B095049C7E6EF5356F0A26686C20D3}
}



@article{stammbach2022environmental,
  title={Environmental claim detection},
  author={Stammbach, Dominik and Webersinke, Nicolas and Bingler, Julia and Kraus, Mathias and Leippold, Markus},
  journal={Available at SSRN 4207369},
  year={2022}
}

@article{mikolov2013efficient,
  title={Efficient estimation of word representations in vector space},
  author={Mikolov, Tomas and Chen, Kai and Corrado, Greg and Dean, Jeffrey},
  journal={arXiv preprint arXiv:1301.3781},
  year={2013}
}

@article{liu2019hyperbolic,
  title={Hyperbolic graph neural networks},
  author={Liu, Qi and Nickel, Maximilian and Kiela, Douwe},
  journal={Advances in neural information processing systems},
  volume={32},
  year={2019}
}

@article{chami2019hyperbolic,
  title={Hyperbolic graph convolutional neural networks},
  author={Chami, Ines and Ying, Zhitao and R{\'e}, Christopher and Leskovec, Jure},
  journal={Advances in neural information processing systems},
  volume={32},
  year={2019}
}

@article{nickel2017poincare,
  title={Poincar{\'e} embeddings for learning hierarchical representations},
  author={Nickel, Maximillian and Kiela, Douwe},
  journal={Advances in neural information processing systems},
  volume={30},
  year={2017}
}

@inproceedings{nickel2018learning,
  title={Learning continuous hierarchies in the lorentz model of hyperbolic geometry},
  author={Nickel, Maximillian and Kiela, Douwe},
  booktitle={International conference on machine learning},
  pages={3779--3788},
  year={2018},
  organization={PMLR}
}

@article{yang2022hyperbolic,
  title={Hyperbolic graph neural networks: A review of methods and applications},
  author={Yang, Menglin and Zhou, Min and Li, Zhihao and Liu, Jiahong and Pan, Lujia and Xiong, Hui and King, Irwin},
  journal={arXiv preprint arXiv:2202.13852},
  year={2022}
}

@ARTICLE{4700287,
  author={Scarselli, Franco and Gori, Marco and Tsoi, Ah Chung and Hagenbuchner, Markus and Monfardini, Gabriele},
  journal={IEEE Transactions on Neural Networks}, 
  title={The Graph Neural Network Model}, 
  year={2009},
  volume={20},
  number={1},
  pages={61-80},
  keywords={Neural networks;Biological system modeling;Data engineering;Computer vision;Chemistry;Biology;Pattern recognition;Data mining;Supervised learning;Parameter estimation;Graphical domains;graph neural networks (GNNs);graph processing;recursive neural networks},
  doi={10.1109/TNN.2008.2005605}}

@article{kipf2016semi,
  title={Semi-supervised classification with graph convolutional networks},
  author={Kipf, Thomas N and Welling, Max},
  journal={arXiv preprint arXiv:1609.02907},
  year={2016}
}

@inproceedings{pennington2014glove,
  title={Glove: Global vectors for word representation},
  author={Pennington, Jeffrey and Socher, Richard and Manning, Christopher D},
  booktitle={Proceedings of the 2014 conference on empirical methods in natural language processing (EMNLP)},
  pages={1532--1543},
  year={2014}
}

@article{bojanowski2017enriching,
  title={Enriching Word Vectors with Subword Information},
  author={Bojanowski, Piotr and Grave, Edouard and Joulin, Armand and Mikolov, Tomas},
  journal={Transactions of the Association for Computational Linguistics},
  volume={5},
  year={2017},
  issn={2307-387X},
  pages={135--146}
}

@inproceedings{chkirbene2024large,
  title={Large Language Models (LLM) in Industry: A Survey of Applications, Challenges, and Trends},
  author={Chkirbene, Zina and Hamila, Ridha and Gouissem, Ala and Devrim, Unal},
  booktitle={2024 IEEE 21st International Conference on Smart Communities: Improving Quality of Life using AI, Robotics and IoT (HONET)},
  pages={229--234},
  year={2024},
  organization={IEEE}
}

@article{miah2024multimodal,
  title={A multimodal approach to cross-lingual sentiment analysis with ensemble of transformer and LLM},
  author={Miah, Md Saef Ullah and Kabir, Md Mohsin and Sarwar, Talha Bin and Safran, Mejdl and Alfarhood, Sultan and Mridha, MF},
  journal={Scientific Reports},
  volume={14},
  number={1},
  pages={9603},
  year={2024},
  publisher={Nature Publishing Group UK London}
}

@inproceedings{zhang2023prompting,
  title={Prompting large language model for machine translation: A case study},
  author={Zhang, Biao and Haddow, Barry and Birch, Alexandra},
  booktitle={International Conference on Machine Learning},
  pages={41092--41110},
  year={2023},
  organization={PMLR}
}

@inproceedings{xu2024complex,
  title={Complex Claim Verification via Human Fact-Checking Imitation with Large Language Models},
  author={Xu, Bangrui and Sun, Fuhui and Liu, Xiaoliang and Wu, Peng and Wang, Xiaoyan and Pan, Li},
  booktitle={2024 19th International Joint Symposium on Artificial Intelligence and Natural Language Processing (iSAI-NLP)},
  pages={1--6},
  year={2024},
  organization={IEEE}
}

@article{faiz2023llmcarbon,
  title={Llmcarbon: Modeling the end-to-end carbon footprint of large language models},
  author={Faiz, Ahmad and Kaneda, Sotaro and Wang, Ruhan and Osi, Rita and Sharma, Prateek and Chen, Fan and Jiang, Lei},
  journal={arXiv preprint arXiv:2309.14393},
  year={2023}
}

@article{lin2023generating,
  title={Generating with confidence: Uncertainty quantification for black-box large language models},
  author={Lin, Zhen and Trivedi, Shubhendu and Sun, Jimeng},
  journal={arXiv preprint arXiv:2305.19187},
  year={2023}
}

@article{wu2020comprehensive,
  title={A comprehensive survey on graph neural networks},
  author={Wu, Zonghan and Pan, Shirui and Chen, Fengwen and Long, Guodong and Zhang, Chengqi and Philip, S Yu},
  journal={IEEE transactions on neural networks and learning systems},
  volume={32},
  number={1},
  pages={4--24},
  year={2020},
  publisher={IEEE}
}

@inproceedings{zhou2023hyperbolic,
  title={Hyperbolic graph neural networks: A tutorial on methods and applications},
  author={Zhou, Min and Yang, Menglin and Xiong, Bo and Xiong, Hui and King, Irwin},
  booktitle={Proceedings of the 29th ACM SIGKDD Conference on Knowledge Discovery and Data Mining},
  pages={5843--5844},
  year={2023}
}

@article{nivre2010dependency,
  title={Dependency parsing},
  author={Nivre, Joakim},
  journal={Language and Linguistics Compass},
  volume={4},
  number={3},
  pages={138--152},
  year={2010},
  publisher={Wiley Online Library}
}

@article{opdahl2022semantic,
  title={Semantic knowledge graphs for the news: A review},
  author={Opdahl, Andreas L and Al-Moslmi, Tareq and Dang-Nguyen, Duc-Tien and Gallofr{\'e} Oca{\~n}a, Marc and Tessem, Bj{\o}rnar and Veres, Csaba},
  journal={ACM Computing Surveys},
  volume={55},
  number={7},
  pages={1--38},
  year={2022},
  publisher={ACM New York, NY}
}

@inproceedings{li2020empirical,
  title={An empirical comparison of unsupervised constituency parsing methods},
  author={Li, Jun and Cao, Yifan and Cai, Jiong and Jiang, Yong and Tu, Kewei},
  booktitle={Proceedings of the 58th Annual Meeting of the Association for Computational Linguistics},
  pages={3278--3283},
  year={2020}
}

@article{li2020survey,
  title={A survey on deep learning for named entity recognition},
  author={Li, Jing and Sun, Aixin and Han, Jianglei and Li, Chenliang},
  journal={IEEE transactions on knowledge and data engineering},
  volume={34},
  number={1},
  pages={50--70},
  year={2020},
  publisher={IEEE}
}

@article{de2020concepts,
  title={Concepts and forms of greenwashing: A systematic review},
  author={de Freitas Netto, Sebasti{\~a}o Vieira and Sobral, Marcos Felipe Falc{\~a}o and Ribeiro, Ana Regina Bezerra and Soares, Gleibson Robert da Luz},
  journal={Environmental Sciences Europe},
  volume={32},
  pages={1--12},
  year={2020},
  publisher={Springer}
}