@ARTICLE{4700287,
  author={Scarselli, Franco and Gori, Marco and Tsoi, Ah Chung and Hagenbuchner, Markus and Monfardini, Gabriele},
  journal={IEEE Transactions on Neural Networks}, 
  title={The Graph Neural Network Model}, 
  year={2009},
  volume={20},
  number={1},
  pages={61-80},
  keywords={Neural networks;Biological system modeling;Data engineering;Computer vision;Chemistry;Biology;Pattern recognition;Data mining;Supervised learning;Parameter estimation;Graphical domains;graph neural networks (GNNs);graph processing;recursive neural networks},
  doi={10.1109/TNN.2008.2005605}}

@article{chami2019hyperbolic,
  title={Hyperbolic graph convolutional neural networks},
  author={Chami, Ines and Ying, Zhitao and R{\'e}, Christopher and Leskovec, Jure},
  journal={Advances in neural information processing systems},
  volume={32},
  year={2019}
}

@article{kipf2016semi,
  title={Semi-supervised classification with graph convolutional networks},
  author={Kipf, Thomas N and Welling, Max},
  journal={arXiv preprint arXiv:1609.02907},
  year={2016}
}

@article{nickel2017poincare,
  title={Poincar{\'e} embeddings for learning hierarchical representations},
  author={Nickel, Maximillian and Kiela, Douwe},
  journal={Advances in neural information processing systems},
  volume={30},
  year={2017}
}

@inproceedings{nickel2018learning,
  title={Learning continuous hierarchies in the lorentz model of hyperbolic geometry},
  author={Nickel, Maximillian and Kiela, Douwe},
  booktitle={International conference on machine learning},
  pages={3779--3788},
  year={2018},
  organization={PMLR}
}

