@inproceedings{DBLP:conf/cvpr/0004Y0WCHRLS23,
  author       = {Bo He and
                  Xitong Yang and
                  Hanyu Wang and
                  Zuxuan Wu and
                  Hao Chen and
                  Shuaiyi Huang and
                  Yixuan Ren and
                  Ser{-}Nam Lim and
                  Abhinav Shrivastava},
  title        = {Towards Scalable Neural Representation for Diverse Videos},
  booktitle    = {{CVPR}},
  pages        = {6132--6142},
  publisher    = {{IEEE}},
  year         = {2023}
}

@inproceedings{DBLP:conf/cvpr/ChenGLS23a,
  author       = {Hao Chen and
                  Matthew Gwilliam and
                  Ser{-}Nam Lim and
                  Abhinav Shrivastava},
  title        = {HNeRV: {A} Hybrid Neural Representation for Videos},
  booktitle    = {{CVPR}},
  pages        = {10270--10279},
  publisher    = {{IEEE}},
  year         = {2023}
}

@inproceedings{DBLP:conf/cvpr/ChengFHGWZZS21,
  author    = {Zhengxue Cheng and
               Ting Fu and
               Jiapeng Hu and
               Li Guo and
               Shihao Wang and
               Xiongxin Zhao and
               Dajiang Zhou and
               Yang Song},
  title     = {Perceptual Image Compression Using Relativistic Average Least Squares
               GANs},
  booktitle = {{IEEE Conf. Comput. Vis. Pattern Recog.} },
  pages     = {1895--1900},
 
  year      = {2021}
}

@inproceedings{DBLP:conf/cvpr/ChengSTK20,
  author    = {Zhengxue Cheng and
               Heming Sun and
               Masaru Takeuchi and
               Jiro Katto},
  title     = {Learned Image Compression With Discretized Gaussian Mixture Likelihoods
               and Attention Modules},
  booktitle = {{IEEE Conf. Comput. Vis. Pattern Recog.}},
  pages     = {7936--7945},
 
  year      = {2020}
}

@inproceedings{DBLP:conf/cvpr/HeZSWQ21,
  author    = {Dailan He and
               Yaoyan Zheng and
               Baocheng Sun and
               Yan Wang and
               Hongwei Qin},
  title     = {Checkerboard Context Model for Efficient Learned Image Compression},
  booktitle = {{IEEE Conf. Comput. Vis. Pattern Recog.}},
  pages     = {14771--14780},
 
  year      = {2021}
}

@inproceedings{DBLP:conf/cvpr/HuL021,
  author    = {Zhihao Hu and
               Guo Lu and
               Dong Xu},
  title     = {{FVC:} {A} New Framework Towards Deep Video Compression in Feature
               Space},
  booktitle = {{IEEE Conf. Comput. Vis. Pattern Recog.}},
  pages     = {1502--1511},
 
  year      = {2021}
}

@inproceedings{DBLP:conf/cvpr/LeeJCP022,
  author       = {Jae{-}Han Lee and
                  Seungmin Jeon and
                  Kwang Pyo Choi and
                  Youngo Park and
                  Chang{-}Su Kim},
  title        = {{DPICT:} Deep Progressive Image Compression Using Trit-Planes},
  booktitle    = {{CVPR}},
  pages        = {16092--16101},
  publisher    = {{IEEE}},
  year         = {2022}
}

@inproceedings{DBLP:conf/cvpr/LiLL23,
  author       = {Jiahao Li and
                  Bin Li and
                  Yan Lu},
  title        = {Neural Video Compression with Diverse Contexts},
  booktitle    = {{CVPR}},
  pages        = {22616--22626},
  publisher    = {{IEEE}},
  year         = {2023}
}

@inproceedings{DBLP:conf/cvpr/Lin0L020,
  author    = {Jianping Lin and
               Dong Liu and
               Houqiang Li and
               Feng Wu},
  title     = {{M-LVC:} Multiple Frames Prediction for Learned Video Compression},
  booktitle = {{IEEE Conf. Comput. Vis. Pattern Recog.}},
  pages     = {3543--3551},
 
  year      = {2020}
}

@inproceedings{DBLP:conf/cvpr/LuO0ZCG19,
  author    = {Guo Lu and
               Wanli Ouyang and
               Dong Xu and
               Xiaoyun Zhang and
               Chunlei Cai and
               Zhiyong Gao},
  title     = {{DVC:} An End-To-End Deep Video Compression Framework},
  booktitle = {{IEEE Conf. Comput. Vis. Pattern Recog.}},
  pages     = {11006--11015},
  year      = {2019}
}

@inproceedings{DBLP:conf/cvpr/MaiyaGE0LPWWS23,
  author       = {Shishira R. Maiya and
                  Sharath Girish and
                  Max Ehrlich and
                  Hanyu Wang and
                  Kwot Sin Lee and
                  Patrick Poirson and
                  Pengxiang Wu and
                  Chen Wang and
                  Abhinav Shrivastava},
  title        = {{NIRVANA:} Neural Implicit Representations of Videos with Adaptive
                  Networks and Autoregressive Patch-Wise Modeling},
  booktitle    = {{CVPR}},
  pages        = {14378--14387},
  publisher    = {{IEEE}},
  year         = {2023}
}

@inproceedings{DBLP:conf/cvpr/MentzerATTG18,
  author    = {Fabian Mentzer and
               Eirikur Agustsson and
               Michael Tschannen and
               Radu Timofte and
               Luc Van Gool},
  title     = {Conditional Probability Models for Deep Image Compression},
  booktitle = {{IEEE Conf. Comput. Vis. Pattern Recog.}},
  pages     = {4394--4402},
  
  year      = {2018}
}

@inproceedings{DBLP:conf/cvpr/MeschederONNG19,
  author    = {Lars M. Mescheder and
               Michael Oechsle and
               Michael Niemeyer and
               Sebastian Nowozin and
               Andreas Geiger},
  title     = {Occupancy Networks: Learning 3D Reconstruction in Function Space},
  booktitle = {{IEEE Conf. Comput. Vis. Pattern Recog.}},
  pages     = {4460--4470},
  publisher = {Computer Vision Foundation / {IEEE}},
  year      = {2019}
}

@inproceedings{DBLP:conf/cvpr/ParkFSNL19,
  author    = {Jeong Joon Park and
               Peter Florence and
               Julian Straub and
               Richard A. Newcombe and
               Steven Lovegrove},
  title     = {DeepSDF: Learning Continuous Signed Distance Functions for Shape Representation},
  booktitle = {{IEEE Conf. Comput. Vis. Pattern Recog.}},
  pages     = {165--174},
  year      = {2019}
}

@inproceedings{DBLP:conf/cvpr/YangXWL18,
  author    = {Ren Yang and
               Mai Xu and
               Zulin Wang and
               Tianyi Li},
  title     = {Multi-Frame Quality Enhancement for Compressed Video},
  booktitle = {{IEEE Conf. Comput. Vis. Pattern Recog.}},
  pages     = {6664--6673},
  
  year      = {2018}
}

@inproceedings{DBLP:conf/cvpr/ZhaoAM23,
  author       = {Qi Zhao and
                  M. Salman Asif and
                  Zhan Ma},
  title        = {DNeRV: Modeling Inherent Dynamics via Difference Neural Representation
                  for Videos},
  booktitle    = {{CVPR}},
  pages        = {2031--2040},
  publisher    = {{IEEE}},
  year         = {2023}
}

@inproceedings{DBLP:conf/dcc/CuiZZJZWZ17,
  author    = {Wenxue Cui and
               Tao Zhang and
               Shengping Zhang and
               Feng Jiang and
               Wangmeng Zuo and
               Zhaolin Wan and
               Debin Zhao},
  title     = {Convolutional Neural Networks Based Intra Prediction for {HEVC}},
  booktitle = {{Data Compression Conference}},
  pages     = {436},
 
  year      = {2017}
}

@inproceedings{DBLP:conf/dcc/SchwarzNMW19,
  author       = {Heiko Schwarz and
                  Tung Nguyen and
                  Detlev Marpe and
                  Thomas Wiegand},
  title        = {Hybrid Video Coding with Trellis-Coded Quantization},
  booktitle    = {{DCC}},
  pages        = {182--191},
  publisher    = {{IEEE}},
  year         = {2019}
}

@inproceedings{DBLP:conf/eccv/LiWPXML22,
  author       = {Zizhang Li and
                  Mengmeng Wang and
                  Huaijin Pi and
                  Kechun Xu and
                  Jianbiao Mei and
                  Yong Liu},
  title        = {E-NeRV: Expedite Neural Video Representation with Disentangled Spatial-Temporal
                  Context},
  booktitle    = {{ECCV}},
  volume       = {13695},
  pages        = {267--284},
  publisher    = {Springer},
  year         = {2022}
}

@inproceedings{DBLP:conf/eccv/LuOXZGS18,
  author    = {Guo Lu and
               Wanli Ouyang and
               Dong Xu and
               Xiaoyun Zhang and
               Zhiyong Gao and
               Ming{-}Ting Sun},
  title     = {Deep Kalman Filtering Network for Video Compression Artifact Reduction},
  booktitle = {{Eur. Conf. Comput. Vis.}},
  pages     = {591--608},

  year      = {2018}
}

@inproceedings{DBLP:conf/eccv/WuSK18,
  author    = {Chao{-}Yuan Wu and
               Nayan Singhal and
               Philipp Kr{\"{a}}henb{\"{u}}hl},
  title     = {Video Compression Through Image Interpolation},
  booktitle = {{Eur. Conf. Comput. Vis.}},
  pages     = {425--440},
  year      = {2018}
}

@inproceedings{DBLP:conf/iccv/AgustssonTMTG19,
  author    = {Eirikur Agustsson and
               Michael Tschannen and
               Fabian Mentzer and
               Radu Timofte and
               Luc Van Gool},
  title     = {Generative Adversarial Networks for Extreme Learned Image Compression},
  booktitle = {{Int. Conf. Comput. Vis.}},
  pages     = {221--231},
 
  year      = {2019}
}

@inproceedings{DBLP:conf/iccv/DjelouahCSS19,
  author    = {Abdelaziz Djelouah and
               Joaquim Campos and
               Simone Schaub{-}Meyer and
               Christopher Schroers},
  title     = {Neural Inter-Frame Compression for Video Coding},
  booktitle = {{Int. Conf. Comput. Vis.}},
  pages     = {6420--6428},
 
  year      = {2019}
}

@inproceedings{DBLP:conf/iccv/LadunePHCL23,
  author       = {Th{\'{e}}o Ladune and
                  Pierrick Philippe and
                  F{\'{e}}lix Henry and
                  Gordon Clare and
                  Thomas Leguay},
  title        = {{COOL-CHIC:} Coordinate-based Low Complexity Hierarchical Image Codec},
  booktitle    = {{ICCV}},
  pages        = {13469--13476},
  publisher    = {{IEEE}},
  year         = {2023}
}

@inproceedings{DBLP:conf/iccv/Park0K23,
  author       = {Jongmin Park and
                  Jooyoung Lee and
                  Munchurl Kim},
  title        = {{COMPASS:} High-Efficiency Deep Image Compression with Arbitrary-scale
                  Spatial Scalability},
  booktitle    = {{ICCV}},
  pages        = {12780--12789},
  publisher    = {{IEEE}},
  year         = {2023}
}

@inproceedings{DBLP:conf/iccv/Tang0ZM23,
  author       = {Lv Tang and
                  Xinfeng Zhang and
                  Gai Zhang and
                  Xiaoqi Ma},
  title        = {Scene Matters: Model-based Deep Video Compression},
  booktitle    = {{ICCV}},
  pages        = {12447--12457},
  publisher    = {{IEEE}},
  year         = {2023}
}

@inproceedings{DBLP:conf/iccv/YangM23,
  author       = {Yibo Yang and
                  Stephan Mandt},
  title        = {Computationally-Efficient Neural Image Compression with Shallow Decoders},
  booktitle    = {{ICCV}},
  pages        = {530--540},
  publisher    = {{IEEE}},
  year         = {2023}
}

@inproceedings{DBLP:conf/icip/BaiDWY23,
  author       = {Yunpeng Bai and
                  Chao Dong and
                  Cairong Wang and
                  Chun Yuan},
  title        = {PS-NeRV: Patch-Wise Stylized Neural Representations for Videos},
  booktitle    = {{ICIP}},
  pages        = {41--45},
  publisher    = {{IEEE}},
  year         = {2023}
}

@inproceedings{DBLP:conf/icip/De-Luxan-Hernandez19,
  author       = {Santiago De{-}Lux{\'{a}}n{-}Hern{\'{a}}ndez and
                  Valeri George and
                  Jackie Ma and
                  Tung Nguyen and
                  Heiko Schwarz and
                  Detlev Marpe and
                  Thomas Wiegand},
  title        = {An Intra Subpartition Coding Mode for {VVC}},
  booktitle    = {{ICIP}},
  pages        = {1203--1207},
  publisher    = {{IEEE}},
  year         = {2019}
}

@inproceedings{DBLP:conf/iclr/BalleLS17,
  author    = {Johannes Ball{\'{e}} and
               Valero Laparra and
               Eero P. Simoncelli},
  title     = {End-to-end Optimized Image Compression},
  booktitle = {{Int. Conf. Learn. Represent.}},
 
  year      = {2017}
}

@inproceedings{DBLP:conf/iclr/BalleMSHJ18,
  author    = {Johannes Ball{\'{e}} and
               David Minnen and
               Saurabh Singh and
               Sung Jin Hwang and
               Nick Johnston},
  title     = {Variational image compression with a scale hyperprior},
  booktitle = {{Int. Conf. Learn. Represent.}},
 
  year      = {2018}
}

@inproceedings{DBLP:conf/iclr/LeeCB19,
  author    = {Jooyoung Lee and
               Seunghyun Cho and
               Seung{-}Kwon Beack},
  title     = {Context-adaptive Entropy Model for End-to-end Optimized Image Compression},
  booktitle = {{Int. Conf. Learn. Represent.}},
  year      = {2019}
}

@inproceedings{DBLP:conf/iclr/TheisSCH17,
  author    = {Lucas Theis and
               Wenzhe Shi and
               Andrew Cunningham and
               Ferenc Husz{\'{a}}r},
  title     = {Lossy Image Compression with Compressive Autoencoders},
  booktitle = {{Int. Conf. Learn. Represent.}},
 
  year      = {2017}
}

@inproceedings{DBLP:conf/icmcs/Fu00ZWM020,
  author       = {Tianliang Fu and
                  Kai Zhang and
                  Hongbin Liu and
                  Li Zhang and
                  Shanshe Wang and
                  Siwei Ma and
                  Wen Gao},
  title        = {Affine Direct/Skip Mode with Motion Vector Differences in Video Coding},
  booktitle    = {{ICME} Workshops},
  pages        = {1--6},
  publisher    = {{IEEE}},
  year         = {2020}
}

@inproceedings{DBLP:conf/icmcs/YinXZ0LF20,
  author       = {Wenbin Yin and
                  Jizheng Xu and
                  Li Zhang and
                  Kai Zhang and
                  Hongbin Liu and
                  Xiaopeng Fan},
  title        = {History Based Block Vector Predictor for Intra Block Copy},
  booktitle    = {{ICME} Workshops},
  pages        = {1--6},
  publisher    = {{IEEE}},
  year         = {2020}
}

@inproceedings{DBLP:conf/icmcs/ZhangZZL0WM020,
  author       = {Yuhuai Zhang and
                  Kai Zhang and
                  Li Zhang and
                  Hongbin Liu and
                  Yue Wang and
                  Shanshe Wang and
                  Siwei Ma and
                  Wen Gao},
  title        = {Implicit-Selected Transform in Video Coding},
  booktitle    = {{ICME} Workshops},
  pages        = {1--6},
  publisher    = {{IEEE}},
  year         = {2020}
}

@inproceedings{DBLP:conf/icml/BlauM19,
  author    = {Yochai Blau and
               Tomer Michaeli},
  title     = {Rethinking Lossy Compression: The Rate-Distortion-Perception Tradeoff},
  booktitle = {{Proc. Int. Conf. Machin. Learn.}},
  pages     = {675--685},
  year      = {2019}
}

@inproceedings{DBLP:conf/icml/RippelB17,
  author    = {Oren Rippel and
               Lubomir D. Bourdev},
  title     = {Real-Time Adaptive Image Compression},
  booktitle = {{Proc. Int. Conf. Machin. Learn.}},
  volume    = {70},
  pages     = {2922--2930},
  year      = {2017}
}

@inproceedings{DBLP:conf/mm/LeeRKP23,
  author       = {Joo Chan Lee and
                  Daniel Rho and
                  Jong Hwan Ko and
                  Eunbyung Park},
  title        = {FFNeRV: Flow-Guided Frame-Wise Neural Representations for Videos},
  booktitle    = {{ACM} Multimedia},
  pages        = {7859--7870},
  publisher    = {{ACM}},
  year         = {2023}
}

@inproceedings{DBLP:conf/mm/XieCC21,
  author    = {Yueqi Xie and
               Ka Leong Cheng and
               Qifeng Chen},
  title     = {Enhanced Invertible Encoding for Learned Image Compression},
  booktitle = {{ACM} Multimedia},
  pages     = {162--170},
  publisher = {{ACM}},
  year      = {2021}
}

@inproceedings{DBLP:conf/nips/AgustssonMTCTBG17,
  author    = {Eirikur Agustsson and
               Fabian Mentzer and
               Michael Tschannen and
               Lukas Cavigelli and
               Radu Timofte and
               Luca Benini and
               Luc Van Gool},
  title     = {Soft-to-Hard Vector Quantization for End-to-End Learning Compressible
               Representations},
  booktitle = {{Adv. Neural Inform. Process. Syst.}},
  pages     = {1141--1151},
  year      = {2017}
}

@inproceedings{DBLP:conf/nips/ChenHWRLS21,
  author       = {Hao Chen and
                  Bo He and
                  Hanyu Wang and
                  Yixuan Ren and
                  Ser{-}Nam Lim and
                  Abhinav Shrivastava},
  title        = {NeRV: Neural Representations for Videos},
  booktitle    = {NeurIPS},
  pages        = {21557--21568},
  year         = {2021}
}

@inproceedings{DBLP:conf/nips/KwanGZGB23,
  author       = {Ho Man Kwan and
                  Ge Gao and
                  Fan Zhang and
                  Andrew Gower and
                  David Bull},
  title        = {HiNeRV: Video Compression with Hierarchical Encoding-based Neural
                  Representation},
  booktitle    = {NeurIPS},
  year         = {2023}
}

@inproceedings{DBLP:conf/nips/MinnenBT18,
  author    = {David Minnen and
               Johannes Ball{\'{e}} and
               George Toderici},
  title     = {Joint Autoregressive and Hierarchical Priors for Learned Image Compression},
  booktitle = {{Adv. Neural Inform. Process. Syst.}},
  pages     = {10794--10803},
  year      = {2018}
}

@inproceedings{DBLP:conf/pcs/Liu00XWLH19,
  author       = {Hongbin Liu and
                  Li Zhang and
                  Kai Zhang and
                  Jizheng Xu and
                  Yue Wang and
                  Jiancong Luo and
                  Yuwen He},
  title        = {Adaptive Motion Vector Resolution for Affine-Inter Mode Coding},
  booktitle    = {{PCS}},
  pages        = {1--4},
  publisher    = {{IEEE}},
  year         = {2019}
}

@inproceedings{DBLP:conf/sips/PessoaATF20,
  author    = {Jorge Pessoa and
               Helena Aidos and
               Pedro Tom{\'{a}}s and
               M{\'{a}}rio A. T. Figueiredo},
  title     = {End-to-End Learning of Video Compression using Spatio-Temporal Autoencoders},
  booktitle = {SiPS},
  pages     = {1--6},
 
  year      = {2020}
}

@inproceedings{DBLP:conf/vcip/ChenLS0CM17,
  author    = {Tong Chen and
               Haojie Liu and
               Qiu Shen and
               Tao Yue and
               Xun Cao and
               Zhan Ma},
  title     = {DeepCoder: {A} deep neural network based video compression},
  booktitle = {{Visual Communications and Image Processing}},
  pages     = {1--4},
 
  year      = {2017}
}

@inproceedings{DBLP:conf/vcip/SongLLW17,
  author    = {Rui Song and
               Dong Liu and
               Houqiang Li and
               Feng Wu},
  title     = {Neural network-based arithmetic coding of intra prediction modes in
               {HEVC}},
  booktitle = {{Visual Communications and Image Processing}},
  pages     = {1--4},
  year      = {2017}
}

@article{DBLP:journals/cacm/Wallace91,
  author    = {Gregory K. Wallace},
  title     = {The {JPEG} Still Picture Compression Standard},
  journal   = {Commun. {ACM}},
  volume    = {34},
  number    = {4},
  pages     = {30--44},
  year      = {1991}
}

@inproceedings{DBLP:journals/corr/TodericiOHVMBCS15,
  author    = {George Toderici and
               Sean M. O'Malley and
               Sung Jin Hwang and
               Damien Vincent and
               David Minnen and
               Shumeet Baluja and
               Michele Covell and
               Rahul Sukthankar},
  title     = {Variable Rate Image Compression with Recurrent Neural Networks},
  booktitle = {{Int. Conf. Learn. Represent.}},
  year      = {2016}
}

@inproceedings{DBLP:journals/corr/abs-2112-04267,
  author    = {Yannick Str{\"{u}}mpler and
               Janis Postels and
               Ren Yang and
               Luc Van Gool and
               Federico Tombari},
  title     = {Implicit Neural Representations for Image Compression},
  booktitle = {{Eur. Conf. Comput. Vis.}},
  year      = {2022}
}

@article{DBLP:journals/corr/abs-2112-11312,
  author    = {Yunfan Zhang and
               Ties van Rozendaal and
               Johann Brehmer and
               Markus Nagel and
               Taco Cohen},
  title     = {Implicit Neural Video Compression},
  journal   = {CoRR},
  volume    = {abs/2112.11312},
  year      = {2021}
}

@article{DBLP:journals/corr/abs-2201-12904,
  author    = {Emilien Dupont and
               Hrushikesh Loya and
               Milad Alizadeh and
               Adam Golinski and
               Yee Whye Teh and
               Arnaud Doucet},
  title     = {{COIN++:} Data Agnostic Neural Compression},
  journal   = {CoRR},
  volume    = {abs/2201.12904},
  year      = {2022}
}

@article{DBLP:journals/csur/LiuLLLW20,
  author    = {Dong Liu and
               Yue Li and
               Jianping Lin and
               Houqiang Li and
               Feng Wu},
  title     = {Deep Learning-Based Video Coding: {A} Review and a Case Study},
  journal   = {{ACM} Comput. Surv.},
  volume    = {53},
  number    = {1},
  pages     = {11:1--11:35},
  year      = {2020}
}

@article{DBLP:journals/jstsp/TsaiCYCHFIWCKL13,
  author       = {Chia{-}Yang Tsai and
                  Ching{-}Yeh Chen and
                  Tomoo Yamakage and
                  In Suk Chong and
                  Yu{-}Wen Huang and
                  Chih{-}Ming Fu and
                  Takayuki Itoh and
                  Takashi Watanabe and
                  Takeshi Chujoh and
                  Marta Karczewicz and
                  Shawmin Lei},
  title        = {Adaptive Loop Filtering for Video Coding},
  journal      = {{IEEE} J. Sel. Top. Signal Process.},
  volume       = {7},
  number       = {6},
  pages        = {934--945},
  year         = {2013}
}

@article{DBLP:journals/pami/0005ZGY021,
  author       = {Mu Li and
                  Wangmeng Zuo and
                  Shuhang Gu and
                  Jane You and
                  David Zhang},
  title        = {Learning Content-Weighted Deep Image Compression},
  journal      = {{IEEE} Trans. Pattern Anal. Mach. Intell.},
  volume       = {43},
  number       = {10},
  pages        = {3446--3461},
  year         = {2021}
}

@article{DBLP:journals/pami/DuanLMHMZ24,
  author       = {Zhihao Duan and
                  Ming Lu and
                  Jack Ma and
                  Yuning Huang and
                  Zhan Ma and
                  Fengqing Zhu},
  title        = {{QARV:} Quantization-Aware ResNet {VAE} for Lossy Image Compression},
  journal      = {{IEEE} Trans. Pattern Anal. Mach. Intell.},
  volume       = {46},
  number       = {1},
  pages        = {436--450},
  year         = {2024}
}

@article{DBLP:journals/pami/HuYML22,
  author       = {Yueyu Hu and
                  Wenhan Yang and
                  Zhan Ma and
                  Jiaying Liu},
  title        = {Learning End-to-End Lossy Image Compression: {A} Benchmark},
  journal      = {{IEEE} Trans. Pattern Anal. Mach. Intell.},
  volume       = {44},
  number       = {8},
  pages        = {4194--4211},
  year         = {2022}
}

@article{DBLP:journals/pami/MaLYLW22,
  author       = {Haichuan Ma and
                  Dong Liu and
                  Ning Yan and
                  Houqiang Li and
                  Feng Wu},
  title        = {End-to-End Optimized Versatile Image Compression With Wavelet-Like
                  Transform},
  journal      = {{IEEE} Trans. Pattern Anal. Mach. Intell.},
  volume       = {44},
  number       = {3},
  pages        = {1247--1263},
  year         = {2022}
}

@article{DBLP:journals/spl/ZhangZT23,
  author       = {Gai Zhang and
                  Xinfeng Zhang and
                  Lv Tang},
  title        = {Enhanced Quantified Local Implicit Neural Representation for Image
                  Compression},
  journal      = {{IEEE} Signal Process. Lett.},
  volume       = {30},
  pages        = {1742--1746},
  year         = {2023}
}

@article{DBLP:journals/tcsv/GaoCECS21,
  author       = {Han Gao and
                  Xu Chen and
                  Semih Esenlik and
                  Jianle Chen and
                  Eckehard G. Steinbach},
  title        = {Decoder-Side Motion Vector Refinement in {VVC:} Algorithm and Hardware
                  Implementation Considerations},
  journal      = {{IEEE} Trans. Circuits Syst. Video Technol.},
  volume       = {31},
  number       = {8},
  pages        = {3197--3211},
  year         = {2021}
}

@article{DBLP:journals/tcsv/MaZJZWW20,
  author    = {Siwei Ma and
               Xinfeng Zhang and
               Chuanmin Jia and
               Zhenghui Zhao and
               Shiqi Wang and
               Shanshe Wang},
  title     = {Image and Video Compression With Neural Networks: {A} Review},
  journal   = {{IEEE} Trans. Circuits Syst. Video Technol.},
  volume    = {30},
  number    = {6},
  pages     = {1683--1698},
  year      = {2020}
}

@article{DBLP:journals/tcsv/SullivanOHW12,
  author    = {Gary J. Sullivan and
               Jens{-}Rainer Ohm and
               Woojin Han and
               Thomas Wiegand},
  title     = {Overview of the High Efficiency Video Coding {(HEVC)} Standard},
  journal   = {{IEEE} Trans. Circuits Syst. Video Technol.},
  volume    = {22},
  number    = {12},
  pages     = {1649--1668},
  year      = {2012}
}

@article{DBLP:journals/tcsv/WiegandSBL03,
  author    = {Thomas Wiegand and
               Gary J. Sullivan and
               Gisle Bj{\o}ntegaard and
               Ajay Luthra},
  title     = {Overview of the {H.264/AVC} video coding standard},
  journal   = {{IEEE} Trans. Circuits Syst. Video Technol.},
  volume    = {13},
  number    = {7},
  pages     = {560--576},
  year      = {2003}
}

@article{DBLP:journals/tcsv/YanLLLLW19,
  author    = {Ning Yan and
               Dong Liu and
               Houqiang Li and
               Bin Li and
               Li Li and
               Feng Wu},
  title     = {Convolutional Neural Network-Based Fractional-Pixel Motion Compensation},
  journal   = {{IEEE} Trans. Circuits Syst. Video Technol.},
  volume    = {29},
  number    = {3},
  pages     = {840--853},
  year      = {2019}
}

@article{DBLP:journals/tcsv/ZhangZFMCK20,
  author    = {Yongfei Zhang and
               Chao Zhang and
               Rui Fan and
               Siwei Ma and
               Zhibo Chen and
               C.{-}C. Jay Kuo},
  title     = {Recent Advances on {HEVC} Inter-Frame Coding: From Optimization to
               Implementation and Beyond},
  journal   = {{IEEE} Trans. Circuits Syst. Video Technol.},
  volume    = {30},
  number    = {11},
  pages     = {4321--4339},
  year      = {2020}
}

@article{DBLP:journals/tip/ChenLMSCW21,
  author    = {Tong Chen and
               Haojie Liu and
               Zhan Ma and
               Qiu Shen and
               Xun Cao and
               Yao Wang},
  title     = {End-to-End Learnt Image Compression via Non-Local Attention Optimization
               and Improved Context Modeling},
  journal   = {{IEEE} Trans. Image Process.},
  volume    = {30},
  pages     = {3179--3191},
  year      = {2021}
}

@article{DBLP:journals/tip/LiuYGCJW16,
  author    = {Zhenyu Liu and
               Xianyu Yu and
               Yuan Gao and
               Shaolin Chen and
               Xiangyang Ji and
               Dongsheng Wang},
  title     = {{CU} Partition Mode Decision for {HEVC} Hardwired Intra Encoder Using
               Convolution Neural Network},
  journal   = {{IEEE} Trans. Image Process.},
  volume    = {25},
  number    = {11},
  pages     = {5088--5103},
  year      = {2016}
}

@article{DBLP:journals/tip/WangDTXL21,
  author    = {Juan Wang and
               Yiping Duan and
               Xiaoming Tao and
               Mai Xu and
               Jianhua Lu},
  title     = {Semantic Perceptual Image Compression With a Laplacian Pyramid of
               Convolutional Networks},
  journal   = {{IEEE} Trans. Image Process.},
  volume    = {30},
  pages     = {4225--4237},
  year      = {2021}
}

@article{DBLP:journals/tip/ZhangCZCK19,
  author       = {Kai Zhang and
                  Yi{-}Wen Chen and
                  Li Zhang and
                  Wei{-}Jung Chien and
                  Marta Karczewicz},
  title        = {An Improved Framework of Affine Motion Compensation in Video Coding},
  journal      = {{IEEE} Trans. Image Process.},
  volume       = {28},
  number       = {3},
  pages        = {1456--1469},
  year         = {2019}
}

@article{DBLP:journals/tmm/ShengLLLLL23,
  author       = {Xihua Sheng and
                  Jiahao Li and
                  Bin Li and
                  Li Li and
                  Dong Liu and
                  Yan Lu},
  title        = {Temporal Context Mining for Learned Video Compression},
  journal      = {{IEEE} Trans. Multim.},
  volume       = {25},
  pages        = {7311--7322},
  year         = {2023}
}

@InProceedings{Jia_2024_CVPR,
    author    = {Jia, Zhaoyang and Li, Jiahao and Li, Bin and Li, Houqiang and Lu, Yan},
    title     = {Generative Latent Coding for Ultra-Low Bitrate Image Compression},
    booktitle = {Proceedings of the IEEE/CVF Conference on Computer Vision and Pattern Recognition (CVPR)},
    month     = {June},
    year      = {2024},
    pages     = {26088-26098}
}

@InProceedings{Li_2024_CVPR,
    author    = {Li, Jiahao and Li, Bin and Lu, Yan},
    title     = {Neural Video Compression with Feature Modulation},
    booktitle = {Proceedings of the IEEE/CVF Conference on Computer Vision and Pattern Recognition (CVPR)},
    month     = {June},
    year      = {2024},
    pages     = {26099-26108}
}

@InProceedings{Zhang_2024_CVPR,
    author    = {Zhang, Zhe and Wang, Huairui and Chen, Zhenzhong and Liu, Shan},
    title     = {Learned Lossless Image Compression based on Bit Plane Slicing},
    booktitle = {Proceedings of the IEEE/CVF Conference on Computer Vision and Pattern Recognition (CVPR)},
    month     = {June},
    year      = {2024},
    pages     = {27579-27588}
}

@article{bross2021overview,
  title={{Overview of the versatile video coding (VVC) standard and its applications}},
  author={Bross, Benjamin and Wang, Ye-Kui and Ye, Yan and Liu, Shan and Chen, Jianle and Sullivan, Gary J and Ohm, Jens-Rainer},
   journal   = {{IEEE} Trans. Circuits Syst. Video Technol.},
  volume={31},
  number={10},
  pages={3736--3764},
  year={2021},
  }

@article{cao2012short,
  title={Short distance intra coding scheme for high efficiency video coding},
  author={Cao, Xiaoran and Lai, Changcai and Wang, Yunfei and Liu, Lingzhi and Zheng, Jianhua and He, Yun},
  journal={IEEE Transactions on Image Processing},
  volume={22},
  number={2},
  pages={790--801},
  year={2012},
  publisher={IEEE}
}

@inproceedings{ho2022canf,
  title={Canf-vc: Conditional augmented normalizing flows for video compression},
  author={Ho, Yung-Han and Chang, Chih-Peng and Chen, Peng-Yu and Gnutti, Alessandro and Peng, Wen-Hsiao},
  booktitle={{Eur. Conf. Comput. Vis.}},
  pages={207--223},
  year={2022},
  organization={Springer}
}

@article{zhang2016low,
  title={Low-rank-based nonlocal adaptive loop filter for high-efficiency video compression},
  author={Zhang, Xinfeng and Xiong, Ruiqin and Lin, Weisi and Zhang, Jian and Wang, Shiqi and Ma, Siwei and Gao, Wen},
  journal={IEEE Transactions on Circuits and Systems for Video Technology},
  volume={27},
  number={10},
  pages={2177--2188},
  year={2016},
  publisher={IEEE}
}

@article{zhang2018improved,
  title={An improved framework of affine motion compensation in video coding},
  author={Zhang, Kai and Chen, Yi-Wen and Zhang, Li and Chien, Wei-Jung and Karczewicz, Marta},
  journal={IEEE Transactions on Image Processing},
  volume={28},
  number={3},
  pages={1456--1469},
  year={2018},
  publisher={IEEE}
}

@article{zhao2018joint,
  title={Joint separable and non-separable transforms for next-generation video coding},
  author={Zhao, Xin and Chen, Jianle and Karczewicz, Marta and Said, Amir and Seregin, Vadim},
  journal={IEEE Transactions on Image Processing},
  volume={27},
  number={5},
  pages={2514--2525},
  year={2018},
  publisher={IEEE}
}

@article{zhao2019enhanced,
  title={Enhanced motion-compensated video coding with deep virtual reference frame generation},
  author={Zhao, Lei and Wang, Shiqi and Zhang, Xinfeng and Wang, Shanshe and Ma, Siwei and Gao, Wen},
  journal={IEEE Transactions on Image Processing},
  volume={28},
  number={10},
  pages={4832--4844},
  year={2019},
  publisher={IEEE}
}

