
@inproceedings{zhao2023dnerv,
  title={Dnerv: Modeling inherent dynamics via difference neural representation for videos},
  author={Zhao, Qi and Asif, M Salman and Ma, Zhan},
  booktitle={Proceedings of the IEEE/CVF Conference on Computer Vision and Pattern Recognition},
  pages={2031--2040},
  year={2023}
}

@inproceedings{zhang2024boosting,
  title={Boosting Neural Representations for Videos with a Conditional Decoder},
  author={Zhang, Xinjie and Yang, Ren and He, Dailan and Ge, Xingtong and Xu, Tongda and Wang, Yan and Qin, Hongwei and Zhang, Jun},
  booktitle={Proceedings of the IEEE/CVF Conference on Computer Vision and Pattern Recognition},
  pages={2556--2566},
  year={2024}
}

@inproceedings{li2024neural,
  title={Neural video compression with feature modulation},
  author={Li, Jiahao and Li, Bin and Lu, Yan},
  booktitle={Proceedings of the IEEE/CVF Conference on Computer Vision and Pattern Recognition},
  pages={26099--26108},
  year={2024}
}

@inproceedings{li2023neural,
  title={Neural video compression with diverse contexts},
  author={Li, Jiahao and Li, Bin and Lu, Yan},
  booktitle={Proceedings of the IEEE/CVF Conference on Computer Vision and Pattern Recognition},
  pages={22616--22626},
  year={2023}
}

@inproceedings{DBLP:conf/mm/Li0022,
  author       = {Jiahao Li and
                  Bin Li and
                  Yan Lu},
  title        = {Hybrid Spatial-Temporal Entropy Modelling for Neural Video Compression},
  booktitle    = {{ACM} Multimedia},
  pages        = {1503--1511},
  publisher    = {{ACM}},
  year         = {2022}
}

@article{DBLP:journals/tmm/ShengLLLLL23,
  author       = {Xihua Sheng and
                  Jiahao Li and
                  Bin Li and
                  Li Li and
                  Dong Liu and
                  Yan Lu},
  title        = {Temporal Context Mining for Learned Video Compression},
  journal      = {{IEEE} Trans. Multim.},
  volume       = {25},
  pages        = {7311--7322},
  year         = {2023}
}

@inproceedings{DBLP:conf/cvpr/ZhaoAM23,
  author       = {Qi Zhao and
                  M. Salman Asif and
                  Zhan Ma},
  title        = {DNeRV: Modeling Inherent Dynamics via Difference Neural Representation
                  for Videos},
  booktitle    = {{CVPR}},
  pages        = {2031--2040},
  publisher    = {{IEEE}},
  year         = {2023}
}

@inproceedings{DBLP:conf/icip/BaiDWY23,
  author       = {Yunpeng Bai and
                  Chao Dong and
                  Cairong Wang and
                  Chun Yuan},
  title        = {PS-NeRV: Patch-Wise Stylized Neural Representations for Videos},
  booktitle    = {{ICIP}},
  pages        = {41--45},
  publisher    = {{IEEE}},
  year         = {2023}
}

@inproceedings{DBLP:conf/cvpr/MaiyaGE0LPWWS23,
  author       = {Shishira R. Maiya and
                  Sharath Girish and
                  Max Ehrlich and
                  Hanyu Wang and
                  Kwot Sin Lee and
                  Patrick Poirson and
                  Pengxiang Wu and
                  Chen Wang and
                  Abhinav Shrivastava},
  title        = {{NIRVANA:} Neural Implicit Representations of Videos with Adaptive
                  Networks and Autoregressive Patch-Wise Modeling},
  booktitle    = {{CVPR}},
  pages        = {14378--14387},
  publisher    = {{IEEE}},
  year         = {2023}
}

@article{DBLP:journals/tcsv/WiegandSBL03,
  author    = {Thomas Wiegand and
               Gary J. Sullivan and
               Gisle Bj{\o}ntegaard and
               Ajay Luthra},
  title     = {Overview of the {H.264/AVC} video coding standard},
  journal   = {{IEEE} Trans. Circuits Syst. Video Technol.},
  volume    = {13},
  number    = {7},
  pages     = {560--576},
  year      = {2003}
}

@InProceedings{Hu_2022_CVPR,
    author    = {Hu, Zhihao and Lu, Guo and Guo, Jinyang and Liu, Shan and Jiang, Wei and Xu, Dong},
    title     = {Coarse-To-Fine Deep Video Coding With Hyperprior-Guided Mode Prediction},
    booktitle = {{IEEE Conf. Comput. Vis. Pattern Recog.}},
    month     = {June},
    year      = {2022},
    pages     = {5921-5930}
}

@inproceedings{DBLP:conf/cvpr/LiZGZ018,
  author    = {Mu Li and
               Wangmeng Zuo and
               Shuhang Gu and
               Debin Zhao and
               David Zhang},
  title     = {Learning Convolutional Networks for Content-Weighted Image Compression},
  booktitle = {{IEEE Conf. Comput. Vis. Pattern Recog.}},
  pages     = {3214--3223},
  year      = {2018}
}

@inproceedings{DBLP:conf/iccv/DaiQXLZHW17,
  author    = {Jifeng Dai and
               Haozhi Qi and
               Yuwen Xiong and
               Yi Li and
               Guodong Zhang and
               Han Hu and
               Yichen Wei},
  title     = {Deformable Convolutional Networks},
  booktitle = {{IEEE Int. Conf. Comput. Vis.}},
  pages     = {764--773},
  year      = {2017}
}


@inproceedings{DBLP:conf/iccv/LiuL00W0LG21,
  author    = {Ze Liu and
               Yutong Lin and
               Yue Cao and
               Han Hu and
               Yixuan Wei and
               Zheng Zhang and
               Stephen Lin and
               Baining Guo},
  title     = {Swin Transformer: Hierarchical Vision Transformer using Shifted Windows},
  booktitle = {{IEEE Int. Conf. Comput. Vis.}},
  pages     = {9992--10002},
  year      = {2021}
}

@article{DBLP:journals/tcsv/SullivanOHW12,
  author    = {Gary J. Sullivan and
               Jens{-}Rainer Ohm and
               Woojin Han and
               Thomas Wiegand},
  title     = {Overview of the High Efficiency Video Coding {(HEVC)} Standard},
  journal   = {{IEEE} Trans. Circuits Syst. Video Technol.},
  volume    = {22},
  number    = {12},
  pages     = {1649--1668},
  year      = {2012}
}
@article{DBLP:journals/tcsv/BrossWYLCSO21,
  author    = {Benjamin Bross and
               Ye{-}Kui Wang and
               Yan Ye and
               Shan Liu and
               Jianle Chen and
               Gary J. Sullivan and
               Jens{-}Rainer Ohm},
  title     = {Overview of the Versatile Video Coding {(VVC)} Standard and its Applications},
  journal   = {{IEEE} Trans. Circuits Syst. Video Technol.},
  volume    = {31},
  number    = {10},
  pages     = {3736--3764},
  year      = {2021}
}


@inproceedings{DBLP:conf/dcc/CuiZZJZWZ17,
  author    = {Wenxue Cui and
               Tao Zhang and
               Shengping Zhang and
               Feng Jiang and
               Wangmeng Zuo and
               Zhaolin Wan and
               Debin Zhao},
  title     = {Convolutional Neural Networks Based Intra Prediction for {HEVC}},
  booktitle = {{Data Compression Conference}},
  pages     = {436},
 
  year      = {2017}
}


@inproceedings{DBLP:conf/cvpr/YangMGT20,
  author    = {Ren Yang and
               Fabian Mentzer and
               Luc Van Gool and
               Radu Timofte},
  title     = {Learning for Video Compression With Hierarchical Quality and Recurrent
               Enhancement},
  booktitle = {{IEEE Conf. Comput. Vis. Pattern Recog.}},
  pages     = {6627--6636},
  year      = {2020}
}

@article{DBLP:journals/tip/YilmazT22,
  author    = {M. Akin Yilmaz and
               A. Murat Tekalp},
  title     = {End-to-End Rate-Distortion Optimized Learned Hierarchical Bi-Directional
               Video Compression},
  journal   = {{IEEE} Trans. Image Process.},
  volume    = {31},
  pages     = {974--983},
  year      = {2022}
}

@article{sitzmann2020implicit,
  title={Implicit neural representations with periodic activation functions},
  author={Sitzmann, Vincent and Martel, Julien and Bergman, Alexander and Lindell, David and Wetzstein, Gordon},
  journal={Advances in Neural Information Processing Systems},
  volume={33},
  pages={7462--7473},
  year={2020}
}

@inproceedings{DBLP:conf/eccv/MildenhallSTBRN20,
  author    = {Ben Mildenhall and
               Pratul P. Srinivasan and
               Matthew Tancik and
               Jonathan T. Barron and
               Ravi Ramamoorthi and
               Ren Ng},
  title     = {NeRF: Representing Scenes as Neural Radiance Fields for View Synthesis},
  booktitle = {{Eur. Conf. Comput. Vis.}},
  volume    = {12346},
  pages     = {405--421},
  publisher = {Springer},
  year      = {2020}
}

@article{DBLP:journals/corr/abs-2303-04557,
  author       = {Lv Tang and
                  Xinfeng Zhang and
                  Gai Zhang and
                  Xiaoqi Ma},
  title        = {Scene Matters: Model-based Deep Video Compression},
  journal      = {CoRR},
  volume       = {abs/2303.04557},
  year         = {2023}
}

@inproceedings{park2019deepsdf,
  title={Deepsdf: Learning continuous signed distance functions for shape representation},
  author={Park, Jeong Joon and Florence, Peter and Straub, Julian and Newcombe, Richard and Lovegrove, Steven},
  booktitle={Proceedings of the IEEE/CVF conference on computer vision and pattern recognition},
  pages={165--174},
  year={2019}
}

@inproceedings{ho2022canf,
  title={Canf-vc: Conditional augmented normalizing flows for video compression},
  author={Ho, Yung-Han and Chang, Chih-Peng and Chen, Peng-Yu and Gnutti, Alessandro and Peng, Wen-Hsiao},
  booktitle={{Eur. Conf. Comput. Vis.}},
  pages={207--223},
  year={2022},
  organization={Springer}
}

@inproceedings{DBLP:conf/icip/MaLPW18,
  author    = {Changyue Ma and
               Dong Liu and
               Xiulian Peng and
               Feng Wu},
  title     = {Convolutional Neural Network-Based Arithmetic Coding of {DC} Coefficients
               for {HEVC} Intra Coding},
  booktitle = {{IEEE Int. Conf. Image Process.}},
  pages     = {1772--1776},
 
  year      = {2018}
}
@inproceedings{DBLP:conf/cvpr/LuO0ZCG19,
  author    = {Guo Lu and
               Wanli Ouyang and
               Dong Xu and
               Xiaoyun Zhang and
               Chunlei Cai and
               Zhiyong Gao},
  title     = {{DVC:} An End-To-End Deep Video Compression Framework},
  booktitle = {{IEEE Conf. Comput. Vis. Pattern Recog.}},
  pages     = {11006--11015},
  year      = {2019}
}

@inproceedings{DBLP:conf/cvpr/HuL021,
  author    = {Zhihao Hu and
               Guo Lu and
               Dong Xu},
  title     = {{FVC:} {A} New Framework Towards Deep Video Compression in Feature
               Space},
  booktitle = {{IEEE Conf. Comput. Vis. Pattern Recog.}},
  pages     = {1502--1511},
 
  year      = {2021}
}
@inproceedings{DBLP:conf/iccv/RippelNLBAB19,
  author    = {Oren Rippel and
               Sanjay Nair and
               Carissa Lew and
               Steve Branson and
               Alexander G. Anderson and
               Lubomir D. Bourdev},
  title     = {Learned Video Compression},
  booktitle = {{IEEE Int. Conf. Comput. Vis.}},
  pages     = {3453--3462},
 
  year      = {2019}
}
@inproceedings{DBLP:conf/cvpr/AgustssonMJBHT20,
  author    = {Eirikur Agustsson and
               David Minnen and
               Nick Johnston and
               Johannes Ball{\'{e}} and
               Sung Jin Hwang and
               George Toderici},
  title     = {Scale-Space Flow for End-to-End Optimized Video Compression},
  booktitle = {{IEEE Conf. Comput. Vis. Pattern Recog.}},
  pages     = {8500--8509},
  year      = {2020}
}
@article{DBLP:journals/pami/LuZO0G021,
  author    = {Guo Lu and
               Xiaoyun Zhang and
               Wanli Ouyang and
               Li Chen and
               Zhiyong Gao and
               Dong Xu},
  title     = {An End-to-End Learning Framework for Video Compression},
  journal   = {{IEEE} Trans. Pattern Anal. Mach. Intell.},
  volume    = {43},
  number    = {10},
  pages     = {3292--3308},
  year      = {2021}
}
@article{DBLP:journals/cacm/Wallace91,
  author    = {Gregory K. Wallace},
  title     = {The {JPEG} Still Picture Compression Standard},
  journal   = {Commun. {ACM}},
  volume    = {34},
  number    = {4},
  pages     = {30--44},
  year      = {1991}
}
@article{DBLP:journals/spm/SkodrasCE01,
  author    = {Athanassios Skodras and
               Charilaos A. Christopoulos and
               Touradj Ebrahimi},
  title     = {The {JPEG} 2000 still image compression standard},
  journal   = {{IEEE} Signal Process. Mag.},
  volume    = {18},
  number    = {5},
  pages     = {36--58},
  year      = {2001}
}
@Misc{BPG2015,
    author   = {Fabrice Bellard},
    title     = {BPG Image Format},
    howpublished   = {\url{https://bellard.org/bpg/}},
    year      = {2015}
}
@article{DBLP:journals/tc/AhmedNR74,
  author    = {Nasir Ahmed and
               T. Raj Natarajan and
               K. R. Rao},
  title     = {Discrete Cosine Transform},
  journal   = {{IEEE} Trans. Computers},
  volume    = {23},
  number    = {1},
  pages     = {90--93},
  year      = {1974}
}
@inproceedings{DBLP:journals/corr/TodericiOHVMBCS15,
  author    = {George Toderici and
               Sean M. O'Malley and
               Sung Jin Hwang and
               Damien Vincent and
               David Minnen and
               Shumeet Baluja and
               Michele Covell and
               Rahul Sukthankar},
  title     = {Variable Rate Image Compression with Recurrent Neural Networks},
  booktitle = {{Int. Conf. Learn. Represent.}},
  year      = {2016}
}
@inproceedings{DBLP:conf/iclr/BalleLS17,
  author    = {Johannes Ball{\'{e}} and
               Valero Laparra and
               Eero P. Simoncelli},
  title     = {End-to-end Optimized Image Compression},
  booktitle = {{Int. Conf. Learn. Represent.}},
 
  year      = {2017}
}

@inproceedings{DBLP:conf/cvpr/TodericiVJHMSC17,
  author    = {George Toderici and
               Damien Vincent and
               Nick Johnston and
               Sung Jin Hwang and
               David Minnen and
               Joel Shor and
               Michele Covell},
  title     = {Full Resolution Image Compression with Recurrent Neural Networks},
  booktitle = {{IEEE Conf. Comput. Vis. Pattern Recog.}},
  pages     = {5435--5443},
  year      = {2017}
}
@inproceedings{DBLP:conf/nips/AgustssonMTCTBG17,
  author    = {Eirikur Agustsson and
               Fabian Mentzer and
               Michael Tschannen and
               Lukas Cavigelli and
               Radu Timofte and
               Luca Benini and
               Luc Van Gool},
  title     = {Soft-to-Hard Vector Quantization for End-to-End Learning Compressible
               Representations},
  booktitle = {{Adv. Neural Inform. Process. Syst.}},
  pages     = {1141--1151},
  year      = {2017}
}
@inproceedings{DBLP:conf/iclr/BalleMSHJ18,
  author    = {Johannes Ball{\'{e}} and
               David Minnen and
               Saurabh Singh and
               Sung Jin Hwang and
               Nick Johnston},
  title     = {Variational image compression with a scale hyperprior},
  booktitle = {{Int. Conf. Learn. Represent.}},
 
  year      = {2018}
}
@inproceedings{DBLP:conf/iclr/TheisSCH17,
  author    = {Lucas Theis and
               Wenzhe Shi and
               Andrew Cunningham and
               Ferenc Husz{\'{a}}r},
  title     = {Lossy Image Compression with Compressive Autoencoders},
  booktitle = {{Int. Conf. Learn. Represent.}},
 
  year      = {2017}
}

@inproceedings{DBLP:conf/nips/VaswaniSPUJGKP17,
  author    = {Ashish Vaswani and
               Noam Shazeer and
               Niki Parmar and
               Jakob Uszkoreit and
               Llion Jones and
               Aidan N. Gomez and
               Lukasz Kaiser and
               Illia Polosukhin},
  title     = {Attention is All you Need},
  booktitle = { {Adv. Neural Inform. Process. Syst.}},
  pages     = {5998--6008},
  year      = {2017}
}




@inproceedings{DBLP:conf/iccv/TranBFTP15,
  author    = {Du Tran and
               Lubomir D. Bourdev and
               Rob Fergus and
               Lorenzo Torresani and
               Manohar Paluri},
  title     = {Learning Spatiotemporal Features with 3D Convolutional Networks},
  booktitle = {{IEEE Int. Conf. Comput. Vis.}},
  pages     = {4489--4497},
  year      = {2015}
}





@inproceedings{DBLP:conf/pcs/BalleLS16,
  author    = {Johannes Ball{\'{e}} and
               Valero Laparra and
               Eero P. Simoncelli},
  title     = {End-to-end optimization of nonlinear transform codes for perceptual
               quality},
  booktitle = {{PCS}},
  pages     = {1--5},
 
  year      = {2016}
}

@article{DBLP:journals/tcsv/0001HJW20,
  author    = {Zhibo Chen and
               Tianyu He and
               Xin Jin and
               Feng Wu},
  title     = {Learning for Video Compression},
  journal   = {{IEEE} Trans. Circuits Syst. Video Technol.},
  volume    = {30},
  number    = {2},
  pages     = {566--576},
  year      = {2020}
}

@inproceedings{DBLP:conf/iccv/HabibianRTC19,
  author    = {AmirHossein Habibian and
               Ties van Rozendaal and
               Jakub M. Tomczak and
               Taco Cohen},
  title     = {Video Compression With Rate-Distortion Autoencoders},
  booktitle = {{Int. Conf. Comput. Vis.}},
  pages     = {7032--7041},
 
  year      = {2019}
}
@inproceedings{DBLP:conf/eccv/HuCXLOG20,
  author    = {Zhihao Hu and
               Zhenghao Chen and
               Dong Xu and
               Guo Lu and
               Wanli Ouyang and
               Shuhang Gu},
  title     = {Improving Deep Video Compression by Resolution-Adaptive Flow Coding},
  booktitle = {{Proc. Eur. Conf. Comput. Vis.} },

  pages     = {193--209},

  year      = {2020}
}
@inproceedings{DBLP:conf/iclr/YangYMM21,
  author    = {Ruihan Yang and
               Yibo Yang and
               Joseph Marino and
               Stephan Mandt},
  title     = {Hierarchical Autoregressive Modeling for Neural Video Compression},
  booktitle = {{Int. Conf. Learn. Represent.}},
 
  year      = {2021}
}

@article{wang2019extended,
  title={Extended coding unit partitioning for future video coding},
  author={Wang, Meng and Li, Junru and Zhang, Li and Zhang, Kai and Liu, Hongbin and Wang, Shiqi and Kwong, Sam and Ma, Siwei},
  journal={IEEE Transactions on Image Processing},
  volume={29},
  pages={2931--2946},
  year={2019},
  publisher={IEEE}
}
@article{DBLP:journals/jstsp/YangMGT21,
  author    = {Ren Yang and
               Fabian Mentzer and
               Luc Van Gool and
               Radu Timofte},
  title     = {Learning for Video Compression With Recurrent Auto-Encoder and Recurrent
               Probability Model},
  journal   = {{IEEE} J. Sel. Top. Signal Process.},
  volume    = {15},
  number    = {2},
  pages     = {388--401},
  year      = {2021}
}
@inproceedings{DBLP:conf/cvpr/RanjanB17,
  author    = {Anurag Ranjan and
               Michael J. Black},
  title     = {Optical Flow Estimation Using a Spatial Pyramid Network},
  booktitle = {{IEEE Conf. Comput. Vis. Pattern Recog.}},
  pages     = {2720--2729},
 
  year      = {2017}
}
@inproceedings{DBLP:conf/cvpr/XieGDTH17,
  author    = {Saining Xie and
               Ross B. Girshick and
               Piotr Doll{\'{a}}r and
               Zhuowen Tu and
               Kaiming He},
  title     = {Aggregated Residual Transformations for Deep Neural Networks},
  booktitle = {{IEEE Conf. Comput. Vis. Pattern Recog.}},
  pages     = {5987--5995},
 
  year      = {2017}
}
@inproceedings{DBLP:conf/cvpr/HuSS18,
  author    = {Jie Hu and
               Li Shen and
               Gang Sun},
  title     = {Squeeze-and-Excitation Networks},
  booktitle = {{IEEE Conf. Comput. Vis. Pattern Recog.}},
  pages     = {7132--7141},
  
  year      = {2018}
}
@inproceedings{DBLP:conf/eccv/WooPLK18,
  author    = {Sanghyun Woo and
               Jongchan Park and
               Joon{-}Young Lee and
               In So Kweon},
  title     = {{CBAM:} Convolutional Block Attention Module},
  booktitle = {{Proc. Eur. Conf. Comput. Vis.} },

  pages     = {3--19},

  year      = {2018}
}
@inproceedings{DBLP:conf/cvpr/PengZYLS17,
  author    = {Chao Peng and
               Xiangyu Zhang and
               Gang Yu and
               Guiming Luo and
               Jian Sun},
  title     = {Large Kernel Matters - Improve Semantic Segmentation by Global Convolutional
               Network},
  booktitle = {{IEEE Conf. Comput. Vis. Pattern Recog.}},
  pages     = {1743--1751},
 
  year      = {2017}
}
@inproceedings{DBLP:conf/iclr/JangGP17,
  author    = {Eric Jang and
               Shixiang Gu and
               Ben Poole},
  title     = {Categorical Reparameterization with Gumbel-Softmax},
  booktitle = {{Int. Conf. Learn. Represent.}},
 
  year      = {2017}
}
@inproceedings{DBLP:conf/aaai/ChenPLYCM19,
  author    = {Jingwen Chen and
               Yingwei Pan and
               Yehao Li and
               Ting Yao and
               Hongyang Chao and
               Tao Mei},
  title     = {Temporal Deformable Convolutional Encoder-Decoder Networks for Video
               Captioning},
  booktitle = {{Proc. AAAI Conf. Artif. Intell.}},
  pages     = {8167--8174},
  publisher = {{Proc. AAAI Conf. Artif. Intell.} },
  year      = {2019}
}
@article{DBLP:journals/tip/ZhangXLZGZ20,
  author    = {Pengfei Zhang and
               Jianru Xue and
               Cuiling Lan and
               Wenjun Zeng and
               Zhanning Gao and
               Nanning Zheng},
  title     = {EleAtt-RNN: Adding Attentiveness to Neurons in Recurrent Neural Networks},
  journal   = {{IEEE} Trans. Image Process.},
  volume    = {29},
  pages     = {1061--1073},
  year      = {2020}
}
@inproceedings{wang2003multiscale,
  title={Multiscale structural similarity for image quality assessment},
  author={Wang, Zhou and Simoncelli, Eero P and Bovik, Alan C},
  booktitle={The Thrity-Seventh Asilomar Conference on Signals, Systems \& Computers, 2003},
  volume={2},
  pages={1398--1402},
  year={2003},
  organization={{IEEE}}
}
@article{DBLP:journals/ijcv/XueCWWF19,
  author    = {Tianfan Xue and
               Baian Chen and
               Jiajun Wu and
               Donglai Wei and
               William T. Freeman},
  title     = {Video Enhancement with Task-Oriented Flow},
  journal   = {Int. J. Comput. Vis.},
  volume    = {127},
  number    = {8},
  pages     = {1106--1125},
  year      = {2019}
}
@inproceedings{DBLP:conf/iclr/LoshchilovH19,
  author    = {Ilya Loshchilov and
               Frank Hutter},
  title     = {Decoupled Weight Decay Regularization},
  booktitle = {{Int. Conf. Learn. Represent.}},
 
  year      = {2019}
}
@article{bjontegaard2001calculation,
  title={Calculation of average PSNR differences between RD-curves},
  author={Bjontegaard, Gisle},
  journal={VCEG-M33},
  year={2001}
}
@inproceedings{DBLP:conf/mmsys/MercatVV20,
  author    = {Alexandre Mercat and
               Marko Viitanen and
               Jarno Vanne},
  title     = {{UVG} dataset: 50/120fps 4K sequences for video codec analysis and
               development},
  booktitle = {MMSys},
  pages     = {297--302},
  publisher = {{ACM}},
  year      = {2020}
}
@inproceedings{DBLP:conf/icip/WangGHLJSWKAK16,
  author    = {Haiqiang Wang and
               Weihao Gan and
               Sudeng Hu and
               Joe Yuchieh Lin and
               Lina Jin and
               Longguang Song and
               Ping Wang and
               Ioannis Katsavounidis and
               Anne Aaron and
               C.{-}C. Jay Kuo},
  title     = {{MCL-JCV:} {A} JND-based {H.264/AVC} video quality assessment dataset},
  booktitle = {{IEEE Int. Conf. Image Process.}},
  pages     = {1509--1513},
 
  year      = {2016}
}
@inproceedings{DBLP:conf/cvpr/WangCYDL19,
  author    = {Xintao Wang and
               Kelvin C. K. Chan and
               Ke Yu and
               Chao Dong and
               Chen Change Loy},
  title     = {{EDVR:} Video Restoration With Enhanced Deformable Convolutional Networks},
  booktitle = {{IEEE Conf. Comput. Vis. Pattern Recog.} },
  pages     = {1954--1963},
 
  year      = {2019}
}
@inproceedings{DBLP:conf/cvpr/TianZ0X20,
  author    = {Yapeng Tian and
               Yulun Zhang and
               Yun Fu and
               Chenliang Xu},
  title     = {{TDAN:} Temporally-Deformable Alignment Network for Video Super-Resolution},
  booktitle = {{IEEE Conf. Comput. Vis. Pattern Recog.}},
  pages     = {3357--3366},
 
  year      = {2020}
}
@article{DBLP:journals/tmm/ZhangMBB18,
  author    = {Fan Zhang and
               Felix Mercer Moss and
               Roland Baddeley and
               David R. Bull},
  title     = {{BVI-HD:} {A} Video Quality Database for {HEVC} Compressed and Texture
               Synthesized Content},
  journal   = {{IEEE} Trans. Multim.},
  volume    = {20},
  number    = {10},
  pages     = {2620--2630},
  year      = {2018}
}
@article{DBLP:journals/corr/abs-2003-13552,
  author    = {Di Ma and
               Fan Zhang and
               David R. Bull},
  title     = {{BVI-DVC:} {A} Training Database for Deep Video Compression},
  journal   = {CoRR},
  volume    = {abs/2003.13552},
  year      = {2020}
}
@article{DBLP:journals/tip/ZhangSJZXD18,
  author    = {Yongbing Zhang and
               Tao Shen and
               Xiangyang Ji and
               Yun Zhang and
               Ruiqin Xiong and
               Qionghai Dai},
  title     = {Residual Highway Convolutional Neural Networks for in-loop Filtering
               in {HEVC}},
  journal   = {{IEEE} Trans. Image Process.},
  volume    = {27},
  number    = {8},
  pages     = {3827--3841},
  year      = {2018}
}

@inproceedings{DBLP:conf/iccv/LadunePHCL23,
  author       = {Th{\'{e}}o Ladune and
                  Pierrick Philippe and
                  F{\'{e}}lix Henry and
                  Gordon Clare and
                  Thomas Leguay},
  title        = {{COOL-CHIC:} Coordinate-based Low Complexity Hierarchical Image Codec},
  booktitle    = {{ICCV}},
  pages        = {13469--13476},
  publisher    = {{IEEE}},
  year         = {2023}
}

@inproceedings{DBLP:conf/iclr/LoshchilovH17,
  author       = {Ilya Loshchilov and
                  Frank Hutter},
  title        = {{SGDR:} Stochastic Gradient Descent with Warm Restarts},
  booktitle    = {{ICLR} (Poster)},
  publisher    = {OpenReview.net},
  year         = {2017}
}



@article{DBLP:journals/spl/ZhangZT23,
  author       = {Gai Zhang and
                  Xinfeng Zhang and
                  Lv Tang},
  title        = {Enhanced Quantified Local Implicit Neural Representation for Image
                  Compression},
  journal      = {{IEEE} Signal Process. Lett.},
  volume       = {30},
  pages        = {1742--1746},
  year         = {2023}
}

@article{DBLP:journals/pami/0005ZGY021,
  author       = {Mu Li and
                  Wangmeng Zuo and
                  Shuhang Gu and
                  Jane You and
                  David Zhang},
  title        = {Learning Content-Weighted Deep Image Compression},
  journal      = {{IEEE} Trans. Pattern Anal. Mach. Intell.},
  volume       = {43},
  number       = {10},
  pages        = {3446--3461},
  year         = {2021}
}

@article{DBLP:journals/pami/HuYML22,
  author       = {Yueyu Hu and
                  Wenhan Yang and
                  Zhan Ma and
                  Jiaying Liu},
  title        = {Learning End-to-End Lossy Image Compression: {A} Benchmark},
  journal      = {{IEEE} Trans. Pattern Anal. Mach. Intell.},
  volume       = {44},
  number       = {8},
  pages        = {4194--4211},
  year         = {2022}
}

@article{DBLP:journals/pami/DuanLMHMZ24,
  author       = {Zhihao Duan and
                  Ming Lu and
                  Jack Ma and
                  Yuning Huang and
                  Zhan Ma and
                  Fengqing Zhu},
  title        = {{QARV:} Quantization-Aware ResNet {VAE} for Lossy Image Compression},
  journal      = {{IEEE} Trans. Pattern Anal. Mach. Intell.},
  volume       = {46},
  number       = {1},
  pages        = {436--450},
  year         = {2024}
}


@article{DBLP:journals/pami/MaLYLW22,
  author       = {Haichuan Ma and
                  Dong Liu and
                  Ning Yan and
                  Houqiang Li and
                  Feng Wu},
  title        = {End-to-End Optimized Versatile Image Compression With Wavelet-Like
                  Transform},
  journal      = {{IEEE} Trans. Pattern Anal. Mach. Intell.},
  volume       = {44},
  number       = {3},
  pages        = {1247--1263},
  year         = {2022}
}

@article{DBLP:journals/corr/abs-2206-07307,
  author    = {Fabian Mentzer and
               George Toderici and
               David Minnen and
               Sung Jin Hwang and
               Sergi Caelles and
               Mario Lucic and
               Eirikur Agustsson},
  title     = {{VCT:} {A} Video Compression Transformer},
  journal   = {{Adv. Neural Inform. Process. Syst.}},
  year      = {2022}
}

@inproceedings{DBLP:conf/eccv/ShiGWM22,
  author    = {Yibo Shi and
               Yunying Ge and
               Jing Wang and
               Jue Mao},
  title     = {AlphaVC: High-Performance and Efficient Learned Video Compression},
  booktitle = {{Eur. Conf. Comput. Vis.}},
  volume    = {13679},
  pages     = {616--631},
  publisher = {Springer},
  year      = {2022}
}

@inproceedings{oh2011large,
  title={A large-scale benchmark dataset for event recognition in surveillance video},
  author={Oh, Sangmin and Hoogs, Anthony and Perera, Amitha and Cuntoor, Naresh and Chen, Chia-Chih and Lee, Jong Taek and Mukherjee, Saurajit and Aggarwal, JK and Lee, Hyungtae and Davis, Larry and others},
  booktitle={{IEEE Conf. Comput. Vis. Pattern Recog.}},
  pages={3153--3160},
  year={2011},
  organization={IEEE}
}

@inproceedings{ieee1857,
  title={IEEE Audio Video Coding Working Group (1857WG)},
  author={Siwei Ma and Cliff Reader and Tiejun Huang and Feng Wu and Wen Gao},
  booktitle={{IEEE https://sagroups.ieee.org/1857/}}
}

@article{menze2015joint,
  title={Joint 3d estimation of vehicles and scene flow},
  author={Menze, Moritz and Heipke, Christian and Geiger, Andreas},
  journal={ISPRS annals of the photogrammetry, remote sensing and spatial information sciences},
  volume={2},
  pages={427},
  year={2015},
  publisher={Copernicus GmbH}
}

@article{DBLP:journals/corr/abs-2301-08727,
  author       = {Colin White and
                  Mahmoud Safari and
                  Rhea Sukthanker and
                  Binxin Ru and
                  Thomas Elsken and
                  Arber Zela and
                  Debadeepta Dey and
                  Frank Hutter},
  title        = {Neural Architecture Search: Insights from 1000 Papers},
  journal      = {CoRR},
  volume       = {abs/2301.08727},
  year         = {2023}
}

@inproceedings{DBLP:conf/mm/LeeRKP23,
  author       = {Joo Chan Lee and
                  Daniel Rho and
                  Jong Hwan Ko and
                  Eunbyung Park},
  title        = {FFNeRV: Flow-Guided Frame-Wise Neural Representations for Videos},
  booktitle    = {{ACM} Multimedia},
  pages        = {7859--7870},
  publisher    = {{ACM}},
  year         = {2023}
}

@inproceedings{DBLP:conf/iccv/JiangCLLH21,
  author    = {Shihao Jiang and
               Dylan Campbell and
               Yao Lu and
               Hongdong Li and
               Richard I. Hartley},
  title     = {Learning to Estimate Hidden Motions with Global Motion Aggregation},
  booktitle = {{Int. Conf. Comput. Vis.}},
  pages     = {9752--9761},
  year      = {2021}
}

@article{DBLP:journals/corr/abs-2112-11312,
  author    = {Yunfan Zhang and
               Ties van Rozendaal and
               Johann Brehmer and
               Markus Nagel and
               Taco Cohen},
  title     = {Implicit Neural Video Compression},
  journal   = {CoRR},
  volume    = {abs/2112.11312},
  year      = {2021}
}

@inproceedings{DBLP:journals/corr/KingmaB14,
  author    = {Diederik P. Kingma and
               Jimmy Ba},
  title     = {Adam: {A} Method for Stochastic Optimization},
  booktitle = {{Int. Conf. Learn. Represent.}},
  year      = {2015}
}

@inproceedings{DBLP:conf/cvpr/MeschederONNG19,
  author    = {Lars M. Mescheder and
               Michael Oechsle and
               Michael Niemeyer and
               Sebastian Nowozin and
               Andreas Geiger},
  title     = {Occupancy Networks: Learning 3D Reconstruction in Function Space},
  booktitle = {{IEEE Conf. Comput. Vis. Pattern Recog.}},
  pages     = {4460--4470},
  publisher = {Computer Vision Foundation / {IEEE}},
  year      = {2019}
}

@inproceedings{DBLP:conf/cvpr/ParkFSNL19,
  author    = {Jeong Joon Park and
               Peter Florence and
               Julian Straub and
               Richard A. Newcombe and
               Steven Lovegrove},
  title     = {DeepSDF: Learning Continuous Signed Distance Functions for Shape Representation},
  booktitle = {{IEEE Conf. Comput. Vis. Pattern Recog.}},
  pages     = {165--174},
  year      = {2019}
}

@inproceedings{DBLP:conf/nips/ChenHWRLS21,
  author       = {Hao Chen and
                  Bo He and
                  Hanyu Wang and
                  Yixuan Ren and
                  Ser{-}Nam Lim and
                  Abhinav Shrivastava},
  title        = {NeRV: Neural Representations for Videos},
  booktitle    = {NeurIPS},
  pages        = {21557--21568},
  year         = {2021}
}

@inproceedings{DBLP:conf/eccv/LiWPXML22,
  author       = {Zizhang Li and
                  Mengmeng Wang and
                  Huaijin Pi and
                  Kechun Xu and
                  Jianbiao Mei and
                  Yong Liu},
  title        = {E-NeRV: Expedite Neural Video Representation with Disentangled Spatial-Temporal
                  Context},
  booktitle    = {{ECCV}},
  volume       = {13695},
  pages        = {267--284},
  publisher    = {Springer},
  year         = {2022}
}

@inproceedings{DBLP:conf/cvpr/0004Y0WCHRLS23,
  author       = {Bo He and
                  Xitong Yang and
                  Hanyu Wang and
                  Zuxuan Wu and
                  Hao Chen and
                  Shuaiyi Huang and
                  Yixuan Ren and
                  Ser{-}Nam Lim and
                  Abhinav Shrivastava},
  title        = {Towards Scalable Neural Representation for Diverse Videos},
  booktitle    = {{CVPR}},
  pages        = {6132--6142},
  publisher    = {{IEEE}},
  year         = {2023}
}

@inproceedings{DBLP:conf/cvpr/ChenGLS23a,
  author       = {Hao Chen and
                  Matthew Gwilliam and
                  Ser{-}Nam Lim and
                  Abhinav Shrivastava},
  title        = {HNeRV: {A} Hybrid Neural Representation for Videos},
  booktitle    = {{CVPR}},
  pages        = {10270--10279},
  publisher    = {{IEEE}},
  year         = {2023}
}

@inproceedings{DBLP:conf/nips/KwanGZGB23,
  author       = {Ho Man Kwan and
                  Ge Gao and
                  Fan Zhang and
                  Andrew Gower and
                  David Bull},
  title        = {HiNeRV: Video Compression with Hierarchical Encoding-based Neural
                  Representation},
  booktitle    = {NeurIPS},
  year         = {2023}
}

@inproceedings{DBLP:conf/iccv/Tang0ZM23,
  author       = {Lv Tang and
                  Xinfeng Zhang and
                  Gai Zhang and
                  Xiaoqi Ma},
  title        = {Scene Matters: Model-based Deep Video Compression},
  booktitle    = {{ICCV}},
  pages        = {12447--12457},
  publisher    = {{IEEE}},
  year         = {2023}
}

@InProceedings{Li_2024_CVPR,
    author    = {Li, Jiahao and Li, Bin and Lu, Yan},
    title     = {Neural Video Compression with Feature Modulation},
    booktitle = {Proceedings of the IEEE/CVF Conference on Computer Vision and Pattern Recognition (CVPR)},
    month     = {June},
    year      = {2024},
    pages     = {26099-26108}
}

@inproceedings{DBLP:journals/corr/abs-2402-17414,
  author       = {Jiahao Li and
                  Bin Li and
                  Yan Lu},
  title        = {Neural Video Compression with Feature Modulation},
  journal      = {CoRR},
  volume       = {abs/2402.17414},
  year         = {2024}
}

@article{DBLP:journals/corr/abs-2207-14678,
  author    = {Yibo Shi and
               Yunying Ge and
               Jing Wang and
               Jue Mao},
  title     = {AlphaVC: High-Performance and Efficient Learned Video Compression},
  journal   = {{Eur. Conf. Comput. Vis.}},
  year      = {2022}
}

@inproceedings{DBLP:conf/cvpr/LiLL23,
  author       = {Jiahao Li and
                  Bin Li and
                  Yan Lu},
  title        = {Neural Video Compression with Diverse Contexts},
  booktitle    = {{CVPR}},
  pages        = {22616--22626},
  publisher    = {{IEEE}},
  year         = {2023}
}


@article{DBLP:journals/corr/abs-2003-04297,
  author    = {Xinlei Chen and
               Haoqi Fan and
               Ross B. Girshick and
               Kaiming He},
  title     = {Improved Baselines with Momentum Contrastive Learning},
  journal   = {CoRR},
  volume    = {abs/2003.04297},
  year      = {2020}
}

@inproceedings{DBLP:conf/nips/CaronMMGBJ20,
  author    = {Mathilde Caron and
               Ishan Misra and
               Julien Mairal and
               Priya Goyal and
               Piotr Bojanowski and
               Armand Joulin},
  title     = {Unsupervised Learning of Visual Features by Contrasting Cluster Assignments},
  booktitle = {{Adv. Neural Inform. Process. Syst.}},
  year      = {2020}
}

@inproceedings{DBLP:conf/iclr/GidarisSK18,
  author    = {Spyros Gidaris and
               Praveer Singh and
               Nikos Komodakis},
  title     = {Unsupervised Representation Learning by Predicting Image Rotations},
  booktitle = {{Int. Conf. Learn. Represent.}},
  year      = {2018}
}

@article{DBLP:journals/corr/abs-2008-02129,
  author    = {Jinpeng Wang and
               Yiqi Lin and
               Andy J. Ma and
               Pong C. Yuen},
  title     = {Self-supervised Temporal Discriminative Learning for Video Representation
               Learning},
  journal   = {CoRR},
  volume    = {abs/2008.02129},
  year      = {2020}
}

@inproceedings{DBLP:conf/icassp/LiSTH19,
  author       = {Bo Li and
                  Zhengxing Sun and
                  Lv Tang and
                  Anqi Hu},
  title        = {Two-B-real Net: Two-branch Network for Real-time Salient Object Detection},
  booktitle    = {{ICASSP}},
  pages        = {1662--1666},
  publisher    = {{IEEE}},
  year         = {2019}
}

@article{DBLP:journals/corr/abs-2104-14729,
  author       = {Lv Tang},
  title        = {CoSformer: Detecting Co-Salient Object with Transformers},
  journal      = {CoRR},
  volume       = {abs/2104.14729},
  year         = {2021}
}

@inproceedings{DBLP:conf/bmvc/Zhong0TTD21,
  author       = {Yijie Zhong and
                  Bo Li and
                  Lv Tang and
                  Hao Tang and
                  Shouhong Ding},
  title        = {Highly Efficient Natural Image Matting},
  booktitle    = {{BMVC}},
  pages        = {325},
  publisher    = {{BMVA} Press},
  year         = {2021}
}

@article{ladune2022cool,
  title={COOL-CHIC: Coordinate-based Low Complexity Hierarchical Image Codec},
  author={Ladune, Th{\'e}o and Philippe, Pierrick and Henry, F{\'e}lix and Clare, Gordon},
  journal={arXiv preprint arXiv:2212.05458},
  year={2022}
}

@inproceedings{DBLP:conf/accv/Tang020,
  author       = {Lv Tang and
                  Bo Li},
  title        = {{CLASS:} Cross-Level Attention and Supervision for Salient Objects
                  Detection},
  booktitle    = {{ACCV}},
  volume       = {12624},
  pages        = {420--436},
  publisher    = {Springer},
  year         = {2020}
}

@inproceedings{DBLP:conf/wacv/GhousePSWP23,
  author       = {Noor Fathima Ghouse and
                  Jens Petersen and
                  Guillaume Sauti{\`{e}}re and
                  Auke Wiggers and
                  Reza Pourreza},
  title        = {A neural video codec with spatial rate-distortion control},
  booktitle    = {{WACV}},
  pages        = {5354--5363},
  publisher    = {{IEEE}},
  year         = {2023}
}

@inproceedings{DBLP:conf/iccv/RippelATNLB21,
  author       = {Oren Rippel and
                  Alexander G. Anderson and
                  Kedar Tatwawadi and
                  Sanjay Nair and
                  Craig Lytle and
                  Lubomir D. Bourdev},
  title        = {{ELF-VC:} Efficient Learned Flexible-Rate Video Coding},
  booktitle    = {{IEEE Int. Conf. Comput. Vis.}},
  pages        = {14459--14468},
  publisher    = {{IEEE}},
  year         = {2021}
}

@article{DBLP:journals/tcsv/TangLKSD22,
  author       = {Lv Tang and
                  Bo Li and
                  Senyun Kuang and
                  Mofei Song and
                  Shouhong Ding},
  title        = {Re-Thinking the Relations in Co-Saliency Detection},
  journal      = {{IEEE} Trans. Circuits Syst. Video Technol.},
  volume       = {32},
  number       = {8},
  pages        = {5453--5466},
  year         = {2022}
}

@article{DBLP:journals/tip/0115TKSD22,
  author       = {Bo Li and
                  Lv Tang and
                  Senyun Kuang and
                  Mofei Song and
                  Shouhong Ding},
  title        = {Toward Stable Co-Saliency Detection and Object Co-Segmentation},
  journal      = {{IEEE} Trans. Image Process.},
  volume       = {31},
  pages        = {6532--6547},
  year         = {2022}
}

@inproceedings{DBLP:conf/icassp/TangLWXD21,
  author       = {Lv Tang and
                  Bo Li and
                  Yanliang Wu and
                  Bo Xiao and
                  Shouhong Ding},
  title        = {Fast: Feature Aggregation for Detecting Salient Object in Real-Time},
  booktitle    = {{ICASSP}},
  pages        = {1525--1529},
  publisher    = {{IEEE}},
  year         = {2021}
}

@inproceedings{DBLP:conf/ijcai/0061STSS19,
  author       = {Bo Li and
                  Zhengxing Sun and
                  Lv Tang and
                  Yunhan Sun and
                  Jinlong Shi},
  title        = {Detecting Robust Co-Saliency with Recurrent Co-Attention Neural Network},
  booktitle    = {{IJCAI}},
  pages        = {818--825},
  publisher    = {ijcai.org},
  year         = {2019}
}

@inproceedings{DBLP:conf/cvpr/ZhongLTKWD22,
  author       = {Yijie Zhong and
                  Bo Li and
                  Lv Tang and
                  Senyun Kuang and
                  Shuang Wu and
                  Shouhong Ding},
  title        = {Detecting Camouflaged Object in Frequency Domain},
  booktitle    = {{IEEE Conf. Comput. Vis. Pattern Recog.}},
  pages        = {4494--4503},
  publisher    = {{IEEE}},
  year         = {2022}
}

@inproceedings{DBLP:conf/iccv/TangLZDS21,
  author       = {Lv Tang and
                  Bo Li and
                  Yijie Zhong and
                  Shouhong Ding and
                  Mofei Song},
  title        = {Disentangled High Quality Salient Object Detection},
  booktitle    = {{IEEE Int. Conf. Comput. Vis.}},
  pages        = {3560--3570},
  publisher    = {{IEEE}},
  year         = {2021}
}

@inproceedings{DBLP:conf/icml/NagelABLB20,
  author    = {Markus Nagel and
               Rana Ali Amjad and
               Mart van Baalen and
               Christos Louizos and
               Tijmen Blankevoort},
  title     = {Up or Down? Adaptive Rounding for Post-Training Quantization},
  booktitle = {{Proc. Int. Conf. Machin. Learn.}},
  publisher = {{PMLR}},
  year      = {2020}
}

@article{DBLP:journals/corr/abs-2201-12904,
  author    = {Emilien Dupont and
               Hrushikesh Loya and
               Milad Alizadeh and
               Adam Golinski and
               Yee Whye Teh and
               Arnaud Doucet},
  title     = {{COIN++:} Data Agnostic Neural Compression},
  journal   = {CoRR},
  volume    = {abs/2201.12904},
  year      = {2022}
}

@inproceedings{
dupont2021coin,
title={{COIN}: {CO}mpression with Implicit Neural representations},
author={Emilien Dupont and Adam Golinski and Milad Alizadeh and Yee Whye Teh and Arnaud Doucet},
booktitle={Neural Compression: From Information Theory to Applications -- Workshop @ Int. Conf. Learn. Represent.},
year={2021}
}

@inproceedings{DBLP:journals/corr/abs-2112-04267,
  author    = {Yannick Str{\"{u}}mpler and
               Janis Postels and
               Ren Yang and
               Luc Van Gool and
               Federico Tombari},
  title     = {Implicit Neural Representations for Image Compression},
  booktitle = {{Eur. Conf. Comput. Vis.}},
  year      = {2022}
}

@inproceedings{li2022neural,
  title={Neural 3D Video Synthesis From Multi-View Video},
  author={Li, Tianye and Slavcheva, Mira and Zollhoefer, Michael and Green, Simon and Lassner, Christoph and Kim, Changil and Schmidt, Tanner and Lovegrove, Steven and Goesele, Michael and Newcombe, Richard and others},
  booktitle={Proceedings of the IEEE/CVF Conference on Computer Vision and Pattern Recognition},
  pages={5521--5531},
  year={2022}
}

@inproceedings{DBLP:conf/nips/VaswaniSPUJGKP17,
  author    = {Ashish Vaswani and
               Noam Shazeer and
               Niki Parmar and
               Jakob Uszkoreit and
               Llion Jones and
               Aidan N. Gomez and
               Lukasz Kaiser and
               Illia Polosukhin},
  title     = {Attention is All you Need},
  booktitle = { {Adv. Neural Inform. Process. Syst.}},
  pages     = {5998--6008},
  year      = {2017}
}

@inproceedings{park2019deepsdf,
  title={Deepsdf: Learning continuous signed distance functions for shape representation},
  author={Park, Jeong Joon and Florence, Peter and Straub, Julian and Newcombe, Richard and Lovegrove, Steven},
  booktitle={Proceedings of the IEEE/CVF conference on computer vision and pattern recognition},
  pages={165--174},
  year={2019}
}

@article{sitzmann2020implicit,
  title={Implicit neural representations with periodic activation functions},
  author={Sitzmann, Vincent and Martel, Julien and Bergman, Alexander and Lindell, David and Wetzstein, Gordon},
  journal={Advances in Neural Information Processing Systems},
  volume={33},
  pages={7462--7473},
  year={2020}
}

@article{DBLP:journals/tip/WangWZWM19,
  author    = {Zhao Wang and
               Shiqi Wang and
               Xinfeng Zhang and
               Shanshe Wang and
               Siwei Ma},
  title     = {Three-Zone Segmentation-Based Motion Compensation for Video Compression},
  journal   = {{IEEE} Trans. Image Process.},
  volume    = {28},
  number    = {10},
  pages     = {5091--5104},
  year      = {2019}
}

@article{DBLP:journals/corr/abs-2207-08132,
  author    = {Zizhang Li and
               Mengmeng Wang and
               Huaijin Pi and
               Kechun Xu and
               Jianbiao Mei and
               Yong Liu},
  title     = {E-NeRV: Expedite Neural Video Representation with Disentangled Spatial-Temporal
               Context},
  journal   = {{Eur. Conf. Comput. Vis.}},
  year      = {2022}
}

@article{chen2021nerv,
  title={Nerv: Neural representations for videos},
  author={Chen, Hao and He, Bo and Wang, Hanyu and Ren, Yixuan and Lim, Ser Nam and Shrivastava, Abhinav},
  journal={Advances in Neural Information Processing Systems},
  volume={34},
  pages={21557--21568},
  year={2021}
}

@article{shannon1948mathematical,
  title={A mathematical theory of communication},
  author={Shannon, Claude Elwood},
  journal={The Bell system technical journal},
  volume={27},
  number={3},
  pages={379--423},
  year={1948},
  publisher={Nokia Bell Labs}
}


@InProceedings{Hu_2022_CVPR,
    author    = {Hu, Zhihao and Lu, Guo and Guo, Jinyang and Liu, Shan and Jiang, Wei and Xu, Dong},
    title     = {Coarse-To-Fine Deep Video Coding With Hyperprior-Guided Mode Prediction},
    booktitle = {{IEEE Conf. Comput. Vis. Pattern Recog.}},
    month     = {June},
    year      = {2022},
    pages     = {5921-5930}
}

@inproceedings{DBLP:conf/cvpr/LiZGZ018,
  author    = {Mu Li and
               Wangmeng Zuo and
               Shuhang Gu and
               Debin Zhao and
               David Zhang},
  title     = {Learning Convolutional Networks for Content-Weighted Image Compression},
  booktitle = {{IEEE Conf. Comput. Vis. Pattern Recog.}},
  pages     = {3214--3223},
  year      = {2018}
}

@inproceedings{DBLP:conf/iccv/DaiQXLZHW17,
  author    = {Jifeng Dai and
               Haozhi Qi and
               Yuwen Xiong and
               Yi Li and
               Guodong Zhang and
               Han Hu and
               Yichen Wei},
  title     = {Deformable Convolutional Networks},
  booktitle = {{IEEE Int. Conf. Comput. Vis.}},
  pages     = {764--773},
  year      = {2017}
}


@inproceedings{DBLP:conf/iccv/LiuL00W0LG21,
  author    = {Ze Liu and
               Yutong Lin and
               Yue Cao and
               Han Hu and
               Yixuan Wei and
               Zheng Zhang and
               Stephen Lin and
               Baining Guo},
  title     = {Swin Transformer: Hierarchical Vision Transformer using Shifted Windows},
  booktitle = {{IEEE Int. Conf. Comput. Vis.}},
  pages     = {9992--10002},
  year      = {2021}
}

@inproceedings{
li2021deep,
title={Deep Contextual Video Compression},
author={Jiahao Li and Bin Li and Yan Lu},
booktitle={{Adv. Neural Inform. Process. Syst.}},
pages     = {18114--18125},
year      = {2021}
}


@article{DBLP:journals/tcsv/BrossWYLCSO21,
  author    = {Benjamin Bross and
               Ye{-}Kui Wang and
               Yan Ye and
               Shan Liu and
               Jianle Chen and
               Gary J. Sullivan and
               Jens{-}Rainer Ohm},
  title     = {Overview of the Versatile Video Coding {(VVC)} Standard and its Applications},
  journal   = {{IEEE} Trans. Circuits Syst. Video Technol.},
  volume    = {31},
  number    = {10},
  pages     = {3736--3764},
  year      = {2021}
}

@article{DBLP:journals/csur/LiuLLLW20,
  author    = {Dong Liu and
               Yue Li and
               Jianping Lin and
               Houqiang Li and
               Feng Wu},
  title     = {Deep Learning-Based Video Coding: {A} Review and a Case Study},
  journal   = {{ACM} Comput. Surv.},
  volume    = {53},
  number    = {1},
  pages     = {11:1--11:35},
  year      = {2020}
}

@article{DBLP:journals/tcsv/YanLLLLW19,
  author    = {Ning Yan and
               Dong Liu and
               Houqiang Li and
               Bin Li and
               Li Li and
               Feng Wu},
  title     = {Convolutional Neural Network-Based Fractional-Pixel Motion Compensation},
  journal   = {{IEEE} Trans. Circuits Syst. Video Technol.},
  volume    = {29},
  number    = {3},
  pages     = {840--853},
  year      = {2019}
}

@inproceedings{DBLP:conf/cvpr/YangMGT20,
  author    = {Ren Yang and
               Fabian Mentzer and
               Luc Van Gool and
               Radu Timofte},
  title     = {Learning for Video Compression With Hierarchical Quality and Recurrent
               Enhancement},
  booktitle = {{IEEE Conf. Comput. Vis. Pattern Recog.}},
  pages     = {6627--6636},
  year      = {2020}
}

@article{DBLP:journals/tip/YilmazT22,
  author    = {M. Akin Yilmaz and
               A. Murat Tekalp},
  title     = {End-to-End Rate-Distortion Optimized Learned Hierarchical Bi-Directional
               Video Compression},
  journal   = {{IEEE} Trans. Image Process.},
  volume    = {31},
  pages     = {974--983},
  year      = {2022}
}

@inproceedings{DBLP:conf/icip/MaLPW18,
  author    = {Changyue Ma and
               Dong Liu and
               Xiulian Peng and
               Feng Wu},
  title     = {Convolutional Neural Network-Based Arithmetic Coding of {DC} Coefficients
               for {HEVC} Intra Coding},
  booktitle = {{IEEE Int. Conf. Image Process.}},
  pages     = {1772--1776},
 
  year      = {2018}
}

@inproceedings{DBLP:conf/cvpr/Lin0L020,
  author    = {Jianping Lin and
               Dong Liu and
               Houqiang Li and
               Feng Wu},
  title     = {{M-LVC:} Multiple Frames Prediction for Learned Video Compression},
  booktitle = {{IEEE Conf. Comput. Vis. Pattern Recog.}},
  pages     = {3543--3551},
 
  year      = {2020}
}

@inproceedings{DBLP:conf/iccv/RippelNLBAB19,
  author    = {Oren Rippel and
               Sanjay Nair and
               Carissa Lew and
               Steve Branson and
               Alexander G. Anderson and
               Lubomir D. Bourdev},
  title     = {Learned Video Compression},
  booktitle = {{IEEE Int. Conf. Comput. Vis.}},
  pages     = {3453--3462},
 
  year      = {2019}
}
@inproceedings{DBLP:conf/cvpr/AgustssonMJBHT20,
  author    = {Eirikur Agustsson and
               David Minnen and
               Nick Johnston and
               Johannes Ball{\'{e}} and
               Sung Jin Hwang and
               George Toderici},
  title     = {Scale-Space Flow for End-to-End Optimized Video Compression},
  booktitle = {{IEEE Conf. Comput. Vis. Pattern Recog.}},
  pages     = {8500--8509},
  year      = {2020}
}
@article{DBLP:journals/pami/HuXLJWL23,
  author       = {Zhihao Hu and
                  Dong Xu and
                  Guo Lu and
                  Wei Jiang and
                  Wei Wang and
                  Shan Liu},
  title        = {{FVC:} An End-to-End Framework Towards Deep Video Compression in Feature
                  Space},
  journal      = {{IEEE} Trans. Pattern Anal. Mach. Intell.},
  volume       = {45},
  number       = {4},
  pages        = {4569--4585},
  year         = {2023}
}


@inproceedings{DBLP:conf/cvpr/LeeJCP022,
  author       = {Jae{-}Han Lee and
                  Seungmin Jeon and
                  Kwang Pyo Choi and
                  Youngo Park and
                  Chang{-}Su Kim},
  title        = {{DPICT:} Deep Progressive Image Compression Using Trit-Planes},
  booktitle    = {{CVPR}},
  pages        = {16092--16101},
  publisher    = {{IEEE}},
  year         = {2022}
}

@inproceedings{DBLP:conf/iccv/Park0K23,
  author       = {Jongmin Park and
                  Jooyoung Lee and
                  Munchurl Kim},
  title        = {{COMPASS:} High-Efficiency Deep Image Compression with Arbitrary-scale
                  Spatial Scalability},
  booktitle    = {{ICCV}},
  pages        = {12780--12789},
  publisher    = {{IEEE}},
  year         = {2023}
}

@inproceedings{DBLP:conf/iccv/YangM23,
  author       = {Yibo Yang and
                  Stephan Mandt},
  title        = {Computationally-Efficient Neural Image Compression with Shallow Decoders},
  booktitle    = {{ICCV}},
  pages        = {530--540},
  publisher    = {{IEEE}},
  year         = {2023}
}

@InProceedings{Jia_2024_CVPR,
    author    = {Jia, Zhaoyang and Li, Jiahao and Li, Bin and Li, Houqiang and Lu, Yan},
    title     = {Generative Latent Coding for Ultra-Low Bitrate Image Compression},
    booktitle = {Proceedings of the IEEE/CVF Conference on Computer Vision and Pattern Recognition (CVPR)},
    month     = {June},
    year      = {2024},
    pages     = {26088-26098}
}

@InProceedings{Zhang_2024_CVPR,
    author    = {Zhang, Zhe and Wang, Huairui and Chen, Zhenzhong and Liu, Shan},
    title     = {Learned Lossless Image Compression based on Bit Plane Slicing},
    booktitle = {Proceedings of the IEEE/CVF Conference on Computer Vision and Pattern Recognition (CVPR)},
    month     = {June},
    year      = {2024},
    pages     = {27579-27588}
}




@inproceedings{DBLP:conf/cvpr/HeZRS16,
  author    = {Kaiming He and
               Xiangyu Zhang and
               Shaoqing Ren and
               Jian Sun},
  title     = {Deep Residual Learning for Image Recognition},
  booktitle = {{Proc. IEEE Conf. Comput. Vis. Pattern Recog.}},
  pages     = {770--778},
  year      = {2016}
}

@inproceedings{DBLP:conf/icml/ChenK0H20,
  author    = {Ting Chen and
               Simon Kornblith and
               Mohammad Norouzi and
               Geoffrey E. Hinton},
  title     = {A Simple Framework for Contrastive Learning of Visual Representations},
  booktitle = {{Proc. Int. Conf. Machin. Learn.}},
  volume    = {119},
  pages     = {1597--1607},
  publisher = {{PMLR}},
  year      = {2020}
}

@inproceedings{DBLP:conf/eccv/TeedD20,
  author    = {Zachary Teed and
               Jia Deng},
  title     = {{RAFT:} Recurrent All-Pairs Field Transforms for Optical Flow},
  booktitle = {{Eur. Conf. Comput. Vis.}},
  volume    = {12347},
  pages     = {402--419},
  publisher = {Springer},
  year      = {2020}
}

@article{DBLP:journals/corr/abs-2208-03742,
  author    = {Yunpeng Bai and
               Chao Dong and
               Cairong Wang},
  title     = {PS-NeRV: Patch-wise Stylized Neural Representations for Videos},
  journal   = {CoRR},
  volume    = {abs/2208.03742},
  year      = {2022}
}

@article{DBLP:journals/corr/abs-2207-01831,
  author    = {Jaewon Lee and
               Kwang Pyo Choi and
               Kyong Hwan Jin},
  title     = {Learning Local Implicit Fourier Representation for Image Warping},
  journal   = {{Eur. Conf. Comput. Vis.}},
  year      = {2022}
}

@inproceedings{DBLP:conf/cvpr/LeeJ22,
  author    = {Jaewon Lee and
               Kyong Hwan Jin},
  title     = {Local Texture Estimator for Implicit Representation Function},
  booktitle = {{IEEE Conf. Comput. Vis. Pattern Recog.}},
  pages     = {1919--1928},
  year      = {2022}
}

@inproceedings{DBLP:conf/mm/XieCC21,
  author    = {Yueqi Xie and
               Ka Leong Cheng and
               Qifeng Chen},
  title     = {Enhanced Invertible Encoding for Learned Image Compression},
  booktitle = {{ACM} Multimedia},
  pages     = {162--170},
  publisher = {{ACM}},
  year      = {2021}
}


@inproceedings{DBLP:conf/iccv/TranBFTP15,
  author    = {Du Tran and
               Lubomir D. Bourdev and
               Rob Fergus and
               Lorenzo Torresani and
               Manohar Paluri},
  title     = {Learning Spatiotemporal Features with 3D Convolutional Networks},
  booktitle = {{IEEE Int. Conf. Comput. Vis.}},
  pages     = {4489--4497},
  year      = {2015}
}

@inproceedings{DBLP:conf/icml/RippelB17,
  author    = {Oren Rippel and
               Lubomir D. Bourdev},
  title     = {Real-Time Adaptive Image Compression},
  booktitle = {{Proc. Int. Conf. Machin. Learn.}},
  volume    = {70},
  pages     = {2922--2930},
  year      = {2017}
}
@inproceedings{DBLP:conf/iccv/AgustssonTMTG19,
  author    = {Eirikur Agustsson and
               Michael Tschannen and
               Fabian Mentzer and
               Radu Timofte and
               Luc Van Gool},
  title     = {Generative Adversarial Networks for Extreme Learned Image Compression},
  booktitle = {{Int. Conf. Comput. Vis.}},
  pages     = {221--231},
 
  year      = {2019}
}
@inproceedings{DBLP:conf/cvpr/MentzerATTG18,
  author    = {Fabian Mentzer and
               Eirikur Agustsson and
               Michael Tschannen and
               Radu Timofte and
               Luc Van Gool},
  title     = {Conditional Probability Models for Deep Image Compression},
  booktitle = {{IEEE Conf. Comput. Vis. Pattern Recog.}},
  pages     = {4394--4402},
  
  year      = {2018}
}
@inproceedings{DBLP:conf/nips/MinnenBT18,
  author    = {David Minnen and
               Johannes Ball{\'{e}} and
               George Toderici},
  title     = {Joint Autoregressive and Hierarchical Priors for Learned Image Compression},
  booktitle = {{Adv. Neural Inform. Process. Syst.}},
  pages     = {10794--10803},
  year      = {2018}
}
@inproceedings{DBLP:conf/cvpr/JohnstonVMCSCHS18,
  author    = {Nick Johnston and
               Damien Vincent and
               David Minnen and
               Michele Covell and
               Saurabh Singh and
               Troy T. Chinen and
               Sung Jin Hwang and
               Joel Shor and
               George Toderici},
  title     = {Improved Lossy Image Compression With Priming and Spatially Adaptive
               Bit Rates for Recurrent Networks},
  booktitle = {{IEEE Conf. Comput. Vis. Pattern Recog.}},
  pages     = {4385--4393},
  
  year      = {2018}
}
@inproceedings{DBLP:conf/iclr/LeeCB19,
  author    = {Jooyoung Lee and
               Seunghyun Cho and
               Seung{-}Kwon Beack},
  title     = {Context-adaptive Entropy Model for End-to-end Optimized Image Compression},
  booktitle = {{Int. Conf. Learn. Represent.}},
  year      = {2019}
}
@inproceedings{DBLP:conf/icml/BlauM19,
  author    = {Yochai Blau and
               Tomer Michaeli},
  title     = {Rethinking Lossy Compression: The Rate-Distortion-Perception Tradeoff},
  booktitle = {{Proc. Int. Conf. Machin. Learn.}},
  pages     = {675--685},
  year      = {2019}
}
@inproceedings{DBLP:conf/cvpr/ChengSTK20,
  author    = {Zhengxue Cheng and
               Heming Sun and
               Masaru Takeuchi and
               Jiro Katto},
  title     = {Learned Image Compression With Discretized Gaussian Mixture Likelihoods
               and Attention Modules},
  booktitle = {{IEEE Conf. Comput. Vis. Pattern Recog.}},
  pages     = {7936--7945},
 
  year      = {2020}
}
@inproceedings{DBLP:conf/cvpr/ChengFHGWZZS21,
  author    = {Zhengxue Cheng and
               Ting Fu and
               Jiapeng Hu and
               Li Guo and
               Shihao Wang and
               Xiongxin Zhao and
               Dajiang Zhou and
               Yang Song},
  title     = {Perceptual Image Compression Using Relativistic Average Least Squares
               GANs},
  booktitle = {{IEEE Conf. Comput. Vis. Pattern Recog.} },
  pages     = {1895--1900},
 
  year      = {2021}
}
@article{DBLP:journals/tip/ChenLMSCW21,
  author    = {Tong Chen and
               Haojie Liu and
               Zhan Ma and
               Qiu Shen and
               Xun Cao and
               Yao Wang},
  title     = {End-to-End Learnt Image Compression via Non-Local Attention Optimization
               and Improved Context Modeling},
  journal   = {{IEEE} Trans. Image Process.},
  volume    = {30},
  pages     = {3179--3191},
  year      = {2021}
}
@article{DBLP:journals/tip/WangDTXL21,
  author    = {Juan Wang and
               Yiping Duan and
               Xiaoming Tao and
               Mai Xu and
               Jianhua Lu},
  title     = {Semantic Perceptual Image Compression With a Laplacian Pyramid of
               Convolutional Networks},
  journal   = {{IEEE} Trans. Image Process.},
  volume    = {30},
  pages     = {4225--4237},
  year      = {2021}
}
@inproceedings{DBLP:conf/cvpr/HeZSWQ21,
  author    = {Dailan He and
               Yaoyan Zheng and
               Baocheng Sun and
               Yan Wang and
               Hongwei Qin},
  title     = {Checkerboard Context Model for Efficient Learned Image Compression},
  booktitle = {{IEEE Conf. Comput. Vis. Pattern Recog.}},
  pages     = {14771--14780},
 
  year      = {2021}
}
@inproceedings{DBLP:conf/pcs/BalleLS16,
  author    = {Johannes Ball{\'{e}} and
               Valero Laparra and
               Eero P. Simoncelli},
  title     = {End-to-end optimization of nonlinear transform codes for perceptual
               quality},
  booktitle = {{PCS}},
  pages     = {1--5},
 
  year      = {2016}
}
@article{DBLP:journals/tcsv/MaZJZWW20,
  author    = {Siwei Ma and
               Xinfeng Zhang and
               Chuanmin Jia and
               Zhenghui Zhao and
               Shiqi Wang and
               Shanshe Wang},
  title     = {Image and Video Compression With Neural Networks: {A} Review},
  journal   = {{IEEE} Trans. Circuits Syst. Video Technol.},
  volume    = {30},
  number    = {6},
  pages     = {1683--1698},
  year      = {2020}
}

@article{DBLP:journals/tcsv/ZhaoWWYMG22,
  author       = {Lei Zhao and
                  Shiqi Wang and
                  Shanshe Wang and
                  Yan Ye and
                  Siwei Ma and
                  Wen Gao},
  title        = {Enhanced Surveillance Video Compression With Dual Reference Frames
                  Generation},
  journal      = {{IEEE} Trans. Circuits Syst. Video Technol.},
  volume       = {32},
  number       = {3},
  pages        = {1592--1606},
  year         = {2022}
}

@article{zhao2019enhanced,
  title={Enhanced motion-compensated video coding with deep virtual reference frame generation},
  author={Zhao, Lei and Wang, Shiqi and Zhang, Xinfeng and Wang, Shanshe and Ma, Siwei and Gao, Wen},
  journal={IEEE Transactions on Image Processing},
  volume={28},
  number={10},
  pages={4832--4844},
  year={2019},
  publisher={IEEE}
}
@article{DBLP:journals/tcsv/ZhangZFMCK20,
  author    = {Yongfei Zhang and
               Chao Zhang and
               Rui Fan and
               Siwei Ma and
               Zhibo Chen and
               C.{-}C. Jay Kuo},
  title     = {Recent Advances on {HEVC} Inter-Frame Coding: From Optimization to
               Implementation and Beyond},
  journal   = {{IEEE} Trans. Circuits Syst. Video Technol.},
  volume    = {30},
  number    = {11},
  pages     = {4321--4339},
  year      = {2020}
}
@inproceedings{DBLP:conf/vcip/ChenLS0CM17,
  author    = {Tong Chen and
               Haojie Liu and
               Qiu Shen and
               Tao Yue and
               Xun Cao and
               Zhan Ma},
  title     = {DeepCoder: {A} deep neural network based video compression},
  booktitle = {{Visual Communications and Image Processing}},
  pages     = {1--4},
 
  year      = {2017}
}
@article{DBLP:journals/tip/LiuYGCJW16,
  author    = {Zhenyu Liu and
               Xianyu Yu and
               Yuan Gao and
               Shaolin Chen and
               Xiangyang Ji and
               Dongsheng Wang},
  title     = {{CU} Partition Mode Decision for {HEVC} Hardwired Intra Encoder Using
               Convolution Neural Network},
  journal   = {{IEEE} Trans. Image Process.},
  volume    = {25},
  number    = {11},
  pages     = {5088--5103},
  year      = {2016}
}
@inproceedings{DBLP:conf/vcip/SongLLW17,
  author    = {Rui Song and
               Dong Liu and
               Houqiang Li and
               Feng Wu},
  title     = {Neural network-based arithmetic coding of intra prediction modes in
               {HEVC}},
  booktitle = {{Visual Communications and Image Processing}},
  pages     = {1--4},
  year      = {2017}
}
@inproceedings{DBLP:conf/eccv/LuOXZGS18,
  author    = {Guo Lu and
               Wanli Ouyang and
               Dong Xu and
               Xiaoyun Zhang and
               Zhiyong Gao and
               Ming{-}Ting Sun},
  title     = {Deep Kalman Filtering Network for Video Compression Artifact Reduction},
  booktitle = {{Eur. Conf. Comput. Vis.}},
  pages     = {591--608},

  year      = {2018}
}
@inproceedings{DBLP:conf/cvpr/YangXWL18,
  author    = {Ren Yang and
               Mai Xu and
               Zulin Wang and
               Tianyi Li},
  title     = {Multi-Frame Quality Enhancement for Compressed Video},
  booktitle = {{IEEE Conf. Comput. Vis. Pattern Recog.}},
  pages     = {6664--6673},
  
  year      = {2018}
}
@article{DBLP:journals/tcsv/0001HJW20,
  author    = {Zhibo Chen and
               Tianyu He and
               Xin Jin and
               Feng Wu},
  title     = {Learning for Video Compression},
  journal   = {{IEEE} Trans. Circuits Syst. Video Technol.},
  volume    = {30},
  number    = {2},
  pages     = {566--576},
  year      = {2020}
}
@inproceedings{DBLP:conf/eccv/WuSK18,
  author    = {Chao{-}Yuan Wu and
               Nayan Singhal and
               Philipp Kr{\"{a}}henb{\"{u}}hl},
  title     = {Video Compression Through Image Interpolation},
  booktitle = {{Eur. Conf. Comput. Vis.}},
  pages     = {425--440},
  year      = {2018}
}
@inproceedings{DBLP:conf/iccv/DjelouahCSS19,
  author    = {Abdelaziz Djelouah and
               Joaquim Campos and
               Simone Schaub{-}Meyer and
               Christopher Schroers},
  title     = {Neural Inter-Frame Compression for Video Coding},
  booktitle = {{Int. Conf. Comput. Vis.}},
  pages     = {6420--6428},
 
  year      = {2019}
}


@inproceedings{DBLP:conf/sips/PessoaATF20,
  author    = {Jorge Pessoa and
               Helena Aidos and
               Pedro Tom{\'{a}}s and
               M{\'{a}}rio A. T. Figueiredo},
  title     = {End-to-End Learning of Video Compression using Spatio-Temporal Autoencoders},
  booktitle = {SiPS},
  pages     = {1--6},
 
  year      = {2020}
}
@inproceedings{DBLP:conf/iccv/HabibianRTC19,
  author    = {AmirHossein Habibian and
               Ties van Rozendaal and
               Jakub M. Tomczak and
               Taco Cohen},
  title     = {Video Compression With Rate-Distortion Autoencoders},
  booktitle = {{Int. Conf. Comput. Vis.}},
  pages     = {7032--7041},
 
  year      = {2019}
}
@inproceedings{DBLP:conf/eccv/HuCXLOG20,
  author    = {Zhihao Hu and
               Zhenghao Chen and
               Dong Xu and
               Guo Lu and
               Wanli Ouyang and
               Shuhang Gu},
  title     = {Improving Deep Video Compression by Resolution-Adaptive Flow Coding},
  booktitle = {{Eur. Conf. Comput. Vis.} },
  pages     = {193--209},
  year      = {2020}
}
@inproceedings{DBLP:conf/iclr/YangYMM21,
  author    = {Ruihan Yang and
               Yibo Yang and
               Joseph Marino and
               Stephan Mandt},
  title     = {Hierarchical Autoregressive Modeling for Neural Video Compression},
  booktitle = {{Int. Conf. Learn. Represent.}},
 
  year      = {2021}
}
@article{cao2012short,
  title={Short distance intra coding scheme for high efficiency video coding},
  author={Cao, Xiaoran and Lai, Changcai and Wang, Yunfei and Liu, Lingzhi and Zheng, Jianhua and He, Yun},
  journal={IEEE Transactions on Image Processing},
  volume={22},
  number={2},
  pages={790--801},
  year={2012},
  publisher={IEEE}
}
@article{zhang2018improved,
  title={An improved framework of affine motion compensation in video coding},
  author={Zhang, Kai and Chen, Yi-Wen and Zhang, Li and Chien, Wei-Jung and Karczewicz, Marta},
  journal={IEEE Transactions on Image Processing},
  volume={28},
  number={3},
  pages={1456--1469},
  year={2018},
  publisher={IEEE}
}
@article{wang2019extended,
  title={Extended coding unit partitioning for future video coding},
  author={Wang, Meng and Li, Junru and Zhang, Li and Zhang, Kai and Liu, Hongbin and Wang, Shiqi and Kwong, Sam and Ma, Siwei},
  journal={IEEE Transactions on Image Processing},
  volume={29},
  pages={2931--2946},
  year={2019},
  publisher={IEEE}
}
@article{DBLP:journals/jstsp/YangMGT21,
  author    = {Ren Yang and
               Fabian Mentzer and
               Luc Van Gool and
               Radu Timofte},
  title     = {Learning for Video Compression With Recurrent Auto-Encoder and Recurrent
               Probability Model},
  journal   = {{IEEE} J. Sel. Top. Signal Process.},
  volume    = {15},
  number    = {2},
  pages     = {388--401},
  year      = {2021}
}
@inproceedings{DBLP:conf/cvpr/RanjanB17,
  author    = {Anurag Ranjan and
               Michael J. Black},
  title     = {Optical Flow Estimation Using a Spatial Pyramid Network},
  booktitle = {{IEEE Conf. Comput. Vis. Pattern Recog.}},
  pages     = {2720--2729},
 
  year      = {2017}
}
@inproceedings{DBLP:conf/cvpr/XieGDTH17,
  author    = {Saining Xie and
               Ross B. Girshick and
               Piotr Doll{\'{a}}r and
               Zhuowen Tu and
               Kaiming He},
  title     = {Aggregated Residual Transformations for Deep Neural Networks},
  booktitle = {{IEEE Conf. Comput. Vis. Pattern Recog.}},
  pages     = {5987--5995},
 
  year      = {2017}
}
@inproceedings{DBLP:conf/cvpr/HuSS18,
  author    = {Jie Hu and
               Li Shen and
               Gang Sun},
  title     = {Squeeze-and-Excitation Networks},
  booktitle = {{IEEE Conf. Comput. Vis. Pattern Recog.}},
  pages     = {7132--7141},
  
  year      = {2018}
}
@inproceedings{DBLP:conf/eccv/WooPLK18,
  author    = {Sanghyun Woo and
               Jongchan Park and
               Joon{-}Young Lee and
               In So Kweon},
  title     = {{CBAM:} Convolutional Block Attention Module},
  booktitle = {{Eur. Conf. Comput. Vis.} },
  pages     = {3--19},
  year      = {2018}
}
@inproceedings{DBLP:conf/cvpr/PengZYLS17,
  author    = {Chao Peng and
               Xiangyu Zhang and
               Gang Yu and
               Guiming Luo and
               Jian Sun},
  title     = {Large Kernel Matters - Improve Semantic Segmentation by Global Convolutional
               Network},
  booktitle = {{IEEE Conf. Comput. Vis. Pattern Recog.}},
  pages     = {1743--1751},
 
  year      = {2017}
}
@inproceedings{DBLP:conf/iclr/JangGP17,
  author    = {Eric Jang and
               Shixiang Gu and
               Ben Poole},
  title     = {Categorical Reparameterization with Gumbel-Softmax},
  booktitle = {{Int. Conf. Learn. Represent.}},
 
  year      = {2017}
}
@inproceedings{DBLP:conf/aaai/ChenPLYCM19,
  author    = {Jingwen Chen and
               Yingwei Pan and
               Yehao Li and
               Ting Yao and
               Hongyang Chao and
               Tao Mei},
  title     = {Temporal Deformable Convolutional Encoder-Decoder Networks for Video
               Captioning},
  booktitle = {{Proc. AAAI Conf. Artif. Intell.}},
  pages     = {8167--8174},
  publisher = {{Proc. AAAI Conf. Artif. Intell.} },
  year      = {2019}
}

@inproceedings{DBLP:conf/icmcs/YinXZ0LF20,
  author       = {Wenbin Yin and
                  Jizheng Xu and
                  Li Zhang and
                  Kai Zhang and
                  Hongbin Liu and
                  Xiaopeng Fan},
  title        = {History Based Block Vector Predictor for Intra Block Copy},
  booktitle    = {{ICME} Workshops},
  pages        = {1--6},
  publisher    = {{IEEE}},
  year         = {2020}
}
@inproceedings{DBLP:conf/pcs/Liu00XWLH19,
  author       = {Hongbin Liu and
                  Li Zhang and
                  Kai Zhang and
                  Jizheng Xu and
                  Yue Wang and
                  Jiancong Luo and
                  Yuwen He},
  title        = {Adaptive Motion Vector Resolution for Affine-Inter Mode Coding},
  booktitle    = {{PCS}},
  pages        = {1--4},
  publisher    = {{IEEE}},
  year         = {2019}
}
@article{DBLP:journals/tip/ZhangCZCK19,
  author       = {Kai Zhang and
                  Yi{-}Wen Chen and
                  Li Zhang and
                  Wei{-}Jung Chien and
                  Marta Karczewicz},
  title        = {An Improved Framework of Affine Motion Compensation in Video Coding},
  journal      = {{IEEE} Trans. Image Process.},
  volume       = {28},
  number       = {3},
  pages        = {1456--1469},
  year         = {2019}
}
@inproceedings{DBLP:conf/icmcs/Fu00ZWM020,
  author       = {Tianliang Fu and
                  Kai Zhang and
                  Hongbin Liu and
                  Li Zhang and
                  Shanshe Wang and
                  Siwei Ma and
                  Wen Gao},
  title        = {Affine Direct/Skip Mode with Motion Vector Differences in Video Coding},
  booktitle    = {{ICME} Workshops},
  pages        = {1--6},
  publisher    = {{IEEE}},
  year         = {2020}
}
@article{DBLP:journals/jstsp/TsaiCYCHFIWCKL13,
  author       = {Chia{-}Yang Tsai and
                  Ching{-}Yeh Chen and
                  Tomoo Yamakage and
                  In Suk Chong and
                  Yu{-}Wen Huang and
                  Chih{-}Ming Fu and
                  Takayuki Itoh and
                  Takashi Watanabe and
                  Takeshi Chujoh and
                  Marta Karczewicz and
                  Shawmin Lei},
  title        = {Adaptive Loop Filtering for Video Coding},
  journal      = {{IEEE} J. Sel. Top. Signal Process.},
  volume       = {7},
  number       = {6},
  pages        = {934--945},
  year         = {2013}
}
@inproceedings{DBLP:conf/dcc/SchwarzNMW19,
  author       = {Heiko Schwarz and
                  Tung Nguyen and
                  Detlev Marpe and
                  Thomas Wiegand},
  title        = {Hybrid Video Coding with Trellis-Coded Quantization},
  booktitle    = {{DCC}},
  pages        = {182--191},
  publisher    = {{IEEE}},
  year         = {2019}
}
@inproceedings{DBLP:conf/icmcs/ZhangZZL0WM020,
  author       = {Yuhuai Zhang and
                  Kai Zhang and
                  Li Zhang and
                  Hongbin Liu and
                  Yue Wang and
                  Shanshe Wang and
                  Siwei Ma and
                  Wen Gao},
  title        = {Implicit-Selected Transform in Video Coding},
  booktitle    = {{ICME} Workshops},
  pages        = {1--6},
  publisher    = {{IEEE}},
  year         = {2020}
}
@article{zhao2018joint,
  title={Joint separable and non-separable transforms for next-generation video coding},
  author={Zhao, Xin and Chen, Jianle and Karczewicz, Marta and Said, Amir and Seregin, Vadim},
  journal={IEEE Transactions on Image Processing},
  volume={27},
  number={5},
  pages={2514--2525},
  year={2018},
  publisher={IEEE}
}
@article{DBLP:journals/tip/ZhangXLZGZ20,
  author    = {Pengfei Zhang and
               Jianru Xue and
               Cuiling Lan and
               Wenjun Zeng and
               Zhanning Gao and
               Nanning Zheng},
  title     = {EleAtt-RNN: Adding Attentiveness to Neurons in Recurrent Neural Networks},
  journal   = {{IEEE} Trans. Image Process.},
  volume    = {29},
  pages     = {1061--1073},
  year      = {2020}
}
@article{DBLP:journals/tcsv/GaoCECS21,
  author       = {Han Gao and
                  Xu Chen and
                  Semih Esenlik and
                  Jianle Chen and
                  Eckehard G. Steinbach},
  title        = {Decoder-Side Motion Vector Refinement in {VVC:} Algorithm and Hardware
                  Implementation Considerations},
  journal      = {{IEEE} Trans. Circuits Syst. Video Technol.},
  volume       = {31},
  number       = {8},
  pages        = {3197--3211},
  year         = {2021}
}
@inproceedings{DBLP:conf/icip/De-Luxan-Hernandez19,
  author       = {Santiago De{-}Lux{\'{a}}n{-}Hern{\'{a}}ndez and
                  Valeri George and
                  Jackie Ma and
                  Tung Nguyen and
                  Heiko Schwarz and
                  Detlev Marpe and
                  Thomas Wiegand},
  title        = {An Intra Subpartition Coding Mode for {VVC}},
  booktitle    = {{ICIP}},
  pages        = {1203--1207},
  publisher    = {{IEEE}},
  year         = {2019}
}

@inproceedings{wang2003multiscale,
  title={Multiscale structural similarity for image quality assessment},
  author={Wang, Zhou and Simoncelli, Eero P and Bovik, Alan C},
  booktitle={The Thrity-Seventh Asilomar Conference on Signals, Systems \& Computers, 2003},
  volume={2},
  pages={1398--1402},
  year={2003},
  organization={{IEEE}}
}
@article{DBLP:journals/ijcv/XueCWWF19,
  author    = {Tianfan Xue and
               Baian Chen and
               Jiajun Wu and
               Donglai Wei and
               William T. Freeman},
  title     = {Video Enhancement with Task-Oriented Flow},
  journal   = {Int. J. Comput. Vis.},
  volume    = {127},
  number    = {8},
  pages     = {1106--1125},
  year      = {2019}
}
@inproceedings{DBLP:conf/iclr/LoshchilovH19,
  author    = {Ilya Loshchilov and
               Frank Hutter},
  title     = {Decoupled Weight Decay Regularization},
  booktitle = {{Int. Conf. Learn. Represent.}},
 
  year      = {2019}
}


@inproceedings{DBLP:conf/icip/WangGHLJSWKAK16,
  author    = {Haiqiang Wang and
               Weihao Gan and
               Sudeng Hu and
               Joe Yuchieh Lin and
               Lina Jin and
               Longguang Song and
               Ping Wang and
               Ioannis Katsavounidis and
               Anne Aaron and
               C.{-}C. Jay Kuo},
  title     = {{MCL-JCV:} {A} JND-based {H.264/AVC} video quality assessment dataset},
  booktitle = {{IEEE Int. Conf. Image Process.}},
  pages     = {1509--1513},
 
  year      = {2016}
}
@inproceedings{DBLP:conf/cvpr/WangCYDL19,
  author    = {Xintao Wang and
               Kelvin C. K. Chan and
               Ke Yu and
               Chao Dong and
               Chen Change Loy},
  title     = {{EDVR:} Video Restoration With Enhanced Deformable Convolutional Networks},
  booktitle = {{IEEE Conf. Comput. Vis. Pattern Recog.} },
  pages     = {1954--1963},
 
  year      = {2019}
}
@inproceedings{DBLP:conf/cvpr/TianZ0X20,
  author    = {Yapeng Tian and
               Yulun Zhang and
               Yun Fu and
               Chenliang Xu},
  title     = {{TDAN:} Temporally-Deformable Alignment Network for Video Super-Resolution},
  booktitle = {{IEEE Conf. Comput. Vis. Pattern Recog.}},
  pages     = {3357--3366},
 
  year      = {2020}
}
@article{DBLP:journals/tmm/ZhangMBB18,
  author    = {Fan Zhang and
               Felix Mercer Moss and
               Roland Baddeley and
               David R. Bull},
  title     = {{BVI-HD:} {A} Video Quality Database for {HEVC} Compressed and Texture
               Synthesized Content},
  journal   = {{IEEE} Trans. Multim.},
  volume    = {20},
  number    = {10},
  pages     = {2620--2630},
  year      = {2018}
}
@article{DBLP:journals/corr/abs-2003-13552,
  author    = {Di Ma and
               Fan Zhang and
               David R. Bull},
  title     = {{BVI-DVC:} {A} Training Database for Deep Video Compression},
  journal   = {CoRR},
  volume    = {abs/2003.13552},
  year      = {2020}
}
@article{DBLP:journals/tip/ZhangSJZXD18,
  author    = {Yongbing Zhang and
               Tao Shen and
               Xiangyang Ji and
               Yun Zhang and
               Ruiqin Xiong and
               Qionghai Dai},
  title     = {Residual Highway Convolutional Neural Networks for in-loop Filtering
               in {HEVC}},
  journal   = {{IEEE} Trans. Image Process.},
  volume    = {27},
  number    = {8},
  pages     = {3827--3841},
  year      = {2018}
}
@article{bross2021overview,
  title={{Overview of the versatile video coding (VVC) standard and its applications}},
  author={Bross, Benjamin and Wang, Ye-Kui and Ye, Yan and Liu, Shan and Chen, Jianle and Sullivan, Gary J and Ohm, Jens-Rainer},
   journal   = {{IEEE} Trans. Circuits Syst. Video Technol.},
  volume={31},
  number={10},
  pages={3736--3764},
  year={2021},
  }
  @article{zhang2016low,
  title={Low-rank-based nonlocal adaptive loop filter for high-efficiency video compression},
  author={Zhang, Xinfeng and Xiong, Ruiqin and Lin, Weisi and Zhang, Jian and Wang, Shiqi and Ma, Siwei and Gao, Wen},
  journal={IEEE Transactions on Circuits and Systems for Video Technology},
  volume={27},
  number={10},
  pages={2177--2188},
  year={2016},
  publisher={IEEE}
}

@inproceedings{liu2022convnet,
  title={A convnet for the 2020s},
  author={Liu, Zhuang and Mao, Hanzi and Wu, Chao-Yuan and Feichtenhofer, Christoph and Darrell, Trevor and Xie, Saining},
  booktitle={Proceedings of the IEEE/CVF conference on computer vision and pattern recognition},
  pages={11976--11986},
  year={2022}
}

@article{dosovitskiy2020image,
  title={An image is worth 16x16 words: Transformers for image recognition at scale},
  author={Dosovitskiy, Alexey and Beyer, Lucas and Kolesnikov, Alexander and Weissenborn, Dirk and Zhai, Xiaohua and Unterthiner, Thomas and Dehghani, Mostafa and Minderer, Matthias and Heigold, Georg and Gelly, Sylvain and others},
  journal={arXiv preprint arXiv:2010.11929},
  year={2020}
}