@article{Bach2015,
  title = {On Pixel-Wise Explanations for Non-Linear Classifier Decisions by Layer-Wise Relevance Propagation},
  volume = {10},
  ISSN = {1932-6203},
 replaceurl= {http://dx.doi.org/10.1371/journal.pone.0130140},
  DOI = {10.1371/journal.pone.0130140},
  number = {7},
  journal = {PLOS ONE},
  publisher = {Public Library of Science (PLoS)},
  author = {Bach,  Sebastian and Binder,  Alexander and Montavon,  Gr√©goire and Klauschen,  Frederick and M\"{u}ller,  Klaus-Robert and Samek,  Wojciech},
  editor = {Suarez,  Oscar Deniz},
  year = {2015},
  month = jul,
  pages = {e0130140}
}

@inproceedings{DBLP:conf/aaai/ArikP21,
  author       = {Sercan {\"{O}}. Arik and
                  Tomas Pfister},
  title        = {TabNet: Attentive Interpretable Tabular Learning},
  booktitle    = {Thirty-Fifth {AAAI} Conference on Artificial Intelligence, {AAAI}
                  2021, Thirty-Third Conference on Innovative Applications of Artificial
                  Intelligence, {IAAI} 2021, The Eleventh Symposium on Educational Advances
                  in Artificial Intelligence, {EAAI} 2021, Virtual Event, February 2-9,
                  2021},
  pages        = {6679--6687},
  publisher    = {{AAAI} Press},
  year         = {2021},
 replaceurl         = {https://doi.org/10.1609/aaai.v35i8.16826},
  doi          = {10.1609/AAAI.V35I8.16826},
  timestamp    = {Sun, 19 Jan 2025 13:10:45 +0100},
  biburl       = {https://dblp.org/rec/conf/aaai/ArikP21.bib},
  bibsource    = {dblp computer science bibliography, https://dblp.org}
}

@inproceedings{DBLP:conf/acl/AbnarZ20,
  author       = {Samira Abnar and
                  Willem H. Zuidema},
  editor       = {Dan Jurafsky and
                  Joyce Chai and
                  Natalie Schluter and
                  Joel R. Tetreault},
  title        = {Quantifying Attention Flow in Transformers},
  booktitle    = {Proceedings of the 58th Annual Meeting of the Association for Computational
                  Linguistics, {ACL} 2020, Online, July 5-10, 2020},
  pages        = {4190--4197},
  publisher    = {Association for Computational Linguistics},
  year         = {2020},
 replaceurl         = {https://doi.org/10.18653/v1/2020.acl-main.385},
  doi          = {10.18653/V1/2020.ACL-MAIN.385},
  timestamp    = {Fri, 06 Aug 2021 00:40:58 +0200},
  biburl       = {https://dblp.org/rec/conf/acl/AbnarZ20.bib},
  bibsource    = {dblp computer science bibliography, https://dblp.org}
}

@inproceedings{DBLP:conf/acl/LiuA19,
  author       = {Frederick Liu and
                  Besim Avci},
  editor       = {Anna Korhonen and
                  David R. Traum and
                  Llu{\'{\i}}s M{\`{a}}rquez},
  title        = {Incorporating Priors with Feature Attribution on Text Classification},
  booktitle    = {Proceedings of the 57th Conference of the Association for Computational
                  Linguistics, {ACL} 2019, Florence, Italy, July 28- August 2, 2019,
                  Volume 1: Long Papers},
  pages        = {6274--6283},
  publisher    = {Association for Computational Linguistics},
  year         = {2019},
 replaceurl         = {https://doi.org/10.18653/v1/p19-1631},
  doi          = {10.18653/V1/P19-1631},
  timestamp    = {Fri, 06 Aug 2021 00:41:04 +0200},
  biburl       = {https://dblp.org/rec/conf/acl/LiuA19.bib},
  bibsource    = {dblp computer science bibliography, https://dblp.org}
}

@inproceedings{DBLP:conf/aistats/HegselmannBLA0S23,
  author       = {Stefan Hegselmann and
                  Alejandro Buendia and
                  Hunter Lang and
                  Monica Agrawal and
                  Xiaoyi Jiang and
                  David A. Sontag},
  editor       = {Francisco J. R. Ruiz and
                  Jennifer G. Dy and
                  Jan{-}Willem van de Meent},
  title        = {TabLLM: Few-shot Classification of Tabular Data with Large Language
                  Models},
  booktitle    = {International Conference on Artificial Intelligence and Statistics,
                  25-27 April 2023, Palau de Congressos, Valencia, Spain},
  series       = {Proceedings of Machine Learning Research},
  volume       = {206},
  pages        = {5549--5581},
  publisher    = {{PMLR}},
  year         = {2023},
 replaceurl         = {https://proceedings.mlr.press/v206/hegselmann23a.html},
  timestamp    = {Mon, 19 Jun 2023 16:44:26 +0200},
  biburl       = {https://dblp.org/rec/conf/aistats/HegselmannBLA0S23.bib},
  bibsource    = {dblp computer science bibliography, https://dblp.org}
}

@inproceedings{DBLP:conf/emnlp/ChoiPYH20,
  author       = {Seungtaek Choi and
                  Haeju Park and
                  Jinyoung Yeo and
                  Seung{-}won Hwang},
  editor       = {Bonnie Webber and
                  Trevor Cohn and
                  Yulan He and
                  Yang Liu},
  title        = {Less is More: Attention Supervision with Counterfactuals for Text
                  Classification},
  booktitle    = {Proceedings of the 2020 Conference on Empirical Methods in Natural
                  Language Processing, {EMNLP} 2020, Online, November 16-20, 2020},
  pages        = {6695--6704},
  publisher    = {Association for Computational Linguistics},
  year         = {2020},
 replaceurl         = {https://doi.org/10.18653/v1/2020.emnlp-main.543},
  doi          = {10.18653/V1/2020.EMNLP-MAIN.543},
  timestamp    = {Tue, 20 Aug 2024 07:54:43 +0200},
  biburl       = {https://dblp.org/rec/conf/emnlp/ChoiPYH20.bib},
  bibsource    = {dblp computer science bibliography, https://dblp.org}
}

@inproceedings{DBLP:conf/emnlp/ZhangWYJL23,
  author       = {Tianping Zhang and
                  Shaowen Wang and
                  Shuicheng Yan and
                  Li Jian and
                  Qian Liu},
  editor       = {Houda Bouamor and
                  Juan Pino and
                  Kalika Bali},
  title        = {Generative Table Pre-training Empowers Models for Tabular Prediction},
  booktitle    = {Proceedings of the 2023 Conference on Empirical Methods in Natural
                  Language Processing, {EMNLP} 2023, Singapore, December 6-10, 2023},
  pages        = {14836--14854},
  publisher    = {Association for Computational Linguistics},
  year         = {2023},
 replaceurl         = {https://doi.org/10.18653/v1/2023.emnlp-main.917},
  doi          = {10.18653/V1/2023.EMNLP-MAIN.917},
  timestamp    = {Fri, 12 Apr 2024 13:11:38 +0200},
  biburl       = {https://dblp.org/rec/conf/emnlp/ZhangWYJL23.bib},
  bibsource    = {dblp computer science bibliography, https://dblp.org}
}

@inproceedings{DBLP:conf/iclr/BahriJTM22,
  author       = {Dara Bahri and
                  Heinrich Jiang and
                  Yi Tay and
                  Donald Metzler},
  title        = {Scarf: Self-Supervised Contrastive Learning using Random Feature Corruption},
  booktitle    = {The Tenth International Conference on Learning Representations, {ICLR}
                  2022, Virtual Event, April 25-29, 2022},
  publisher    = {OpenReview.net},
  year         = {2022},
 replaceurl         = {https://openreview.net/forum?id=CuV\_qYkmKb3},
  timestamp    = {Sat, 20 Aug 2022 01:15:42 +0200},
  biburl       = {https://dblp.org/rec/conf/iclr/BahriJTM22.bib},
  bibsource    = {dblp computer science bibliography, https://dblp.org}
}

@inproceedings{DBLP:conf/iclr/NamTLLS23,
  author       = {Jaehyun Nam and
                  Jihoon Tack and
                  Kyungmin Lee and
                  Hankook Lee and
                  Jinwoo Shin},
  title        = {{STUNT:} Few-shot Tabular Learning with Self-generated Tasks from
                  Unlabeled Tables},
  booktitle    = {The Eleventh International Conference on Learning Representations,
                  {ICLR} 2023, Kigali, Rwanda, May 1-5, 2023},
  publisher    = {OpenReview.net},
  year         = {2023},
 replaceurl         = {https://openreview.net/forum?id=\_xlsjehDvlY},
  timestamp    = {Wed, 24 Jul 2024 16:50:34 +0200},
  biburl       = {https://dblp.org/rec/conf/iclr/NamTLLS23.bib},
  bibsource    = {dblp computer science bibliography, https://dblp.org}
}

@inproceedings{DBLP:conf/icml/0001YAP24,
  author       = {Sungwon Han and
                  Jinsung Yoon and
                  Sercan {\"{O}}. Arik and
                  Tomas Pfister},
  title        = {Large Language Models Can Automatically Engineer Features for Few-Shot
                  Tabular Learning},
  booktitle    = {Forty-first International Conference on Machine Learning, {ICML} 2024,
                  Vienna, Austria, July 21-27, 2024},
  publisher    = {OpenReview.net},
  year         = {2024},
 replaceurl         = {https://openreview.net/forum?id=fRG45xL1WT},
  timestamp    = {Mon, 02 Sep 2024 16:55:27 +0200},
  biburl       = {https://dblp.org/rec/conf/icml/0001YAP24.bib},
  bibsource    = {dblp computer science bibliography, https://dblp.org}
}

@inproceedings{DBLP:conf/icml/SeedatHBS24,
  author       = {Nabeel Seedat and
                  Nicolas Huynh and
                  Boris van Breugel and
                  Mihaela van der Schaar},
  title        = {Curated {LLM:} Synergy of LLMs and Data Curation for tabular augmentation
                  in low-data regimes},
  booktitle    = {Forty-first International Conference on Machine Learning, {ICML} 2024,
                  Vienna, Austria, July 21-27, 2024},
  publisher    = {OpenReview.net},
  year         = {2024},
 replaceurl         = {https://openreview.net/forum?id=9cG1oRnqNd},
  timestamp    = {Mon, 02 Sep 2024 16:55:26 +0200},
  biburl       = {https://dblp.org/rec/conf/icml/SeedatHBS24.bib},
  bibsource    = {dblp computer science bibliography, https://dblp.org}
}

@inproceedings{DBLP:conf/ijcai/0010GX024,
  author       = {Zifeng Wang and
                  Chufan Gao and
                  Cao Xiao and
                  Jimeng Sun},
  title        = {MediTab: Scaling Medical Tabular Data Predictors via Data Consolidation,
                  Enrichment, and Refinement},
  booktitle    = {Proceedings of the Thirty-Third International Joint Conference on
                  Artificial Intelligence, {IJCAI} 2024, Jeju, South Korea, August 3-9,
                  2024},
  pages        = {6062--6070},
  publisher    = {ijcai.org},
  year         = {2024},
 replaceurl         = {https://www.ijcai.org/proceedings/2024/670},
  timestamp    = {Fri, 06 Dec 2024 12:46:25 +0100},
  biburl       = {https://dblp.org/rec/conf/ijcai/0010GX024.bib},
  bibsource    = {dblp computer science bibliography, https://dblp.org}
}

@inproceedings{DBLP:conf/ijcai/RossHD17,
  author       = {Andrew Slavin Ross and
                  Michael C. Hughes and
                  Finale Doshi{-}Velez},
  editor       = {Carles Sierra},
  title        = {Right for the Right Reasons: Training Differentiable Models by Constraining
                  their Explanations},
  booktitle    = {Proceedings of the Twenty-Sixth International Joint Conference on
                  Artificial Intelligence, {IJCAI} 2017, Melbourne, Australia, August
                  19-25, 2017},
  pages        = {2662--2670},
  publisher    = {ijcai.org},
  year         = {2017},
 replaceurl         = {https://doi.org/10.24963/ijcai.2017/371},
  doi          = {10.24963/IJCAI.2017/371},
  timestamp    = {Fri, 25 Dec 2020 01:15:13 +0100},
  biburl       = {https://dblp.org/rec/conf/ijcai/RossHD17.bib},
  bibsource    = {dblp computer science bibliography, https://dblp.org}
}

@inproceedings{DBLP:conf/kdd/GaoSBGH022,
  author       = {Yuyang Gao and
                  Tong Steven Sun and
                  Guangji Bai and
                  Siyi Gu and
                  Sungsoo Ray Hong and
                  Liang Zhao},
  editor       = {Aidong Zhang and
                  Huzefa Rangwala},
  title        = {{RES:} {A} Robust Framework for Guiding Visual Explanation},
  booktitle    = {{KDD} '22: The 28th {ACM} {SIGKDD} Conference on Knowledge Discovery
                  and Data Mining, Washington, DC, USA, August 14 - 18, 2022},
  pages        = {432--442},
  publisher    = {{ACM}},
  year         = {2022},
 replaceurl         = {https://doi.org/10.1145/3534678.3539419},
  doi          = {10.1145/3534678.3539419},
  timestamp    = {Mon, 28 Aug 2023 21:17:29 +0200},
  biburl       = {https://dblp.org/rec/conf/kdd/GaoSBGH022.bib},
  bibsource    = {dblp computer science bibliography, https://dblp.org}
}

@inproceedings{DBLP:conf/kdd/KanchinadamWYF20,
  author       = {Teja Kanchinadam and
                  Keith Westpfahl and
                  Qian You and
                  Glenn Fung},
  editor       = {Eduard C. Dragut and
                  Yunyao Li and
                  Lucian Popa and
                  Slobodan Vucetic},
  title        = {Rationale-based Human-in-the-Loop via Supervised Attention}

@inproceedings{DBLP:conf/nips/DinhZZLGRSP022,
  author       = {Tuan Dinh and
                  Yuchen Zeng and
                  Ruisu Zhang and
                  Ziqian Lin and
                  Michael Gira and
                  Shashank Rajput and
                  Jy{-}yong Sohn and
                  Dimitris S. Papailiopoulos and
                  Kangwook Lee},
  editor       = {Sanmi Koyejo and
                  S. Mohamed and
                  A. Agarwal and
                  Danielle Belgrave and
                  K. Cho and
                  A. Oh},
  title        = {{LIFT:} Language-Interfaced Fine-Tuning for Non-language Machine Learning
                  Tasks},
  booktitle    = {Advances in Neural Information Processing Systems 35: Annual Conference
                  on Neural Information Processing Systems 2022, NeurIPS 2022, New Orleans,
                  LA, USA, November 28 - December 9, 2022},
  year         = {2022},
 replaceurl         = {http://papers.nips.cc/paper\_files/paper/2022/hash/4ce7fe1d2730f53cb3857032952cd1b8-Abstract-Conference.html},
  timestamp    = {Mon, 08 Jan 2024 16:31:30 +0100},
  biburl       = {https://dblp.org/rec/conf/nips/DinhZZLGRSP022.bib},
  bibsource    = {dblp computer science bibliography, https://dblp.org}
}

@inproceedings{DBLP:conf/nips/GrinsztajnOV22,
  author       = {L{\'{e}}o Grinsztajn and
                  Edouard Oyallon and
                  Ga{\"{e}}l Varoquaux},
  editor       = {Sanmi Koyejo and
                  S. Mohamed and
                  A. Agarwal and
                  Danielle Belgrave and
                  K. Cho and
                  A. Oh},
  title        = {Why do tree-based models still outperform deep learning on typical
                  tabular data?},
  booktitle    = {Advances in Neural Information Processing Systems 35: Annual Conference
                  on Neural Information Processing Systems 2022, NeurIPS 2022, New Orleans,
                  LA, USA, November 28 - December 9, 2022},
  year         = {2022},
 replaceurl         = {http://papers.nips.cc/paper\_files/paper/2022/hash/0378c7692da36807bdec87ab043cdadc-Abstract-Datasets\_and\_Benchmarks.html},
  timestamp    = {Mon, 08 Jan 2024 16:31:31 +0100},
  biburl       = {https://dblp.org/rec/conf/nips/GrinsztajnOV22.bib},
  bibsource    = {dblp computer science bibliography, https://dblp.org}
}

@inproceedings{DBLP:conf/nips/WeinbergerJL20,
  author       = {Ethan Weinberger and
                  Joseph D. Janizek and
                  Su{-}In Lee},
  editor       = {Hugo Larochelle and
                  Marc'Aurelio Ranzato and
                  Raia Hadsell and
                  Maria{-}Florina Balcan and
                  Hsuan{-}Tien Lin},
  title        = {Learning Deep Attribution Priors Based On Prior Knowledge},
  booktitle    = {Advances in Neural Information Processing Systems 33: Annual Conference
                  on Neural Information Processing Systems 2020, NeurIPS 2020, December
                  6-12, 2020, virtual},
  year         = {2020},
 replaceurl         = {https://proceedings.neurips.cc/paper/2020/hash/a19883fca95d0e5ec7ee6c94c6c32028-Abstract.html},
  timestamp    = {Tue, 19 Jan 2021 15:57:26 +0100},
  biburl       = {https://dblp.org/rec/conf/nips/WeinbergerJL20.bib},
  bibsource    = {dblp computer science bibliography, https://dblp.org}
}

@inproceedings{DBLP:conf/nips/YoonZJS20,
  author       = {Jinsung Yoon and
                  Yao Zhang and
                  James Jordon and
                  Mihaela van der Schaar},
  editor       = {Hugo Larochelle and
                  Marc'Aurelio Ranzato and
                  Raia Hadsell and
                  Maria{-}Florina Balcan and
                  Hsuan{-}Tien Lin},
  title        = {{VIME:} Extending the Success of Self- and Semi-supervised Learning
                  to Tabular Domain},
  booktitle    = {Advances in Neural Information Processing Systems 33: Annual Conference
                  on Neural Information Processing Systems 2020, NeurIPS 2020, December
                  6-12, 2020, virtual},
  year         = {2020},
 replaceurl         = {https://proceedings.neurips.cc/paper/2020/hash/7d97667a3e056acab9aaf653807b4a03-Abstract.html},
  timestamp    = {Tue, 19 Jan 2021 15:57:35 +0100},
  biburl       = {https://dblp.org/rec/conf/nips/YoonZJS20.bib},
  bibsource    = {dblp computer science bibliography, https://dblp.org}
}

@article{DBLP:journals/corr/abs-1908-06870,
  author       = {Ruiqi Zhong and
                  Steven Shao and
                  Kathleen R. McKeown},
  title        = {Fine-grained Sentiment Analysis with Faithful Attention},
  journal      = {CoRR},
  volume       = {abs/1908.06870},
  year         = {2019},
 replaceurl         = {http://arxiv.org/abs/1908.06870},
  eprinttype    = {arXiv},
  eprint       = {1908.06870},
  timestamp    = {Mon, 26 Aug 2019 13:20:40 +0200},
  biburl       = {https://dblp.org/rec/journals/corr/abs-1908-06870.bib},
  bibsource    = {dblp computer science bibliography, https://dblp.org}
}

@article{DBLP:journals/corr/abs-2106-01342,
  author       = {Gowthami Somepalli and
                  Micah Goldblum and
                  Avi Schwarzschild and
                  C. Bayan Bruss and
                  Tom Goldstein},
  title        = {{SAINT:} Improved Neural Networks for Tabular Data via Row Attention
                  and Contrastive Pre-Training},
  journal      = {CoRR},
  volume       = {abs/2106.01342},
  year         = {2021},
 replaceurl         = {https://arxiv.org/abs/2106.01342},
  eprinttype    = {arXiv},
  eprint       = {2106.01342},
  timestamp    = {Thu, 10 Jun 2021 16:34:18 +0200},
  biburl       = {https://dblp.org/rec/journals/corr/abs-2106-01342.bib},
  bibsource    = {dblp computer science bibliography, https://dblp.org}
}

@article{DBLP:journals/corr/abs-2108-10131,
  author       = {Dharma KC and
                  Chicheng Zhang},
  title        = {Improving the trustworthiness of image classification models by utilizing
                  bounding-box annotations},
  journal      = {CoRR},
  volume       = {abs/2108.10131},
  year         = {2021},
 replaceurl         = {https://arxiv.org/abs/2108.10131},
  eprinttype    = {arXiv},
  eprint       = {2108.10131},
  timestamp    = {Fri, 27 Aug 2021 15:02:29 +0200},
  biburl       = {https://dblp.org/rec/journals/corr/abs-2108-10131.bib},
  bibsource    = {dblp computer science bibliography, https://dblp.org}
}

@article{DBLP:journals/corr/abs-2206-08564,
  author       = {Kushal Majmundar and
                  Sachin Goyal and
                  Praneeth Netrapalli and
                  Prateek Jain},
  title        = {{MET:} Masked Encoding for Tabular Data},
  journal      = {CoRR},
  volume       = {abs/2206.08564},
  year         = {2022},
 replaceurl         = {https://doi.org/10.48550/arXiv.2206.08564},
  doi          = {10.48550/ARXIV.2206.08564},
  eprinttype    = {arXiv},
  eprint       = {2206.08564},
  timestamp    = {Tue, 21 Mar 2023 21:04:57 +0100},
  biburl       = {https://dblp.org/rec/journals/corr/abs-2206-08564.bib},
  bibsource    = {dblp computer science bibliography, https://dblp.org}
}

@article{DBLP:journals/corr/abs-2302-02041,
  author       = {Aivin V. Solatorio and
                  Olivier Dupriez},
  title        = {REaLTabFormer: Generating Realistic Relational and Tabular Data using
                  Transformers},
  journal      = {CoRR},
  volume       = {abs/2302.02041},
  year         = {2023},
 replaceurl         = {https://doi.org/10.48550/arXiv.2302.02041},
  doi          = {10.48550/ARXIV.2302.02041},
  eprinttype    = {arXiv},
  eprint       = {2302.02041},
  timestamp    = {Sun, 17 Dec 2023 20:56:30 +0100},
  biburl       = {https://dblp.org/rec/journals/corr/abs-2302-02041.bib},
  bibsource    = {dblp computer science bibliography, https://dblp.org}
}

@article{DBLP:journals/corr/abs-2304-13188,
  author       = {Dylan Slack and
                  Sameer Singh},
  title        = {{TABLET:} Learning From Instructions For Tabular Data},
  journal      = {CoRR},
  volume       = {abs/2304.13188},
  year         = {2023},
 replaceurl         = {https://doi.org/10.48550/arXiv.2304.13188},
  doi          = {10.48550/ARXIV.2304.13188},
  eprinttype    = {arXiv},
  eprint       = {2304.13188},
  timestamp    = {Wed, 03 May 2023 14:12:58 +0200},
  biburl       = {https://dblp.org/rec/journals/corr/abs-2304-13188.bib},
  bibsource    = {dblp computer science bibliography, https://dblp.org}
}

@article{DBLP:journals/csur/GaoGJHYZ24,
  author       = {Yuyang Gao and
                  Siyi Gu and
                  Junji Jiang and
                  Sungsoo Ray Hong and
                  Dazhou Yu and
                  Liang Zhao},
  title        = {Going Beyond {XAI:} {A} Systematic Survey for Explanation-Guided Learning},
  journal      = {{ACM} Comput. Surv.},
  volume       = {56},
  number       = {7},
  pages        = {188:1--188:39},
  year         = {2024},
 replaceurl         = {https://doi.org/10.1145/3644073},
  doi          = {10.1145/3644073},
  timestamp    = {Fri, 17 May 2024 21:40:35 +0200},
  biburl       = {https://dblp.org/rec/journals/csur/GaoGJHYZ24.bib},
  bibsource    = {dblp computer science bibliography, https://dblp.org}
}

@article{DBLP:journals/ijcv/SelvarajuCDVPB20,
  author       = {Ramprasaath R. Selvaraju and
                  Michael Cogswell and
                  Abhishek Das and
                  Ramakrishna Vedantam and
                  Devi Parikh and
                  Dhruv Batra},
  title        = {Grad-CAM: Visual Explanations from Deep Networks via Gradient-Based
                  Localization},
  journal      = {Int. J. Comput. Vis.},
  volume       = {128},
  number       = {2},
  pages        = {336--359},
  year         = {2020},
 replaceurl         = {https://doi.org/10.1007/s11263-019-01228-7},
  doi          = {10.1007/S11263-019-01228-7},
  timestamp    = {Tue, 16 Aug 2022 23:09:01 +0200},
  biburl       = {https://dblp.org/rec/journals/ijcv/SelvarajuCDVPB20.bib},
  bibsource    = {dblp computer science bibliography, https://dblp.org}
}

@article{DBLP:journals/inffus/Shwartz-ZivA22,
  author       = {Ravid Shwartz{-}Ziv and
                  Amitai Armon},
  title        = {Tabular data: Deep learning is not all you need},
  journal      = {Inf. Fusion},
  volume       = {81},
  pages        = {84--90},
  year         = {2022},
 replaceurl         = {https://doi.org/10.1016/j.inffus.2021.11.011},
  doi          = {10.1016/J.INFFUS.2021.11.011},
  timestamp    = {Wed, 16 Mar 2022 23:54:32 +0100},
  biburl       = {https://dblp.org/rec/journals/inffus/Shwartz-ZivA22.bib},
  bibsource    = {dblp computer science bibliography, https://dblp.org}
}

@article{DBLP:journals/natmi/ErionJSLL21,
  author       = {Gabriel G. Erion and
                  Joseph D. Janizek and
                  Pascal Sturmfels and
                  Scott M. Lundberg and
                  Su{-}In Lee},
  title        = {Improving performance of deep learning models with axiomatic attribution
                  priors and expected gradients},
  journal      = {Nat. Mach. Intell.},
  volume       = {3},
  number       = {7},
  pages        = {620--631},
  year         = {2021},
 replaceurl         = {https://doi.org/10.1038/s42256-021-00343-w},
  doi          = {10.1038/S42256-021-00343-W},
  timestamp    = {Mon, 03 Jan 2022 21:56:41 +0100},
  biburl       = {https://dblp.org/rec/journals/natmi/ErionJSLL21.bib},
  bibsource    = {dblp computer science bibliography, https://dblp.org}
}

@article{DBLP:journals/nature/HollmannMPKKHSH25,
  author       = {Noah Hollmann and
                  Samuel M{\"{u}}ller and
                  Lennart Purucker and
                  Arjun Krishnakumar and
                  Max K{\"{o}}rfer and
                  Shi Bin Hoo and
                  Robin Tibor Schirrmeister and
                  Frank Hutter},
  title        = {Accurate predictions on small data with a tabular foundation model},
  journal      = {Nat.},
  volume       = {637},
  number       = {8044},
  pages        = {319--326},
  year         = {2025},
 replaceurl         = {https://doi.org/10.1038/s41586-024-08328-6},
  doi          = {10.1038/S41586-024-08328-6},
  timestamp    = {Sat, 01 Feb 2025 19:32:37 +0100},
  biburl       = {https://dblp.org/rec/journals/nature/HollmannMPKKHSH25.bib},
  bibsource    = {dblp computer science bibliography, https://dblp.org}
}

@article{DBLP:journals/npjdm/ShickWKWDPSD24,
  author       = {Aubrey A. Shick and
                  Christina M. Webber and
                  Nooshin Kiarashi and
                  Jessica P. Weinberg and
                  Aneesh Deoras and
                  Nicholas Petrick and
                  Anindita Saha and
                  Matthew C. Diamond},
  title        = {Transparency of artificial intelligence/machine learning-enabled medical
                  devices},
  journal      = {npj Digit. Medicine},
  volume       = {7},
  number       = {1},
  year         = {2024},
 replaceurl         = {https://doi.org/10.1038/s41746-023-00992-8},
  doi          = {10.1038/S41746-023-00992-8},
  timestamp    = {Sun, 19 Jan 2025 13:52:23 +0100},
  biburl       = {https://dblp.org/rec/journals/npjdm/ShickWKWDPSD24.bib},
  bibsource    = {dblp computer science bibliography, https://dblp.org}
}

