@inproceedings{DBLP:conf/nips/VaswaniSPUJGKP17,
  author       = {Ashish Vaswani and
                  Noam Shazeer and
                  Niki Parmar and
                  Jakob Uszkoreit and
                  Llion Jones and
                  Aidan N. Gomez and
                  Lukasz Kaiser and
                  Illia Polosukhin},
  editor       = {Isabelle Guyon and
                  Ulrike von Luxburg and
                  Samy Bengio and
                  Hanna M. Wallach and
                  Rob Fergus and
                  S. V. N. Vishwanathan and
                  Roman Garnett},
  title        = {Attention is All you Need},
  booktitle    = {Advances in Neural Information Processing Systems 30: Annual Conference
                  on Neural Information Processing Systems 2017, December 4-9, 2017,
                  Long Beach, CA, {USA}},
  pages        = {5998--6008},
  year         = {2017},
 replaceurl         = {https://proceedings.neurips.cc/paper/2017/hash/3f5ee243547dee91fbd053c1c4a845aa-Abstract.html},
  timestamp    = {Thu, 21 Jan 2021 15:15:21 +0100},
  biburl       = {https://dblp.org/rec/conf/nips/VaswaniSPUJGKP17.bib},
  bibsource    = {dblp computer science bibliography, https://dblp.org}
}

@inproceedings{DBLP:conf/naacl/DevlinCLT19,
  author       = {Jacob Devlin and
                  Ming{-}Wei Chang and
                  Kenton Lee and
                  Kristina Toutanova},
  editor       = {Jill Burstein and
                  Christy Doran and
                  Thamar Solorio},
  title        = {{BERT:} Pre-training of Deep Bidirectional Transformers for Language
                  Understanding},
  booktitle    = {Proceedings of the 2019 Conference of the North American Chapter of
                  the Association for Computational Linguistics: Human Language Technologies,
                  {NAACL-HLT} 2019, Minneapolis, MN, USA, June 2-7, 2019, Volume 1 (Long
                  and Short Papers)},
  pages        = {4171--4186},
  publisher    = {Association for Computational Linguistics},
  year         = {2019},
 replaceurl         = {https://doi.org/10.18653/v1/n19-1423},
  doi          = {10.18653/V1/N19-1423},
  timestamp    = {Mon, 26 Sep 2022 12:21:55 +0200},
  biburl       = {https://dblp.org/rec/conf/naacl/DevlinCLT19.bib},
  bibsource    = {dblp computer science bibliography, https://dblp.org}
}

@inproceedings{DBLP:conf/nips/BrownMRSKDNSSAA20,
  author       = {Tom B. Brown and
                  Benjamin Mann and
                  Nick Ryder and
                  Melanie Subbiah and
                  Jared Kaplan and
                  Prafulla Dhariwal and
                  Arvind Neelakantan and
                  Pranav Shyam and
                  Girish Sastry and
                  Amanda Askell and
                  Sandhini Agarwal and
                  Ariel Herbert{-}Voss and
                  Gretchen Krueger and
                  Tom Henighan and
                  Rewon Child and
                  Aditya Ramesh and
                  Daniel M. Ziegler and
                  Jeffrey Wu and
                  Clemens Winter and
                  Christopher Hesse and
                  Mark Chen and
                  Eric Sigler and
                  Mateusz Litwin and
                  Scott Gray and
                  Benjamin Chess and
                  Jack Clark and
                  Christopher Berner and
                  Sam McCandlish and
                  Alec Radford and
                  Ilya Sutskever and
                  Dario Amodei},
  editor       = {Hugo Larochelle and
                  Marc'Aurelio Ranzato and
                  Raia Hadsell and
                  Maria{-}Florina Balcan and
                  Hsuan{-}Tien Lin},
  title        = {Language Models are Few-Shot Learners},
  booktitle    = {Advances in Neural Information Processing Systems 33: Annual Conference
                  on Neural Information Processing Systems 2020, NeurIPS 2020, December
                  6-12, 2020, virtual},
  year         = {2020},
 replaceurl         = {https://proceedings.neurips.cc/paper/2020/hash/1457c0d6bfcb4967418bfb8ac142f64a-Abstract.html},
  timestamp    = {Thu, 25 May 2023 10:38:31 +0200},
  biburl       = {https://dblp.org/rec/conf/nips/BrownMRSKDNSSAA20.bib},
  bibsource    = {dblp computer science bibliography, https://dblp.org}
}

@article{DBLP:journals/corr/abs-2203-15556,
  author       = {Jordan Hoffmann and
                  Sebastian Borgeaud and
                  Arthur Mensch and
                  Elena Buchatskaya and
                  Trevor Cai and
                  Eliza Rutherford and
                  Diego de Las Casas and
                  Lisa Anne Hendricks and
                  Johannes Welbl and
                  Aidan Clark and
                  Tom Hennigan and
                  Eric Noland and
                  Katie Millican and
                  George van den Driessche and
                  Bogdan Damoc and
                  Aurelia Guy and
                  Simon Osindero and
                  Karen Simonyan and
                  Erich Elsen and
                  Jack W. Rae and
                  Oriol Vinyals and
                  Laurent Sifre},
  title        = {Training Compute-Optimal Large Language Models},
  journal      = {CoRR},
  volume       = {abs/2203.15556},
  year         = {2022},
 replaceurl         = {https://doi.org/10.48550/arXiv.2203.15556},
  doi          = {10.48550/ARXIV.2203.15556},
  eprinttype    = {arXiv},
  eprint       = {2203.15556},
  timestamp    = {Sun, 19 Jan 2025 13:42:19 +0100},
  biburl       = {https://dblp.org/rec/journals/corr/abs-2203-15556.bib},
  bibsource    = {dblp computer science bibliography, https://dblp.org}
}

@inproceedings{DBLP:conf/nips/Wei0SBIXCLZ22,
  author       = {Jason Wei and
                  Xuezhi Wang and
                  Dale Schuurmans and
                  Maarten Bosma and
                  Brian Ichter and
                  Fei Xia and
                  Ed H. Chi and
                  Quoc V. Le and
                  Denny Zhou},
  editor       = {Sanmi Koyejo and
                  S. Mohamed and
                  A. Agarwal and
                  Danielle Belgrave and
                  K. Cho and
                  A. Oh},
  title        = {Chain-of-Thought Prompting Elicits Reasoning in Large Language Models},
  booktitle    = {Advances in Neural Information Processing Systems 35: Annual Conference
                  on Neural Information Processing Systems 2022, NeurIPS 2022, New Orleans,
                  LA, USA, November 28 - December 9, 2022},
  year         = {2022},
 replaceurl         = {http://papers.nips.cc/paper\_files/paper/2022/hash/9d5609613524ecf4f15af0f7b31abca4-Abstract-Conference.html},
  timestamp    = {Tue, 12 Nov 2024 16:50:49 +0100},
  biburl       = {https://dblp.org/rec/conf/nips/Wei0SBIXCLZ22.bib},
  bibsource    = {dblp computer science bibliography, https://dblp.org}
}

@inproceedings{DBLP:conf/nips/KojimaGRMI22,
  author       = {Takeshi Kojima and
                  Shixiang Shane Gu and
                  Machel Reid and
                  Yutaka Matsuo and
                  Yusuke Iwasawa},
  editor       = {Sanmi Koyejo and
                  S. Mohamed and
                  A. Agarwal and
                  Danielle Belgrave and
                  K. Cho and
                  A. Oh},
  title        = {Large Language Models are Zero-Shot Reasoners},
  booktitle    = {Advances in Neural Information Processing Systems 35: Annual Conference
                  on Neural Information Processing Systems 2022, NeurIPS 2022, New Orleans,
                  LA, USA, November 28 - December 9, 2022},
  year         = {2022},
 replaceurl         = {http://papers.nips.cc/paper\_files/paper/2022/hash/8bb0d291acd4acf06ef112099c16f326-Abstract-Conference.html},
  timestamp    = {Mon, 08 Jan 2024 16:31:34 +0100},
  biburl       = {https://dblp.org/rec/conf/nips/KojimaGRMI22.bib},
  bibsource    = {dblp computer science bibliography, https://dblp.org}
}

@inproceedings{DBLP:conf/emnlp/MinLHALHZ22,
  author       = {Sewon Min and
                  Xinxi Lyu and
                  Ari Holtzman and
                  Mikel Artetxe and
                  Mike Lewis and
                  Hannaneh Hajishirzi and
                  Luke Zettlemoyer},
  editor       = {Yoav Goldberg and
                  Zornitsa Kozareva and
                  Yue Zhang},
  title        = {Rethinking the Role of Demonstrations: What Makes In-Context Learning
                  Work?},
  booktitle    = {Proceedings of the 2022 Conference on Empirical Methods in Natural
                  Language Processing, {EMNLP} 2022, Abu Dhabi, United Arab Emirates,
                  December 7-11, 2022},
  pages        = {11048--11064},
  publisher    = {Association for Computational Linguistics},
  year         = {2022},
 replaceurl         = {https://doi.org/10.18653/v1/2022.emnlp-main.759},
  doi          = {10.18653/V1/2022.EMNLP-MAIN.759},
  timestamp    = {Thu, 10 Aug 2023 12:35:36 +0200},
  biburl       = {https://dblp.org/rec/conf/emnlp/MinLHALHZ22.bib},
  bibsource    = {dblp computer science bibliography, https://dblp.org}
}

@inproceedings{DBLP:conf/iclr/BahriJTM22,
  author       = {Dara Bahri and
                  Heinrich Jiang and
                  Yi Tay and
                  Donald Metzler},
  title        = {Scarf: Self-Supervised Contrastive Learning using Random Feature Corruption},
  booktitle    = {The Tenth International Conference on Learning Representations, {ICLR}
                  2022, Virtual Event, April 25-29, 2022},
  publisher    = {OpenReview.net},
  year         = {2022},
 replaceurl         = {https://openreview.net/forum?id=CuV\_qYkmKb3},
  timestamp    = {Sat, 20 Aug 2022 01:15:42 +0200},
  biburl       = {https://dblp.org/rec/conf/iclr/BahriJTM22.bib},
  bibsource    = {dblp computer science bibliography, https://dblp.org}
}

@article{DBLP:journals/corr/abs-2106-01342,
  author       = {Gowthami Somepalli and
                  Micah Goldblum and
                  Avi Schwarzschild and
                  C. Bayan Bruss and
                  Tom Goldstein},
  title        = {{SAINT:} Improved Neural Networks for Tabular Data via Row Attention
                  and Contrastive Pre-Training},
  journal      = {CoRR},
  volume       = {abs/2106.01342},
  year         = {2021},
 replaceurl         = {https://arxiv.org/abs/2106.01342},
  eprinttype    = {arXiv},
  eprint       = {2106.01342},
  timestamp    = {Thu, 10 Jun 2021 16:34:18 +0200},
  biburl       = {https://dblp.org/rec/journals/corr/abs-2106-01342.bib},
  bibsource    = {dblp computer science bibliography, https://dblp.org}
}

@inproceedings{DBLP:conf/aaai/ArikP21,
  author       = {Sercan {\"{O}}. Arik and
                  Tomas Pfister},
  title        = {TabNet: Attentive Interpretable Tabular Learning},
  booktitle    = {Thirty-Fifth {AAAI} Conference on Artificial Intelligence, {AAAI}
                  2021, Thirty-Third Conference on Innovative Applications of Artificial
                  Intelligence, {IAAI} 2021, The Eleventh Symposium on Educational Advances
                  in Artificial Intelligence, {EAAI} 2021, Virtual Event, February 2-9,
                  2021},
  pages        = {6679--6687},
  publisher    = {{AAAI} Press},
  year         = {2021},
 replaceurl         = {https://doi.org/10.1609/aaai.v35i8.16826},
  doi          = {10.1609/AAAI.V35I8.16826},
  timestamp    = {Sun, 19 Jan 2025 13:10:45 +0100},
  biburl       = {https://dblp.org/rec/conf/aaai/ArikP21.bib},
  bibsource    = {dblp computer science bibliography, https://dblp.org}
}

@article{DBLP:journals/corr/abs-2206-08564,
  author       = {Kushal Majmundar and
                  Sachin Goyal and
                  Praneeth Netrapalli and
                  Prateek Jain},
  title        = {{MET:} Masked Encoding for Tabular Data},
  journal      = {CoRR},
  volume       = {abs/2206.08564},
  year         = {2022},
 replaceurl         = {https://doi.org/10.48550/arXiv.2206.08564},
  doi          = {10.48550/ARXIV.2206.08564},
  eprinttype    = {arXiv},
  eprint       = {2206.08564},
  timestamp    = {Tue, 21 Mar 2023 21:04:57 +0100},
  biburl       = {https://dblp.org/rec/journals/corr/abs-2206-08564.bib},
  bibsource    = {dblp computer science bibliography, https://dblp.org}
}

@inproceedings{DBLP:conf/nips/GrinsztajnOV22,
  author       = {L{\'{e}}o Grinsztajn and
                  Edouard Oyallon and
                  Ga{\"{e}}l Varoquaux},
  editor       = {Sanmi Koyejo and
                  S. Mohamed and
                  A. Agarwal and
                  Danielle Belgrave and
                  K. Cho and
                  A. Oh},
  title        = {Why do tree-based models still outperform deep learning on typical
                  tabular data?},
  booktitle    = {Advances in Neural Information Processing Systems 35: Annual Conference
                  on Neural Information Processing Systems 2022, NeurIPS 2022, New Orleans,
                  LA, USA, November 28 - December 9, 2022},
  year         = {2022},
 replaceurl         = {http://papers.nips.cc/paper\_files/paper/2022/hash/0378c7692da36807bdec87ab043cdadc-Abstract-Datasets\_and\_Benchmarks.html},
  timestamp    = {Mon, 08 Jan 2024 16:31:31 +0100},
  biburl       = {https://dblp.org/rec/conf/nips/GrinsztajnOV22.bib},
  bibsource    = {dblp computer science bibliography, https://dblp.org}
}

@article{DBLP:journals/inffus/Shwartz-ZivA22,
  author       = {Ravid Shwartz{-}Ziv and
                  Amitai Armon},
  title        = {Tabular data: Deep learning is not all you need},
  journal      = {Inf. Fusion},
  volume       = {81},
  pages        = {84--90},
  year         = {2022},
 replaceurl         = {https://doi.org/10.1016/j.inffus.2021.11.011},
  doi          = {10.1016/J.INFFUS.2021.11.011},
  timestamp    = {Wed, 16 Mar 2022 23:54:32 +0100},
  biburl       = {https://dblp.org/rec/journals/inffus/Shwartz-ZivA22.bib},
  bibsource    = {dblp computer science bibliography, https://dblp.org}
}

@inproceedings{DBLP:conf/iclr/NamTLLS23,
  author       = {Jaehyun Nam and
                  Jihoon Tack and
                  Kyungmin Lee and
                  Hankook Lee and
                  Jinwoo Shin},
  title        = {{STUNT:} Few-shot Tabular Learning with Self-generated Tasks from
                  Unlabeled Tables},
  booktitle    = {The Eleventh International Conference on Learning Representations,
                  {ICLR} 2023, Kigali, Rwanda, May 1-5, 2023},
  publisher    = {OpenReview.net},
  year         = {2023},
 replaceurl         = {https://openreview.net/forum?id=\_xlsjehDvlY},
  timestamp    = {Wed, 24 Jul 2024 16:50:34 +0200},
  biburl       = {https://dblp.org/rec/conf/iclr/NamTLLS23.bib},
  bibsource    = {dblp computer science bibliography, https://dblp.org}
}

@article{DBLP:journals/nature/HollmannMPKKHSH25,
  author       = {Noah Hollmann and
                  Samuel M{\"{u}}ller and
                  Lennart Purucker and
                  Arjun Krishnakumar and
                  Max K{\"{o}}rfer and
                  Shi Bin Hoo and
                  Robin Tibor Schirrmeister and
                  Frank Hutter},
  title        = {Accurate predictions on small data with a tabular foundation model},
  journal      = {Nat.},
  volume       = {637},
  number       = {8044},
  pages        = {319--326},
  year         = {2025},
 replaceurl         = {https://doi.org/10.1038/s41586-024-08328-6},
  doi          = {10.1038/S41586-024-08328-6},
  timestamp    = {Sat, 01 Feb 2025 19:32:37 +0100},
  biburl       = {https://dblp.org/rec/journals/nature/HollmannMPKKHSH25.bib},
  bibsource    = {dblp computer science bibliography, https://dblp.org}
}

@inproceedings{DBLP:conf/nips/YoonZJS20,
  author       = {Jinsung Yoon and
                  Yao Zhang and
                  James Jordon and
                  Mihaela van der Schaar},
  editor       = {Hugo Larochelle and
                  Marc'Aurelio Ranzato and
                  Raia Hadsell and
                  Maria{-}Florina Balcan and
                  Hsuan{-}Tien Lin},
  title        = {{VIME:} Extending the Success of Self- and Semi-supervised Learning
                  to Tabular Domain},
  booktitle    = {Advances in Neural Information Processing Systems 33: Annual Conference
                  on Neural Information Processing Systems 2020, NeurIPS 2020, December
                  6-12, 2020, virtual},
  year         = {2020},
 replaceurl         = {https://proceedings.neurips.cc/paper/2020/hash/7d97667a3e056acab9aaf653807b4a03-Abstract.html},
  timestamp    = {Tue, 19 Jan 2021 15:57:35 +0100},
  biburl       = {https://dblp.org/rec/conf/nips/YoonZJS20.bib},
  bibsource    = {dblp computer science bibliography, https://dblp.org}
}

@inproceedings{DBLP:conf/nips/DinhZZLGRSP022,
  author       = {Tuan Dinh and
                  Yuchen Zeng and
                  Ruisu Zhang and
                  Ziqian Lin and
                  Michael Gira and
                  Shashank Rajput and
                  Jy{-}yong Sohn and
                  Dimitris S. Papailiopoulos and
                  Kangwook Lee},
  editor       = {Sanmi Koyejo and
                  S. Mohamed and
                  A. Agarwal and
                  Danielle Belgrave and
                  K. Cho and
                  A. Oh},
  title        = {{LIFT:} Language-Interfaced Fine-Tuning for Non-language Machine Learning
                  Tasks},
  booktitle    = {Advances in Neural Information Processing Systems 35: Annual Conference
                  on Neural Information Processing Systems 2022, NeurIPS 2022, New Orleans,
                  LA, USA, November 28 - December 9, 2022},
  year         = {2022},
 replaceurl         = {http://papers.nips.cc/paper\_files/paper/2022/hash/4ce7fe1d2730f53cb3857032952cd1b8-Abstract-Conference.html},
  timestamp    = {Mon, 08 Jan 2024 16:31:30 +0100},
  biburl       = {https://dblp.org/rec/conf/nips/DinhZZLGRSP022.bib},
  bibsource    = {dblp computer science bibliography, https://dblp.org}
}

@inproceedings{DBLP:conf/ijcai/0010GX024,
  author       = {Zifeng Wang and
                  Chufan Gao and
                  Cao Xiao and
                  Jimeng Sun},
  title        = {MediTab: Scaling Medical Tabular Data Predictors via Data Consolidation,
                  Enrichment, and Refinement},
  booktitle    = {Proceedings of the Thirty-Third International Joint Conference on
                  Artificial Intelligence, {IJCAI} 2024, Jeju, South Korea, August 3-9,
                  2024},
  pages        = {6062--6070},
  publisher    = {ijcai.org},
  year         = {2024},
 replaceurl         = {https://www.ijcai.org/proceedings/2024/670},
  timestamp    = {Fri, 06 Dec 2024 12:46:25 +0100},
  biburl       = {https://dblp.org/rec/conf/ijcai/0010GX024.bib},
  bibsource    = {dblp computer science bibliography, https://dblp.org}
}

@inproceedings{DBLP:conf/aistats/HegselmannBLA0S23,
  author       = {Stefan Hegselmann and
                  Alejandro Buendia and
                  Hunter Lang and
                  Monica Agrawal and
                  Xiaoyi Jiang and
                  David A. Sontag},
  editor       = {Francisco J. R. Ruiz and
                  Jennifer G. Dy and
                  Jan{-}Willem van de Meent},
  title        = {TabLLM: Few-shot Classification of Tabular Data with Large Language
                  Models},
  booktitle    = {International Conference on Artificial Intelligence and Statistics,
                  25-27 April 2023, Palau de Congressos, Valencia, Spain},
  series       = {Proceedings of Machine Learning Research},
  volume       = {206},
  pages        = {5549--5581},
  publisher    = {{PMLR}},
  year         = {2023},
 replaceurl         = {https://proceedings.mlr.press/v206/hegselmann23a.html},
  timestamp    = {Mon, 19 Jun 2023 16:44:26 +0200},
  biburl       = {https://dblp.org/rec/conf/aistats/HegselmannBLA0S23.bib},
  bibsource    = {dblp computer science bibliography, https://dblp.org}
}

@article{DBLP:journals/corr/abs-2304-13188,
  author       = {Dylan Slack and
                  Sameer Singh},
  title        = {{TABLET:} Learning From Instructions For Tabular Data},
  journal      = {CoRR},
  volume       = {abs/2304.13188},
  year         = {2023},
 replaceurl         = {https://doi.org/10.48550/arXiv.2304.13188},
  doi          = {10.48550/ARXIV.2304.13188},
  eprinttype    = {arXiv},
  eprint       = {2304.13188},
  timestamp    = {Wed, 03 May 2023 14:12:58 +0200},
  biburl       = {https://dblp.org/rec/journals/corr/abs-2304-13188.bib},
  bibsource    = {dblp computer science bibliography, https://dblp.org}
}

@article{DBLP:journals/npjdm/ShickWKWDPSD24,
  author       = {Aubrey A. Shick and
                  Christina M. Webber and
                  Nooshin Kiarashi and
                  Jessica P. Weinberg and
                  Aneesh Deoras and
                  Nicholas Petrick and
                  Anindita Saha and
                  Matthew C. Diamond},
  title        = {Transparency of artificial intelligence/machine learning-enabled medical
                  devices},
  journal      = {npj Digit. Medicine},
  volume       = {7},
  number       = {1},
  year         = {2024},
 replaceurl         = {https://doi.org/10.1038/s41746-023-00992-8},
  doi          = {10.1038/S41746-023-00992-8},
  timestamp    = {Sun, 19 Jan 2025 13:52:23 +0100},
  biburl       = {https://dblp.org/rec/journals/npjdm/ShickWKWDPSD24.bib},
  bibsource    = {dblp computer science bibliography, https://dblp.org}
}

@inproceedings{DBLP:conf/icml/SeedatHBS24,
  author       = {Nabeel Seedat and
                  Nicolas Huynh and
                  Boris van Breugel and
                  Mihaela van der Schaar},
  title        = {Curated {LLM:} Synergy of LLMs and Data Curation for tabular augmentation
                  in low-data regimes},
  booktitle    = {Forty-first International Conference on Machine Learning, {ICML} 2024,
                  Vienna, Austria, July 21-27, 2024},
  publisher    = {OpenReview.net},
  year         = {2024},
 replaceurl         = {https://openreview.net/forum?id=9cG1oRnqNd},
  timestamp    = {Mon, 02 Sep 2024 16:55:26 +0200},
  biburl       = {https://dblp.org/rec/conf/icml/SeedatHBS24.bib},
  bibsource    = {dblp computer science bibliography, https://dblp.org}
}

@inproceedings{DBLP:conf/emnlp/ZhangWYJL23,
  author       = {Tianping Zhang and
                  Shaowen Wang and
                  Shuicheng Yan and
                  Li Jian and
                  Qian Liu},
  editor       = {Houda Bouamor and
                  Juan Pino and
                  Kalika Bali},
  title        = {Generative Table Pre-training Empowers Models for Tabular Prediction},
  booktitle    = {Proceedings of the 2023 Conference on Empirical Methods in Natural
                  Language Processing, {EMNLP} 2023, Singapore, December 6-10, 2023},
  pages        = {14836--14854},
  publisher    = {Association for Computational Linguistics},
  year         = {2023},
 replaceurl         = {https://doi.org/10.18653/v1/2023.emnlp-main.917},
  doi          = {10.18653/V1/2023.EMNLP-MAIN.917},
  timestamp    = {Fri, 12 Apr 2024 13:11:38 +0200},
  biburl       = {https://dblp.org/rec/conf/emnlp/ZhangWYJL23.bib},
  bibsource    = {dblp computer science bibliography, https://dblp.org}
}

@article{DBLP:journals/corr/abs-2302-02041,
  author       = {Aivin V. Solatorio and
                  Olivier Dupriez},
  title        = {REaLTabFormer: Generating Realistic Relational and Tabular Data using
                  Transformers},
  journal      = {CoRR},
  volume       = {abs/2302.02041},
  year         = {2023},
 replaceurl         = {https://doi.org/10.48550/arXiv.2302.02041},
  doi          = {10.48550/ARXIV.2302.02041},
  eprinttype    = {arXiv},
  eprint       = {2302.02041},
  timestamp    = {Sun, 17 Dec 2023 20:56:30 +0100},
  biburl       = {https://dblp.org/rec/journals/corr/abs-2302-02041.bib},
  bibsource    = {dblp computer science bibliography, https://dblp.org}
}

@inproceedings{DBLP:conf/icml/0001YAP24,
  author       = {Sungwon Han and
                  Jinsung Yoon and
                  Sercan {\"{O}}. Arik and
                  Tomas Pfister},
  title        = {Large Language Models Can Automatically Engineer Features for Few-Shot
                  Tabular Learning},
  booktitle    = {Forty-first International Conference on Machine Learning, {ICML} 2024,
                  Vienna, Austria, July 21-27, 2024},
  publisher    = {OpenReview.net},
  year         = {2024},
 replaceurl         = {https://openreview.net/forum?id=fRG45xL1WT},
  timestamp    = {Mon, 02 Sep 2024 16:55:27 +0200},
  biburl       = {https://dblp.org/rec/conf/icml/0001YAP24.bib},
  bibsource    = {dblp computer science bibliography, https://dblp.org}
}

@article{DBLP:journals/csur/GaoGJHYZ24,
  author       = {Yuyang Gao and
                  Siyi Gu and
                  Junji Jiang and
                  Sungsoo Ray Hong and
                  Dazhou Yu and
                  Liang Zhao},
  title        = {Going Beyond {XAI:} {A} Systematic Survey for Explanation-Guided Learning},
  journal      = {{ACM} Comput. Surv.},
  volume       = {56},
  number       = {7},
  pages        = {188:1--188:39},
  year         = {2024},
 replaceurl         = {https://doi.org/10.1145/3644073},
  doi          = {10.1145/3644073},
  timestamp    = {Fri, 17 May 2024 21:40:35 +0200},
  biburl       = {https://dblp.org/rec/journals/csur/GaoGJHYZ24.bib},
  bibsource    = {dblp computer science bibliography, https://dblp.org}
}

@article{DBLP:journals/ijcv/SelvarajuCDVPB20,
  author       = {Ramprasaath R. Selvaraju and
                  Michael Cogswell and
                  Abhishek Das and
                  Ramakrishna Vedantam and
                  Devi Parikh and
                  Dhruv Batra},
  title        = {Grad-CAM: Visual Explanations from Deep Networks via Gradient-Based
                  Localization},
  journal      = {Int. J. Comput. Vis.},
  volume       = {128},
  number       = {2},
  pages        = {336--359},
  year         = {2020},
 replaceurl         = {https://doi.org/10.1007/s11263-019-01228-7},
  doi          = {10.1007/S11263-019-01228-7},
  timestamp    = {Tue, 16 Aug 2022 23:09:01 +0200},
  biburl       = {https://dblp.org/rec/journals/ijcv/SelvarajuCDVPB20.bib},
  bibsource    = {dblp computer science bibliography, https://dblp.org}
}

@article{Bach2015,
  title = {On Pixel-Wise Explanations for Non-Linear Classifier Decisions by Layer-Wise Relevance Propagation},
  volume = {10},
  ISSN = {1932-6203},
 replaceurl= {http://dx.doi.org/10.1371/journal.pone.0130140},
  DOI = {10.1371/journal.pone.0130140},
  number = {7},
  journal = {PLOS ONE},
  publisher = {Public Library of Science (PLoS)},
  author = {Bach,  Sebastian and Binder,  Alexander and Montavon,  Grégoire and Klauschen,  Frederick and M\"{u}ller,  Klaus-Robert and Samek,  Wojciech},
  editor = {Suarez,  Oscar Deniz},
  year = {2015},
  month = jul,
  pages = {e0130140}
}

@inproceedings{DBLP:conf/acl/AbnarZ20,
  author       = {Samira Abnar and
                  Willem H. Zuidema},
  editor       = {Dan Jurafsky and
                  Joyce Chai and
                  Natalie Schluter and
                  Joel R. Tetreault},
  title        = {Quantifying Attention Flow in Transformers},
  booktitle    = {Proceedings of the 58th Annual Meeting of the Association for Computational
                  Linguistics, {ACL} 2020, Online, July 5-10, 2020},
  pages        = {4190--4197},
  publisher    = {Association for Computational Linguistics},
  year         = {2020},
 replaceurl         = {https://doi.org/10.18653/v1/2020.acl-main.385},
  doi          = {10.18653/V1/2020.ACL-MAIN.385},
  timestamp    = {Fri, 06 Aug 2021 00:40:58 +0200},
  biburl       = {https://dblp.org/rec/conf/acl/AbnarZ20.bib},
  bibsource    = {dblp computer science bibliography, https://dblp.org}
}

@inproceedings{DBLP:conf/icml/AchtibatHDJWLS24,
  author       = {Reduan Achtibat and
                  Sayed Mohammad Vakilzadeh Hatefi and
                  Maximilian Dreyer and
                  Aakriti Jain and
                  Thomas Wiegand and
                  Sebastian Lapuschkin and
                  Wojciech Samek},
  title        = {AttnLRP: Attention-Aware Layer-Wise Relevance Propagation for Transformers},
  booktitle    = {Forty-first International Conference on Machine Learning, {ICML} 2024,
                  Vienna, Austria, July 21-27, 2024},
  publisher    = {OpenReview.net},
  year         = {2024},
 replaceurl         = {https://openreview.net/forum?id=emtXYlBrNF},
  timestamp    = {Mon, 02 Sep 2024 16:55:26 +0200},
  biburl       = {https://dblp.org/rec/conf/icml/AchtibatHDJWLS24.bib},
  bibsource    = {dblp computer science bibliography, https://dblp.org}
}

@inproceedings{DBLP:conf/ijcai/RossHD17,
  author       = {Andrew Slavin Ross and
                  Michael C. Hughes and
                  Finale Doshi{-}Velez},
  editor       = {Carles Sierra},
  title        = {Right for the Right Reasons: Training Differentiable Models by Constraining
                  their Explanations},
  booktitle    = {Proceedings of the Twenty-Sixth International Joint Conference on
                  Artificial Intelligence, {IJCAI} 2017, Melbourne, Australia, August
                  19-25, 2017},
  pages        = {2662--2670},
  publisher    = {ijcai.org},
  year         = {2017},
 replaceurl         = {https://doi.org/10.24963/ijcai.2017/371},
  doi          = {10.24963/IJCAI.2017/371},
  timestamp    = {Fri, 25 Dec 2020 01:15:13 +0100},
  biburl       = {https://dblp.org/rec/conf/ijcai/RossHD17.bib},
  bibsource    = {dblp computer science bibliography, https://dblp.org}
}

@article{DBLP:journals/corr/abs-2108-10131,
  author       = {Dharma KC and
                  Chicheng Zhang},
  title        = {Improving the trustworthiness of image classification models by utilizing
                  bounding-box annotations},
  journal      = {CoRR},
  volume       = {abs/2108.10131},
  year         = {2021},
 replaceurl         = {https://arxiv.org/abs/2108.10131},
  eprinttype    = {arXiv},
  eprint       = {2108.10131},
  timestamp    = {Fri, 27 Aug 2021 15:02:29 +0200},
  biburl       = {https://dblp.org/rec/journals/corr/abs-2108-10131.bib},
  bibsource    = {dblp computer science bibliography, https://dblp.org}
}

@inproceedings{DBLP:conf/emnlp/ChoiPYH20,
  author       = {Seungtaek Choi and
                  Haeju Park and
                  Jinyoung Yeo and
                  Seung{-}won Hwang},
  editor       = {Bonnie Webber and
                  Trevor Cohn and
                  Yulan He and
                  Yang Liu},
  title        = {Less is More: Attention Supervision with Counterfactuals for Text
                  Classification},
  booktitle    = {Proceedings of the 2020 Conference on Empirical Methods in Natural
                  Language Processing, {EMNLP} 2020, Online, November 16-20, 2020},
  pages        = {6695--6704},
  publisher    = {Association for Computational Linguistics},
  year         = {2020},
 replaceurl         = {https://doi.org/10.18653/v1/2020.emnlp-main.543},
  doi          = {10.18653/V1/2020.EMNLP-MAIN.543},
  timestamp    = {Tue, 20 Aug 2024 07:54:43 +0200},
  biburl       = {https://dblp.org/rec/conf/emnlp/ChoiPYH20.bib},
  bibsource    = {dblp computer science bibliography, https://dblp.org}
}

@inproceedings{DBLP:conf/kdd/KanchinadamWYF20,
  author       = {Teja Kanchinadam and
                  Keith Westpfahl and
                  Qian You and
                  Glenn Fung},
  editor       = {Eduard C. Dragut and
                  Yunyao Li and
                  Lucian Popa and
                  Slobodan Vucetic},
  title        = {Rationale-based Human-in-the-Loop via Supervised Attention},
  booktitle    = {1st Workshop on Data Science with Human in the Loop, DaSH@KDD 2020,
                  San Diego, California, USA, August 24, 2020},
  year         = {2020},
 replaceurl         = {https://drive.google.com/file/d/1t5YtwBpXGt2nYIh3-h1pnp8i-qwxTmF5/view},
  timestamp    = {Thu, 04 Mar 2021 16:22:33 +0100},
  biburl       = {https://dblp.org/rec/conf/kdd/KanchinadamWYF20.bib},
  bibsource    = {dblp computer science bibliography, https://dblp.org}
}

@article{DBLP:journals/corr/abs-1908-06870,
  author       = {Ruiqi Zhong and
                  Steven Shao and
                  Kathleen R. McKeown},
  title        = {Fine-grained Sentiment Analysis with Faithful Attention},
  journal      = {CoRR},
  volume       = {abs/1908.06870},
  year         = {2019},
 replaceurl         = {http://arxiv.org/abs/1908.06870},
  eprinttype    = {arXiv},
  eprint       = {1908.06870},
  timestamp    = {Mon, 26 Aug 2019 13:20:40 +0200},
  biburl       = {https://dblp.org/rec/journals/corr/abs-1908-06870.bib},
  bibsource    = {dblp computer science bibliography, https://dblp.org}
}

@inproceedings{DBLP:conf/kdd/GaoSBGH022,
  author       = {Yuyang Gao and
                  Tong Steven Sun and
                  Guangji Bai and
                  Siyi Gu and
                  Sungsoo Ray Hong and
                  Liang Zhao},
  editor       = {Aidong Zhang and
                  Huzefa Rangwala},
  title        = {{RES:} {A} Robust Framework for Guiding Visual Explanation},
  booktitle    = {{KDD} '22: The 28th {ACM} {SIGKDD} Conference on Knowledge Discovery
                  and Data Mining, Washington, DC, USA, August 14 - 18, 2022},
  pages        = {432--442},
  publisher    = {{ACM}},
  year         = {2022},
 replaceurl         = {https://doi.org/10.1145/3534678.3539419},
  doi          = {10.1145/3534678.3539419},
  timestamp    = {Mon, 28 Aug 2023 21:17:29 +0200},
  biburl       = {https://dblp.org/rec/conf/kdd/GaoSBGH022.bib},
  bibsource    = {dblp computer science bibliography, https://dblp.org}
}

@inproceedings{DBLP:conf/nips/WeinbergerJL20,
  author       = {Ethan Weinberger and
                  Joseph D. Janizek and
                  Su{-}In Lee},
  editor       = {Hugo Larochelle and
                  Marc'Aurelio Ranzato and
                  Raia Hadsell and
                  Maria{-}Florina Balcan and
                  Hsuan{-}Tien Lin},
  title        = {Learning Deep Attribution Priors Based On Prior Knowledge},
  booktitle    = {Advances in Neural Information Processing Systems 33: Annual Conference
                  on Neural Information Processing Systems 2020, NeurIPS 2020, December
                  6-12, 2020, virtual},
  year         = {2020},
 replaceurl         = {https://proceedings.neurips.cc/paper/2020/hash/a19883fca95d0e5ec7ee6c94c6c32028-Abstract.html},
  timestamp    = {Tue, 19 Jan 2021 15:57:26 +0100},
  biburl       = {https://dblp.org/rec/conf/nips/WeinbergerJL20.bib},
  bibsource    = {dblp computer science bibliography, https://dblp.org}
}

@inproceedings{DBLP:conf/acl/LiuA19,
  author       = {Frederick Liu and
                  Besim Avci},
  editor       = {Anna Korhonen and
                  David R. Traum and
                  Llu{\'{\i}}s M{\`{a}}rquez},
  title        = {Incorporating Priors with Feature Attribution on Text Classification},
  booktitle    = {Proceedings of the 57th Conference of the Association for Computational
                  Linguistics, {ACL} 2019, Florence, Italy, July 28- August 2, 2019,
                  Volume 1: Long Papers},
  pages        = {6274--6283},
  publisher    = {Association for Computational Linguistics},
  year         = {2019},
 replaceurl         = {https://doi.org/10.18653/v1/p19-1631},
  doi          = {10.18653/V1/P19-1631},
  timestamp    = {Fri, 06 Aug 2021 00:41:04 +0200},
  biburl       = {https://dblp.org/rec/conf/acl/LiuA19.bib},
  bibsource    = {dblp computer science bibliography, https://dblp.org}
}

@article{DBLP:journals/natmi/ErionJSLL21,
  author       = {Gabriel G. Erion and
                  Joseph D. Janizek and
                  Pascal Sturmfels and
                  Scott M. Lundberg and
                  Su{-}In Lee},
  title        = {Improving performance of deep learning models with axiomatic attribution
                  priors and expected gradients},
  journal      = {Nat. Mach. Intell.},
  volume       = {3},
  number       = {7},
  pages        = {620--631},
  year         = {2021},
 replaceurl         = {https://doi.org/10.1038/s42256-021-00343-w},
  doi          = {10.1038/S42256-021-00343-W},
  timestamp    = {Mon, 03 Jan 2022 21:56:41 +0100},
  biburl       = {https://dblp.org/rec/journals/natmi/ErionJSLL21.bib},
  bibsource    = {dblp computer science bibliography, https://dblp.org}
}

@misc{adult_2,
  author       = {Becker, Barry and Kohavi, Ronny},
  title        = {{Adult}},
  year         = {1996},
  howpublished = {UCI Machine Learning Repository},
  note         = {{DOI}: https://doi.org/10.24432/C5XW20}
}

@misc{contraceptive,
  doi = {10.24432/C59W2D},
  url = {https://archive.ics.uci.edu/dataset/30},
  author = {{Tjen-Sien Lim}},
  title = {Contraceptive Method Choice},
  publisher = {UCI Machine Learning Repository},
  year = {1999}
}

@misc{indian_liver,
  doi = {10.24432/C5D02C},
  url = {https://archive.ics.uci.edu/dataset/225},
  author = {Bendi Ramana,  N. Venkateswarlu},
  title = {ILPD (Indian Liver Patient Dataset)},
  publisher = {UCI Machine Learning Repository},
  year = {2022}
}

@misc{bank_marketing_222,
  author       = {Moro, S. and Rita, P. and Cortez, P.},
  title        = {{Bank Marketing}},
  year         = {2014},
  howpublished = {UCI Machine Learning Repository},
  note         = {{DOI}: https://doi.org/10.24432/C5K306}
}

@misc{breast_cancer_14,
  author       = {Zwitter, Matjaz and Soklic, Milan},
  title        = {{Breast Cancer}},
  year         = {1988},
  howpublished = {UCI Machine Learning Repository},
  note         = {{DOI}: https://doi.org/10.24432/C51P4M}
}

@misc{cdc_diabetes,
title = {{U.S. Centers for Disease Control and Prevention, Behavioral Risk Factor Surveillance System, Annual Survey Data}},
year = {2015},
howpublished = {UCI Machine Learning Repository},
replacedurl = {https://www.cdc.gov/brfss/annual_data/annual_data.html},
note = {Accessed: 2024-12-16}
}

@misc{diabetes_34,
  author       = {Kahn, Michael},
  title        = {{Diabetes}},
  howpublished = {UCI Machine Learning Repository},
  note         = {{DOI}: https://doi.org/10.24432/C5T59G}
}

@article{harries1999splice,
  title={Splice-2 comparative evaluation: Electricity pricing},
  author={Harries, Michael and Wales, New South and others},
  year={1999},
  publisher={University of New South Wales, School of Computer Science and Engineering}
}

@misc{myocardial_infarction_complications_579,
  author       = {Golovenkin, S.E. and Shulman, V.A. and Rossiev, D.A. and Shesternya, P.A. and Nikulina, S.Yu. and Orlova, Yu.V. and Voino-Yasenetsky, V.F.},
  title        = {{Myocardial infarction complications}},
  year         = {2020},
  howpublished = {UCI Machine Learning Repository},
  note         = {{DOI}: https://doi.org/10.24432/C53P5M}
}

@inproceedings{DBLP:conf/kdd/ChenG16,
  author       = {Tianqi Chen and
                  Carlos Guestrin},
  editor       = {Balaji Krishnapuram and
                  Mohak Shah and
                  Alexander J. Smola and
                  Charu C. Aggarwal and
                  Dou Shen and
                  Rajeev Rastogi},
  title        = {XGBoost: {A} Scalable Tree Boosting System},
  booktitle    = {Proceedings of the 22nd {ACM} {SIGKDD} International Conference on
                  Knowledge Discovery and Data Mining, San Francisco, CA, USA, August
                  13-17, 2016},
  pages        = {785--794},
  publisher    = {{ACM}},
  year         = {2016},
 replaceurl         = {https://doi.org/10.1145/2939672.2939785},
  doi          = {10.1145/2939672.2939785},
  timestamp    = {Sat, 17 Dec 2022 01:15:30 +0100},
  biburl       = {https://dblp.org/rec/conf/kdd/ChenG16.bib},
  bibsource    = {dblp computer science bibliography, https://dblp.org}
}

@article{DBLP:journals/corr/abs-1810-11363,
  author       = {Anna Veronika Dorogush and
                  Vasily Ershov and
                  Andrey Gulin},
  title        = {CatBoost: gradient boosting with categorical features support},
  journal      = {CoRR},
  volume       = {abs/1810.11363},
  year         = {2018},
 replaceurl         = {http://arxiv.org/abs/1810.11363},
  eprinttype    = {arXiv},
  eprint       = {1810.11363},
  timestamp    = {Wed, 31 Oct 2018 14:24:29 +0100},
  biburl       = {https://dblp.org/rec/journals/corr/abs-1810-11363.bib},
  bibsource    = {dblp computer science bibliography, https://dblp.org}
}

@article{DBLP:journals/corr/abs-2407-21783,
  author       = {Abhimanyu Dubey and
                  Abhinav Jauhri and
                  Abhinav Pandey and
                  Abhishek Kadian and
                  Ahmad Al{-}Dahle and
                  Aiesha Letman and
                  Akhil Mathur and
                  Alan Schelten and
                  Amy Yang and
                  Angela Fan and
                  Anirudh Goyal and
                  Anthony Hartshorn and
                  Aobo Yang and
                  Archi Mitra and
                  Archie Sravankumar and
                  Artem Korenev and
                  Arthur Hinsvark and
                  Arun Rao and
                  Aston Zhang and
                  Aur{\'{e}}lien Rodriguez and
                  Austen Gregerson and
                  Ava Spataru and
                  Baptiste Rozi{\`{e}}re and
                  Bethany Biron and
                  Binh Tang and
                  Bobbie Chern and
                  Charlotte Caucheteux and
                  Chaya Nayak and
                  Chloe Bi and
                  Chris Marra and
                  Chris McConnell and
                  Christian Keller and
                  Christophe Touret and
                  Chunyang Wu and
                  Corinne Wong and
                  Cristian Canton Ferrer and
                  Cyrus Nikolaidis and
                  Damien Allonsius and
                  Daniel Song and
                  Danielle Pintz and
                  Danny Livshits and
                  David Esiobu and
                  Dhruv Choudhary and
                  Dhruv Mahajan and
                  Diego Garcia{-}Olano and
                  Diego Perino and
                  Dieuwke Hupkes and
                  Egor Lakomkin and
                  Ehab AlBadawy and
                  Elina Lobanova and
                  Emily Dinan and
                  Eric Michael Smith and
                  Filip Radenovic and
                  Frank Zhang and
                  Gabriel Synnaeve and
                  Gabrielle Lee and
                  Georgia Lewis Anderson and
                  Graeme Nail and
                  Gr{\'{e}}goire Mialon and
                  Guan Pang and
                  Guillem Cucurell and
                  Hailey Nguyen and
                  Hannah Korevaar and
                  Hu Xu and
                  Hugo Touvron and
                  Iliyan Zarov and
                  Imanol Arrieta Ibarra and
                  Isabel M. Kloumann and
                  Ishan Misra and
                  Ivan Evtimov and
                  Jade Copet and
                  Jaewon Lee and
                  Jan Geffert and
                  Jana Vranes and
                  Jason Park and
                  Jay Mahadeokar and
                  Jeet Shah and
                  Jelmer van der Linde and
                  Jennifer Billock and
                  Jenny Hong and
                  Jenya Lee and
                  Jeremy Fu and
                  Jianfeng Chi and
                  Jianyu Huang and
                  Jiawen Liu and
                  Jie Wang and
                  Jiecao Yu and
                  Joanna Bitton and
                  Joe Spisak and
                  Jongsoo Park and
                  Joseph Rocca and
                  Joshua Johnstun and
                  Joshua Saxe and
                  Junteng Jia and
                  Kalyan Vasuden Alwala and
                  Kartikeya Upasani and
                  Kate Plawiak and
                  Ke Li and
                  Kenneth Heafield and
                  Kevin Stone and
                  et al.},
  title        = {The Llama 3 Herd of Models},
  journal      = {CoRR},
  volume       = {abs/2407.21783},
  year         = {2024},
 replaceurl         = {https://doi.org/10.48550/arXiv.2407.21783},
  doi          = {10.48550/ARXIV.2407.21783},
  eprinttype    = {arXiv},
  eprint       = {2407.21783},
  timestamp    = {Wed, 11 Dec 2024 17:20:48 +0100},
  biburl       = {https://dblp.org/rec/journals/corr/abs-2407-21783.bib},
  bibsource    = {dblp computer science bibliography, https://dblp.org}
}

@article{DBLP:journals/corr/abs-2403-05530,
  author       = {Machel Reid and
                  Nikolay Savinov and
                  Denis Teplyashin and
                  Dmitry Lepikhin and
                  Timothy P. Lillicrap and
                  Jean{-}Baptiste Alayrac and
                  Radu Soricut and
                  Angeliki Lazaridou and
                  Orhan Firat and
                  Julian Schrittwieser and
                  Ioannis Antonoglou and
                  Rohan Anil and
                  Sebastian Borgeaud and
                  Andrew M. Dai and
                  Katie Millican and
                  Ethan Dyer and
                  Mia Glaese and
                  Thibault Sottiaux and
                  Benjamin Lee and
                  Fabio Viola and
                  Malcolm Reynolds and
                  Yuanzhong Xu and
                  James Molloy and
                  Jilin Chen and
                  Michael Isard and
                  Paul Barham and
                  Tom Hennigan and
                  Ross McIlroy and
                  Melvin Johnson and
                  Johan Schalkwyk and
                  Eli Collins and
                  Eliza Rutherford and
                  Erica Moreira and
                  Kareem Ayoub and
                  Megha Goel and
                  Clemens Meyer and
                  Gregory Thornton and
                  Zhen Yang and
                  Henryk Michalewski and
                  Zaheer Abbas and
                  Nathan Schucher and
                  Ankesh Anand and
                  Richard Ives and
                  James Keeling and
                  Karel Lenc and
                  Salem Haykal and
                  Siamak Shakeri and
                  Pranav Shyam and
                  Aakanksha Chowdhery and
                  Roman Ring and
                  Stephen Spencer and
                  Eren Sezener and
                  et al.},
  title        = {Gemini 1.5: Unlocking multimodal understanding across millions of
                  tokens of context},
  journal      = {CoRR},
  volume       = {abs/2403.05530},
  year         = {2024},
 replaceurl         = {https://doi.org/10.48550/arXiv.2403.05530},
  doi          = {10.48550/ARXIV.2403.05530},
  eprinttype    = {arXiv},
  eprint       = {2403.05530},
  timestamp    = {Sun, 19 Jan 2025 13:42:15 +0100},
  biburl       = {https://dblp.org/rec/journals/corr/abs-2403-05530.bib},
  bibsource    = {dblp computer science bibliography, https://dblp.org}
}

@article{DBLP:journals/corr/abs-2410-21276,
  author       = {Aaron Hurst and
                  Adam Lerer and
                  Adam P. Goucher and
                  Adam Perelman and
                  Aditya Ramesh and
                  Aidan Clark and
                  AJ Ostrow and
                  Akila Welihinda and
                  Alan Hayes and
                  Alec Radford and
                  Aleksander Madry and
                  Alex Baker{-}Whitcomb and
                  Alex Beutel and
                  Alex Borzunov and
                  Alex Carney and
                  Alex Chow and
                  Alex Kirillov and
                  Alex Nichol and
                  Alex Paino and
                  Alex Renzin and
                  Alex Tachard Passos and
                  Alexander Kirillov and
                  Alexi Christakis and
                  Alexis Conneau and
                  Ali Kamali and
                  Allan Jabri and
                  Allison Moyer and
                  Allison Tam and
                  Amadou Crookes and
                  Amin Tootoonchian and
                  Ananya Kumar and
                  Andrea Vallone and
                  Andrej Karpathy and
                  Andrew Braunstein and
                  Andrew Cann and
                  Andrew Codispoti and
                  Andrew Galu and
                  Andrew Kondrich and
                  Andrew Tulloch and
                  Andrey Mishchenko and
                  Angela Baek and
                  Angela Jiang and
                  Antoine Pelisse and
                  Antonia Woodford and
                  Anuj Gosalia and
                  Arka Dhar and
                  Ashley Pantuliano and
                  Avi Nayak and
                  Avital Oliver and
                  Barret Zoph and
                  Behrooz Ghorbani and
                  Ben Leimberger and
                  Ben Rossen and
                  Ben Sokolowsky and
                  Ben Wang and
                  Benjamin Zweig and
                  Beth Hoover and
                  Blake Samic and
                  Bob McGrew and
                  Bobby Spero and
                  Bogo Giertler and
                  Bowen Cheng and
                  Brad Lightcap and
                  Brandon Walkin and
                  Brendan Quinn and
                  Brian Guarraci and
                  Brian Hsu and
                  Bright Kellogg and
                  Brydon Eastman and
                  Camillo Lugaresi and
                  Carroll L. Wainwright and
                  Cary Bassin and
                  Cary Hudson and
                  Casey Chu and
                  Chad Nelson and
                  Chak Li and
                  Chan Jun Shern and
                  Channing Conger and
                  Charlotte Barette and
                  Chelsea Voss and
                  Chen Ding and
                  Cheng Lu and
                  Chong Zhang and
                  Chris Beaumont and
                  Chris Hallacy and
                  Chris Koch and
                  Christian Gibson and
                  Christina Kim and
                  Christine Choi and
                  Christine McLeavey and
                  Christopher Hesse and
                  Claudia Fischer and
                  Clemens Winter and
                  Coley Czarnecki and
                  Colin Jarvis and
                  Colin Wei and
                  Constantin Koumouzelis and
                  Dane Sherburn},
  title        = {GPT-4o System Card},
  journal      = {CoRR},
  volume       = {abs/2410.21276},
  year         = {2024},
 replaceurl         = {https://doi.org/10.48550/arXiv.2410.21276},
  doi          = {10.48550/ARXIV.2410.21276},
  eprinttype    = {arXiv},
  eprint       = {2410.21276},
  timestamp    = {Mon, 02 Dec 2024 10:22:59 +0100},
  biburl       = {https://dblp.org/rec/journals/corr/abs-2410-21276.bib},
  bibsource    = {dblp computer science bibliography, https://dblp.org}
}

@inproceedings{DBLP:journals/corr/KingmaB14,
  author       = {Diederik P. Kingma and
                  Jimmy Ba},
  editor       = {Yoshua Bengio and
                  Yann LeCun},
  title        = {Adam: {A} Method for Stochastic Optimization},
  booktitle    = {3rd International Conference on Learning Representations, {ICLR} 2015,
                  San Diego, CA, USA, May 7-9, 2015, Conference Track Proceedings},
  year         = {2015},
 replaceurl         = {http://arxiv.org/abs/1412.6980},
  timestamp    = {Thu, 25 Jul 2019 14:25:37 +0200},
  biburl       = {https://dblp.org/rec/journals/corr/KingmaB14.bib},
  bibsource    = {dblp computer science bibliography, https://dblp.org}
}

@inproceedings{DBLP:conf/nips/LiuLWL23a,
  author       = {Haotian Liu and
                  Chunyuan Li and
                  Qingyang Wu and
                  Yong Jae Lee},
  editor       = {Alice Oh and
                  Tristan Naumann and
                  Amir Globerson and
                  Kate Saenko and
                  Moritz Hardt and
                  Sergey Levine},
  title        = {Visual Instruction Tuning},
  booktitle    = {Advances in Neural Information Processing Systems 36: Annual Conference
                  on Neural Information Processing Systems 2023, NeurIPS 2023, New Orleans,
                  LA, USA, December 10 - 16, 2023},
  year         = {2023},
 replaceurl         = {http://papers.nips.cc/paper\_files/paper/2023/hash/6dcf277ea32ce3288914faf369fe6de0-Abstract-Conference.html},
  timestamp    = {Fri, 01 Mar 2024 16:26:20 +0100},
  biburl       = {https://dblp.org/rec/conf/nips/LiuLWL23a.bib},
  bibsource    = {dblp computer science bibliography, https://dblp.org}
}

@article{DBLP:journals/corr/abs-2412-09596,
  author       = {Pan Zhang and
                  Xiaoyi Dong and
                  Yuhang Cao and
                  Yuhang Zang and
                  Rui Qian and
                  Xilin Wei and
                  Lin Chen and
                  Yifei Li and
                  Junbo Niu and
                  Shuangrui Ding and
                  Qipeng Guo and
                  Haodong Duan and
                  Xin Chen and
                  Han Lv and
                  Zheng Nie and
                  Min Zhang and
                  Bin Wang and
                  Wenwei Zhang and
                  Xinyue Zhang and
                  Jiaye Ge and
                  Wei Li and
                  Jingwen Li and
                  Zhongying Tu and
                  Conghui He and
                  Xingcheng Zhang and
                  Kai Chen and
                  Yu Qiao and
                  Dahua Lin and
                  Jiaqi Wang},
  title        = {InternLM-XComposer2.5-OmniLive: {A} Comprehensive Multimodal System
                  for Long-term Streaming Video and Audio Interactions},
  journal      = {CoRR},
  volume       = {abs/2412.09596},
  year         = {2024},
 replaceurl         = {https://doi.org/10.48550/arXiv.2412.09596},
  doi          = {10.48550/ARXIV.2412.09596},
  eprinttype    = {arXiv},
  eprint       = {2412.09596},
  timestamp    = {Thu, 23 Jan 2025 08:12:46 +0100},
  biburl       = {https://dblp.org/rec/journals/corr/abs-2412-09596.bib},
  bibsource    = {dblp computer science bibliography, https://dblp.org}
}

@inproceedings{DBLP:conf/icml/KohNTMPKL20,
  author       = {Pang Wei Koh and
                  Thao Nguyen and
                  Yew Siang Tang and
                  Stephen Mussmann and
                  Emma Pierson and
                  Been Kim and
                  Percy Liang},
  title        = {Concept Bottleneck Models},
  booktitle    = {Proceedings of the 37th International Conference on Machine Learning,
                  {ICML} 2020, 13-18 July 2020, Virtual Event},
  series       = {Proceedings of Machine Learning Research},
  volume       = {119},
  pages        = {5338--5348},
  publisher    = {{PMLR}},
  year         = {2020},
 replaceurl         = {http://proceedings.mlr.press/v119/koh20a.html},
  timestamp    = {Tue, 15 Dec 2020 17:40:19 +0100},
  biburl       = {https://dblp.org/rec/conf/icml/KohNTMPKL20.bib},
  bibsource    = {dblp computer science bibliography, https://dblp.org}
}

@article{scikit-learn,
  title={Scikit-learn: Machine Learning in {P}ython},
  author={Pedregosa, F. and Varoquaux, G. and Gramfort, A. and Michel, V.
          and Thirion, B. and Grisel, O. and Blondel, M. and Prettenhofer, P.
          and Weiss, R. and Dubourg, V. and Vanderplas, J. and Passos, A. and
          Cournapeau, D. and Brucher, M. and Perrot, M. and Duchesnay, E.},
  journal={Journal of Machine Learning Research},
  volume={12},
  pages={2825--2830},
  year={2011}
}

@article{Chen2023,
  title = {Ethics and discrimination in artificial intelligence-enabled recruitment practices},
  volume = {10},
  ISSN = {2662-9992},
  url = {http://dx.doi.org/10.1057/s41599-023-02079-x},
  DOI = {10.1057/s41599-023-02079-x},
  number = {1},
  journal = {Humanities and Social Sciences Communications},
  publisher = {Springer Science and Business Media LLC},
  author = {Chen,  Zhisheng},
  year = {2023},
  month = sep 
}

@inproceedings{losslandscapes,
author = {Li, Hao and Xu, Zheng and Taylor, Gavin and Studer, Christoph and Goldstein, Tom},
title = {Visualizing the loss landscape of neural nets},
year = {2018},
publisher = {Curran Associates Inc.},
address = {Red Hook, NY, USA},
booktitle = {Proceedings of the 32nd International Conference on Neural Information Processing Systems},
pages = {6391–6401},
numpages = {11},
location = {Montr\'{e}al, Canada},
series = {NIPS'18}
}

@article{
leemann2025attention,
title={Attention Mechanisms Don{\textquoteright}t Learn Additive Models: Rethinking Feature Importance for Transformers},
author={Tobias Leemann and Alina Fastowski and Felix Pfeiffer and Gjergji Kasneci},
journal={Transactions on Machine Learning Research},
issn={2835-8856},
year={2025},
url={https://openreview.net/forum?id=yawWz4qWkF},
note={}
}

@article{Penrose1985,
  title = {GENERALIZED BODY COMPOSITION PREDICTION EQUATION FOR MEN USING SIMPLE MEASUREMENT TECHNIQUES},
  volume = {17},
  ISSN = {0195-9131},
  url = {http://dx.doi.org/10.1249/00005768-198504000-00037},
  DOI = {10.1249/00005768-198504000-00037},
  number = {2},
  journal = {Medicine \& Science in Sports \& Exercise},
  publisher = {Ovid Technologies (Wolters Kluwer Health)},
  author = {Penrose,  K. W. and Nelson,  A. G. and Fisher,  A. G.},
  year = {1985},
  month = apr,
  pages = {189}
}