@InProceedings{zhang_overparam_dm,
    author    = {Zhang, Huijie and Lu, Yifu and Alkhouri, Ismail and Ravishankar, Saiprasad and Song, Dogyoon and Qu, Qing},
    title     = {Improving Training Efficiency of Diffusion Models via Multi-Stage Framework and Tailored Multi-Decoder Architecture},
    booktitle = {Proceedings of the IEEE/CVF Conference on Computer Vision and Pattern Recognition (CVPR)},
    month     = {June},
    year      = {2024},
    pages     = {7372-7381}
}

@article{dar_overparam,
  title={A farewell to the bias-variance tradeoff? an overview of the theory of overparameterized machine learning},
  author={Dar, Yehuda and Muthukumar, Vidya and Baraniuk, Richard G},
  journal={arXiv preprint arXiv:2109.02355},
  year={2021}
}

@article{zhao2023survey,
  title={A survey of large language models},
  author={Zhao, Wayne Xin and Zhou, Kun and Li, Junyi and Tang, Tianyi and Wang, Xiaolei and Hou, Yupeng and Min, Yingqian and Zhang, Beichen and Zhang, Junjie and Dong, Zican and others},
  journal={arXiv preprint arXiv:2303.18223},
  year={2023}
}

@article{chi_dp,
  title={Diffusion policy: Visuomotor policy learning via action diffusion},
  author={Chi, Cheng and Xu, Zhenjia and Feng, Siyuan and Cousineau, Eric and Du, Yilun and Burchfiel, Benjamin and Tedrake, Russ and Song, Shuran},
  journal={The International Journal of Robotics Research},
  pages={02783649241273668},
  year={2023},
  publisher={SAGE Publications Sage UK: London, England}
}

@inproceedings{sun_il,
  title={A benchmark comparison of imitation learning-based control policies for autonomous racing},
  author={Sun, Xiatao and Zhou, Mingyan and Zhuang, Zhijun and Yang, Shuo and Betz, Johannes and Mangharam, Rahul},
  booktitle={2023 IEEE Intelligent Vehicles Symposium (IV)},
  pages={1--5},
  year={2023},
  organization={IEEE}
}

@inproceedings{kelly_hg_dagger,
  title={Hg-dagger: Interactive imitation learning with human experts},
  author={Kelly, Michael and Sidrane, Chelsea and Driggs-Campbell, Katherine and Kochenderfer, Mykel J},
  booktitle={2019 International Conference on Robotics and Automation (ICRA)},
  pages={8077--8083},
  year={2019},
  organization={IEEE}
}

@article{spencer_eil,
  title={Expert intervention learning: An online framework for robot learning from explicit and implicit human feedback},
  author={Spencer, Jonathan and Choudhury, Sanjiban and Barnes, Matthew and Schmittle, Matthew and Chiang, Mung and Ramadge, Peter and Srinivasa, Sidd},
  journal={Autonomous Robots},
  pages={1--15},
  year={2022},
  publisher={Springer}
}

@article{sun_mega_dagger,
  title={Mega-dagger: Imitation learning with multiple imperfect experts},
  author={Sun, Xiatao and Yang, Shuo and Zhou, Mingyan and Liu, Kunpeng and Mangharam, Rahul},
  journal={arXiv preprint arXiv:2303.00638},
  year={2023}
}

@ARTICLE{zare_il_survey,
  author={Zare, Maryam and Kebria, Parham M. and Khosravi, Abbas and Nahavandi, Saeid},
  journal={IEEE Transactions on Cybernetics}, 
  title={A Survey of Imitation Learning: Algorithms, Recent Developments, and Challenges}, 
  year={2024},
  volume={},
  number={},
  pages={1-14},
  keywords={Training;Robots;Surveys;Costs;Autonomous vehicles;Trajectory;Reinforcement learning;Imitation learning (IL);learning from demonstrations;reinforcement learning (RL);robotics;survey},
  doi={10.1109/TCYB.2024.3395626}}

@article{hoque2021thriftydagger,
  title={Thriftydagger: Budget-aware novelty and risk gating for interactive imitation learning},
  author={Hoque, Ryan and Balakrishna, Ashwin and Novoseller, Ellen and Wilcox, Albert and Brown, Daniel S and Goldberg, Ken},
  journal={arXiv preprint arXiv:2109.08273},
  year={2021}
}

@inproceedings{menda2019ensembledagger,
  title={Ensembledagger: A bayesian approach to safe imitation learning},
  author={Menda, Kunal and Driggs-Campbell, Katherine and Kochenderfer, Mykel J},
  booktitle={2019 IEEE/RSJ International Conference on Intelligent Robots and Systems (IROS)},
  pages={5041--5048},
  year={2019},
  organization={IEEE}
}

@inproceedings{hoque2021lazydagger,
  title={Lazydagger: Reducing context switching in interactive imitation learning},
  author={Hoque, Ryan and Balakrishna, Ashwin and Putterman, Carl and Luo, Michael and Brown, Daniel S and Seita, Daniel and Thananjeyan, Brijen and Novoseller, Ellen and Goldberg, Ken},
  booktitle={2021 IEEE 17th international conference on automation science and engineering (case)},
  pages={502--509},
  year={2021},
  organization={IEEE}
}

@inproceedings{kelly2019hg,
  title={Hg-dagger: Interactive imitation learning with human experts},
  author={Kelly, Michael and Sidrane, Chelsea and Driggs-Campbell, Katherine and Kochenderfer, Mykel J},
  booktitle={2019 International Conference on Robotics and Automation (ICRA)},
  pages={8077--8083},
  year={2019},
  organization={IEEE}
}

@inproceedings{jin2020geometric,
  title={A geometric perspective on visual imitation learning},
  author={Jin, Jun and Petrich, Laura and Dehghan, Masood and Jagersand, Martin},
  booktitle={2020 IEEE/RSJ International Conference on Intelligent Robots and Systems (IROS)},
  pages={5194--5200},
  year={2020},
  organization={IEEE}
}

@article{loquercio2021learning,
  title={Learning high-speed flight in the wild},
  author={Loquercio, Antonio and Kaufmann, Elia and Ranftl, Ren{\'e} and M{\"u}ller, Matthias and Koltun, Vladlen and Scaramuzza, Davide},
  journal={Science Robotics},
  volume={6},
  number={59},
  pages={eabg5810},
  year={2021},
  publisher={American Association for the Advancement of Science}
}

@article{zhou2024developing,
  title={Developing Path Planning with Behavioral Cloning and Proximal Policy Optimization for Path-Tracking and Static Obstacle Nudging},
  author={Zhou, Mingyan and Wang, Biao and Tan, Tian and Sun, Xiatao},
  journal={arXiv preprint arXiv:2409.05289},
  year={2024}
}

@inproceedings{cai2019vision,
  title={Vision-based trajectory planning via imitation learning for autonomous vehicles},
  author={Cai, Peide and Sun, Yuxiang and Chen, Yuying and Liu, Ming},
  booktitle={2019 IEEE Intelligent Transportation Systems Conference (ITSC)},
  pages={2736--2742},
  year={2019},
  organization={IEEE}
}

@article{prasad2024consistency,
  title={Consistency policy: Accelerated visuomotor policies via consistency distillation},
  author={Prasad, Aaditya and Lin, Kevin and Wu, Jimmy and Zhou, Linqi and Bohg, Jeannette},
  journal={arXiv preprint arXiv:2405.07503},
  year={2024}
}

@inproceedings{ze20243d,
  title={3d diffusion policy: Generalizable visuomotor policy learning via simple 3d representations},
  author={Ze, Yanjie and Zhang, Gu and Zhang, Kangning and Hu, Chenyuan and Wang, Muhan and Xu, Huazhe},
  booktitle={ICRA 2024 Workshop on 3D Visual Representations for Robot Manipulation},
  year={2024}
}

@inproceedings{sridhar2024nomad,
  title={Nomad: Goal masked diffusion policies for navigation and exploration},
  author={Sridhar, Ajay and Shah, Dhruv and Glossop, Catherine and Levine, Sergey},
  booktitle={2024 IEEE International Conference on Robotics and Automation (ICRA)},
  pages={63--70},
  year={2024},
  organization={IEEE}
}

@article{ho2020denoising,
  title={Denoising diffusion probabilistic models},
  author={Ho, Jonathan and Jain, Ajay and Abbeel, Pieter},
  journal={Advances in neural information processing systems},
  volume={33},
  pages={6840--6851},
  year={2020}
}

@article{song2020denoising,
  title={Denoising diffusion implicit models},
  author={Song, Jiaming and Meng, Chenlin and Ermon, Stefano},
  journal={arXiv preprint arXiv:2010.02502},
  year={2020}
}

@article{vaswani2017attention,
  title={Attention is all you need},
  author={Vaswani, A},
  journal={Advances in Neural Information Processing Systems},
  year={2017}
}

@article{sun2024comparative,
  title={A Comparative Study on State-Action Spaces for Learning Viewpoint Selection and Manipulation with Diffusion Policy},
  author={Sun, Xiatao and Fan, Francis and Chen, Yinxing and Rakita, Daniel},
  journal={arXiv preprint arXiv:2409.14615},
  year={2024}
}

@article{wang2024one,
  title={One-Step Diffusion Policy: Fast Visuomotor Policies via Diffusion Distillation},
  author={Wang, Zhendong and Li, Zhaoshuo and Mandlekar, Ajay and Xu, Zhenjia and Fan, Jiaojiao and Narang, Yashraj and Fan, Linxi and Zhu, Yuke and Balaji, Yogesh and Zhou, Mingyuan and others},
  journal={arXiv preprint arXiv:2410.21257},
  year={2024}
}

@article{spencer2021feedback,
  title={Feedback in imitation learning: The three regimes of covariate shift},
  author={Spencer, Jonathan and Choudhury, Sanjiban and Venkatraman, Arun and Ziebart, Brian and Bagnell, J Andrew},
  journal={arXiv preprint arXiv:2102.02872},
  year={2021}
}

@article{wu2024deep,
  title={Deep Learning for Optimization of Trajectories for Quadrotors},
  author={Wu, Yuwei and Sun, Xiatao and Spasojevic, Igor and Kumar, Vijay},
  journal={IEEE Robotics and Automation Letters},
  year={2024},
  publisher={IEEE}
}

@inproceedings{huang2020real,
  title={Real-time Obstacle Avoidance in Robotic Manipulation Using Imitation Learning},
  author={Huang, Jie and Ge, Wei and Cheng, Hualong and Xi, Chun and Zhu, Jun and Zhang, Fei and Shang, Weiwei},
  booktitle={2020 16th International Conference on Control, Automation, Robotics and Vision (ICARCV)},
  pages={976--981},
  year={2020},
  organization={IEEE}
}

@article{li_intrinsic_dim,
  title={Measuring the intrinsic dimension of objective landscapes},
  author={Li, Chunyuan and Farkhoor, Heerad and Liu, Rosanne and Yosinski, Jason},
  journal={arXiv preprint arXiv:1804.08838},
  year={2018}
}

@article{aghajanyan_intrinsic_dim,
  title={Intrinsic dimensionality explains the effectiveness of language model fine-tuning},
  author={Aghajanyan, Armen and Zettlemoyer, Luke and Gupta, Sonal},
  journal={arXiv preprint arXiv:2012.13255},
  year={2020}
}

@inproceedings{li_low_rank,
  title={Recovery guarantee of weighted low-rank approximation via alternating minimization},
  author={Li, Yuanzhi and Liang, Yingyu and Risteski, Andrej},
  booktitle={International Conference on Machine Learning},
  pages={2358--2367},
  year={2016},
  organization={PMLR}
}

@inproceedings{li_low_rank2,
  title={Algorithmic regularization in over-parameterized matrix sensing and neural networks with quadratic activations},
  author={Li, Yuanzhi and Ma, Tengyu and Zhang, Hongyang},
  booktitle={Conference On Learning Theory},
  pages={2--47},
  year={2018},
  organization={PMLR}
}

@inproceedings{hu_lora,
  title={LoRA: Low-Rank Adaptation of Large Language Models},
  author={Hu, Edward J and Wallis, Phillip and Allen-Zhu, Zeyuan and Li, Yuanzhi and Wang, Shean and Wang, Lu and Chen, Weizhu and others},
  booktitle={International Conference on Learning Representations}
}

@article{dettmers_qlora,
  title={QLoRA: efficient finetuning of quantized LLMs (2023)},
  author={Dettmers, Tim and Pagnoni, Artidoro and Holtzman, Ari and Zettlemoyer, Luke},
  journal={arXiv preprint arXiv:2305.14314},
  volume={52},
  pages={3982--3992},
  year={2023}
}

@article{zare2024survey,
  title={A survey of imitation learning: Algorithms, recent developments, and challenges},
  author={Zare, Maryam and Kebria, Parham M and Khosravi, Abbas and Nahavandi, Saeid},
  journal={IEEE Transactions on Cybernetics},
  year={2024},
  publisher={IEEE}
}

@inproceedings{ross2011reduction,
  title={A reduction of imitation learning and structured prediction to no-regret online learning},
  author={Ross, St{\'e}phane and Gordon, Geoffrey and Bagnell, Drew},
  booktitle={Proceedings of the fourteenth international conference on artificial intelligence and statistics},
  pages={627--635},
  year={2011},
  organization={JMLR Workshop and Conference Proceedings}
}

@article{hajimolahoseini_rank,
  title={Training acceleration of low-rank decomposed networks using sequential freezing and rank quantization},
  author={Hajimolahoseini, Habib and Ahmed, Walid and Liu, Yang},
  journal={arXiv preprint arXiv:2309.03824},
  year={2023}
}

@article{krizhevsky2012imagenet,
  title={Imagenet classification with deep convolutional neural networks},
  author={Krizhevsky, Alex and Sutskever, Ilya and Hinton, Geoffrey E},
  journal={Advances in neural information processing systems},
  volume={25},
  year={2012}
}

@inproceedings{rombach2022high,
  title={High-resolution image synthesis with latent diffusion models},
  author={Rombach, Robin and Blattmann, Andreas and Lorenz, Dominik and Esser, Patrick and Ommer, Bj{\"o}rn},
  booktitle={Proceedings of the IEEE/CVF conference on computer vision and pattern recognition},
  pages={10684--10695},
  year={2022}
}

@article{kaplan2020scaling,
  title={Scaling laws for neural language models},
  author={Kaplan, Jared and McCandlish, Sam and Henighan, Tom and Brown, Tom B and Chess, Benjamin and Child, Rewon and Gray, Scott and Radford, Alec and Wu, Jeffrey and Amodei, Dario},
  journal={arXiv preprint arXiv:2001.08361},
  year={2020}
}

@inproceedings{du2018power,
  title={On the power of over-parametrization in neural networks with quadratic activation},
  author={Du, Simon and Lee, Jason},
  booktitle={International conference on machine learning},
  pages={1329--1338},
  year={2018},
  organization={PMLR}
}

@article{liu2024dora,
  title={Dora: Weight-decomposed low-rank adaptation},
  author={Liu, Shih-Yang and Wang, Chien-Yi and Yin, Hongxu and Molchanov, Pavlo and Wang, Yu-Chiang Frank and Cheng, Kwang-Ting and Chen, Min-Hung},
  journal={arXiv preprint arXiv:2402.09353},
  year={2024}
}

@inproceedings{ronneberger2015u,
  title={U-net: Convolutional networks for biomedical image segmentation},
  author={Ronneberger, Olaf and Fischer, Philipp and Brox, Thomas},
  booktitle={Medical image computing and computer-assisted intervention--MICCAI 2015: 18th international conference, Munich, Germany, October 5-9, 2015, proceedings, part III 18},
  pages={234--241},
  year={2015},
  organization={Springer}
}

@article{zhang2024diffusion,
  title={Diffusion Meets DAgger: Supercharging Eye-in-hand Imitation Learning},
  author={Zhang, Xiaoyu and Chang, Matthew and Kumar, Pranav and Gupta, Saurabh},
  journal={arXiv preprint arXiv:2402.17768},
  year={2024}
}

@article{lee2024diff,
  title={Diff-DAgger: Uncertainty Estimation with Diffusion Policy for Robotic Manipulation},
  author={Lee, Sung-Wook and Kuo, Yen-Ling},
  journal={arXiv preprint arXiv:2410.14868},
  year={2024}
}

@article{pytorch,
  title={Pytorch: An imperative style, high-performance deep learning library},
  author={Paszke, Adam and Gross, Sam and Massa, Francisco and Lerer, Adam and Bradbury, James and Chanan, Gregory and Killeen, Trevor and Lin, Zeming and Gimelshein, Natalia and Antiga, Luca and others},
  journal={Advances in neural information processing systems},
  volume={32},
  year={2019}
}

@article{zhu2020robosuite,
  title={robosuite: A modular simulation framework and benchmark for robot learning},
  author={Zhu, Yuke and Wong, Josiah and Mandlekar, Ajay and Mart{\'\i}n-Mart{\'\i}n, Roberto and Joshi, Abhishek and Nasiriany, Soroush and Zhu, Yifeng},
  journal={arXiv preprint arXiv:2009.12293},
  year={2020}
}

@inproceedings{robomimic2021,
  title={What Matters in Learning from Offline Human Demonstrations for Robot Manipulation},
  author={Mandlekar, Ajay and Xu, Danfei and Wong, Josiah and Nasiriany, Soroush and Wang, Chen and Kulkarni, Rohun and Fei-Fei, Li and Savarese, Silvio and Zhu, Yuke and Mart{\'\i}n-Mart{\'\i}n, Roberto},
  booktitle={5th Annual Conference on Robot Learning},
  year={2021}
}

@inproceedings{lee2021beyond,
  title={Beyond pick-and-place: Tackling robotic stacking of diverse shapes},
  author={Lee, Alex X and Devin, Coline Manon and Zhou, Yuxiang and Lampe, Thomas and Bousmalis, Konstantinos and Springenberg, Jost Tobias and Byravan, Arunkumar and Abdolmaleki, Abbas and Gileadi, Nimrod and Khosid, David and others},
  booktitle={5th Annual Conference on Robot Learning},
  year={2021}
}

@article{heo2023furniturebench,
  title={Furniturebench: Reproducible real-world benchmark for long-horizon complex manipulation},
  author={Heo, Minho and Lee, Youngwoon and Lee, Doohyun and Lim, Joseph J},
  journal={arXiv preprint arXiv:2305.12821},
  year={2023}
}

@article{schulman2017proximal,
  title={Proximal policy optimization algorithms},
  author={Schulman, John and Wolski, Filip and Dhariwal, Prafulla and Radford, Alec and Klimov, Oleg},
  journal={arXiv preprint arXiv:1707.06347},
  year={2017}
}

@article{haarnoja2018soft,
  title={Soft actor-critic algorithms and applications},
  author={Haarnoja, Tuomas and Zhou, Aurick and Hartikainen, Kristian and Tucker, George and Ha, Sehoon and Tan, Jie and Kumar, Vikash and Zhu, Henry and Gupta, Abhishek and Abbeel, Pieter and others},
  journal={arXiv preprint arXiv:1812.05905},
  year={2018}
}

@book{strang2022introduction,
  title={Introduction to linear algebra},
  author={Strang, Gilbert},
  year={2022},
  publisher={SIAM}
}

@inproceedings{o2024open,
  title={Open x-embodiment: Robotic learning datasets and rt-x models: Open x-embodiment collaboration 0},
  author={O’Neill, Abby and Rehman, Abdul and Maddukuri, Abhiram and Gupta, Abhishek and Padalkar, Abhishek and Lee, Abraham and Pooley, Acorn and Gupta, Agrim and Mandlekar, Ajay and Jain, Ajinkya and others},
  booktitle={2024 IEEE International Conference on Robotics and Automation (ICRA)},
  pages={6892--6903},
  year={2024},
  organization={IEEE}
}

@article{kingma2014adam,
  title={Adam: A method for stochastic optimization},
  author={Kingma, Diederik P},
  journal={arXiv preprint arXiv:1412.6980},
  year={2014}
}