@InProceedings{10.1007/978-3-031-72667-5_15,
author={Zhou, Gengze
and Hong, Yicong
and Wang, Zun
and Wang, Xin Eric
and Wu, Qi},
title={NavGPT-2: Unleashing Navigational Reasoning Capability for Large Vision-Language Models},
booktitle={European Conference on Computer Vision},
year={2025},
pages={260--278},
}

@inproceedings{10.5555/3524938.3525989,
	author = {Zhang, Jingqing and Zhao, Yao and Saleh, Mohammad and Liu, Peter J.},
	title = {PEGASUS: pre-training with extracted gap-sentences for abstractive summarization},
	year = {2020},
	booktitle = {International Conference on Machine Learning},
}

@inproceedings{10.5555/3600270.3602070,
	author = {Wei, Jason and Wang, Xuezhi and Schuurmans, Dale and Bosma, Maarten and Ichter, Brian and Xia, Fei and Chi, Ed H. and Le, Quoc V. and Zhou, Denny},
	title = {Chain-of-thought prompting elicits reasoning in large language models},
	year = {2022},
	booktitle = {International Conference on Neural Information Processing Systems}
}

@ARTICLE{6795963,
	author={Hochreiter, Sepp and Schmidhuber, Jürgen},
	journal={Neural Computation}, 
	title={Long Short-Term Memory}, 
	year={1997},
	volume={9},
	number={8},
	pages={1735-1780},
	keywords={}}

@article{ELMAN1990179,
	title = {Finding structure in time},
	journal = {Cognitive Science},
	volume = {14},
	number = {2},
	pages = {179-211},
	year = {1990},
	issn = {0364-0213},
	author = {Jeffrey L. Elman},
}

@article{GKOURNELOS20249,
	title = {An LLM-based approach for enabling seamless Human-Robot collaboration in assembly},
	journal = {CIRP Annals},
	volume = {73},
	number = {1},
	pages = {9-12},
	year = {2024},
	issn = {0007-8506},
	author = {Christos Gkournelos and Christos Konstantinou and Sotiris Makris},
}

@article{JIN2024105940,
	title = {Large language model as parking planning agent in the context of mixed period of autonomous vehicles and Human-Driven vehicles},
	journal = {Sustainable Cities and Society},
	volume = {117},
	pages = {105940},
	year = {2024},
	issn = {2210-6707},
	author = {Yuping Jin and Jun Ma}
}

@article{LI2025110382,
	title = {Comparative diagnostic accuracy of GPT-4o and LLaMA 3-70b: Proprietary vs. open-source large language models in radiology},
	journal = {Clinical Imaging},
	volume = {118},
	pages = {110382},
	year = {2025},
	issn = {0899-7071},
	author = {David Li and Kartik Gupta and Mousumi Bhaduri and Paul Sathiadoss and Sahir Bhatnagar and Jaron Chong},
}

@article{LIAO2024100116,
	title = {GPT-4 enhanced multimodal grounding for autonomous driving: Leveraging cross-modal attention with large language models},
	journal = {Communications in Transportation Research},
	volume = {4},
	pages = {100116},
	year = {2024},
	issn = {2772-4247},
	author = {Haicheng Liao and Huanming Shen and Zhenning Li and Chengyue Wang and Guofa Li},
}

@inproceedings{NEURIPS2020_1457c0d6,
	author = {Brown, Tom and Mann, Benjamin and Ryder, Nick and Subbiah, Melanie},
	booktitle = {Advances in Neural Information Processing Systems},
	pages = {1877--1901},
	title = {Language Models are Few-Shot Learners},
	year = {2020}
}

@inproceedings{NEURIPS2022_b1efde53,
	author = {Ouyang, Long and Wu, Jeffrey and Jiang, Xu and Almeida, Diogo and Wainwright, Carroll},
	booktitle = {Advances in Neural Information Processing Systems},
	pages = {27730--27744},
	title = {Training language models to follow instructions with human feedback},
	volume = {35},
	year = {2022}
}

@inproceedings{NEURIPS2023_8249b30d,
	author = {Bu, Zhiqi and Wang, Yu-Xiang and Zha, Sheng and Karypis, George},
	booktitle = {Advances in Neural Information Processing Systems},
	pages = {41727--41764},
	title = {Automatic Clipping: Differentially Private Deep Learning Made Easier and Stronger},
	volume = {36},
	year = {2023}
}

@inproceedings{NIPS2017_3f5ee243,
	author = {Vaswani, Ashish and Shazeer, Noam and Parmar, Niki and Uszkoreit, Jakob},
	booktitle = {Advances in Neural Information Processing Systems},
	pages = {},
	title = {Attention is All you Need},
	volume = {30},
	year = {2017}
}

@article{SU2024127063,
	title = {RoFormer: Enhanced transformer with Rotary Position Embedding},
	journal = {Neurocomputing},
	volume = {568},
	pages = {127063},
	year = {2024},
	author = {Jianlin Su and Murtadha Ahmed and Yu Lu and Shengfeng Pan and Wen Bo and Yunfeng Liu},
}

@article{ZHU2025,
	title = {Qwen-2.5 Outperforms Other Large Language Models in the Chinese National Nursing Licensing Examination: Retrospective Cross-Sectional Comparative Study},
	journal = {JMIR Medical Informatics},
	volume = {13},
	year = {2025},
	issn = {2291-9694},
	author = {Shiben Zhu and Wanqin Hu and Zhi Yang and Jiani Yan and Fang Zhang},
}

@inproceedings{aharoni-etal-2019-massively,
	title = {Massively Multilingual Neural Machine Translation},
	author = {Aharoni, Roee  and
	Johnson, Melvin  and
	Firat, Orhan},
	booktitle = {Conference of the North A merican Chapter of the Association for Computational Linguistics},
	year = {2019},
	pages = {3874--3884},
}

@inproceedings{cheng-etal-2023-improving,
	title = {Improving Contrastive Learning of Sentence Embeddings from {AI} Feedback},
	author = {Cheng, Qinyuan  and
	Yang, Xiaogui  and
	Sun, Tianxiang  and
	Li, Linyang  and
	Qiu, Xipeng},
	booktitle = {Findings of the Association for Computational Linguistics},
	year = {2023},
	pages = {11122--11138},
}

@article{chowdhery2023palm,
	title={Palm: Scaling language modeling with pathways},
	author={Chowdhery, Aakanksha and Narang, Sharan and Devlin, Jacob and Bosma, Maarten and Mishra, Gaurav and Roberts, Adam and Barham, Paul and Chung, Hyung Won and Sutton, Charles and Gehrmann, Sebastian and others},
	journal={Journal of Machine Learning Research},
	volume={24},
	number={240},
	pages={1--113},
	year={2023}
}

@misc{deepseek-math,
	author = {Zhihong Shao, Peiyi Wang, Qihao Zhu, Runxin Xu, Junxiao Song, Mingchuan Zhang, Y.K. Li, Y. Wu, Daya Guo},
	title = {DeepSeekMath: Pushing the Limits of Mathematical Reasoning in Open Language Models},
	journal = {CoRR},
	volume = {abs/2402.03300},
	year = {2024},
}

@misc{deepseekai2025deepseekr1incentivizingreasoningcapability,
	title={DeepSeek-R1: Incentivizing Reasoning Capability in LLMs via Reinforcement Learning}, 
	author={DeepSeek-AI and Daya Guo and Dejian Yang and Haowei Zhang},
	year={2025},
	eprint={2501.12948},
	archivePrefix={arXiv},
	primaryClass={cs.CL},
}

@inproceedings{devlin-etal-2019-bert,
	title = {BERT: Pre-training of Deep Bidirectional Transformers for Language Understanding},
	author = {Devlin, Jacob  and
	Chang, Ming-Wei  and
	Lee, Kenton  and
	Toutanova, Kristina},
	booktitle = {Conference of the North {A}merican Chapter of the Association for Computational Linguistics},
	year = {2019},pages = {4171--4186},
}

@Article{electronics13244912,
	AUTHOR = {Alsaif, Khalid M. and Albeshri, Aiiad A. and Khemakhem, Maher A. and Eassa, Fathy E.},
	TITLE = {Multimodal Large Language Model-Based Fault Detection and Diagnosis in Context of Industry 4.0},
	JOURNAL = {Electronics},
	VOLUME = {13},
	YEAR = {2024},
	NUMBER = {24},
	ISSN = {2079-9292},
}

@inproceedings{feng-etal-2020-codebert,
title = {Code{BERT}: A Pre-Trained Model for Programming and Natural Languages},
author = {Feng, Zhangyin  and
Guo, Daya  and
Tang, Duyu  and
Duan},
booktitle ={Findings of the Association for Computational },
year ={2020},
pages = {1536--1547},
}

@inproceedings{finn2017model,
	title={Model-agnostic meta-learning for fast adaptation of deep networks},
	author={Finn, Chelsea and Abbeel, Pieter and Levine, Sergey},
	booktitle={International conference on machine learning},
	pages={1126--1135},
	year={2017},
}

@inproceedings{lang-etal-2024-fine,
	title = {Fine-Tuning Language Models with Reward Learning on Policy},
	author = {Lang, Hao  and
	Huang, Fei  and
	Li, Yongbin},
	booktitle = {Conference of the North American Chapter of the Association for Computational Linguistics},
	year = {2024},
	pages = {1382--1392},
}

@inproceedings{lu-etal-2024-emergent,
	title = {Are Emergent Abilities in Large Language Models just In-Context Learning?},
	author = {Lu, Sheng  and
	Bigoulaeva, Irina  and
	Sachdeva, Rachneet  and
	Tayyar Madabushi, Harish  and
	Gurevych, Iryna},
	booktitle = {Annual Meeting of the Association for Computational Linguistics},
	year = {2024},
	pages = {5098--5139},
}

