@article{GUO2025110875,
	title = {Investigation of ship collision accident risk factors using BP-DEMATEL method based on HFACS-SCA},
	journal = {Reliability Engineering and System Safety},
	volume = {257},
	pages = {110875},
	year = {2025},
	issn = {0951-8320},
	author = {Mingyang Guo and Miao Chen and Lihao Yuan and Zhihui Zhang and Jia Lv and Zhiyong Cai}
}
@article{ZHANG2025110489,
	title = {Systems driven intelligent decision support methods for ship collision and grounding prevention: Present status, possible solutions, and challenges},
	journal = {Reliability Engineering and System Safety},
	volume = {253},
	pages = {110489},
	year = {2025},
	issn = {0951-8320},
	author = {Mingyang Zhang and Ghalib Taimuri and Jinfen Zhang and Di Zhang and Xinping Yan and Pentti Kujala and Spyros Hirdaris}
}
@article{BOLBOT2025110810,
	title = {Investigation into safety acceptance principles for autonomous ships},
	journal = {Reliability Engineering and System Safety},
	volume = {257},
	pages = {110810},
	year = {2025},
	issn = {0951-8320},
	author = {Victor Bolbot and Martin Bergström and Marko Rahikainen and Osiris A. {Valdez Banda}}
}
@article{WANG2024110201,
	title = {Human and organizational factors analysis of collision accidents between merchant ships and fishing vessels based on HFACS-BN model},
	journal = {Reliability Engineering and System Safety},
	volume = {249},
	pages = {110201},
	year = {2024},
	issn = {0951-8320},
	author = {Hong Wang and Ning Chen and Bing Wu and C. {Guedes Soares}}
}
@article{ANTAO2023109166,
	title = {Quantitative assessment of ship collision risk influencing factors from worldwide accident and fleet data},
	journal = {Reliability Engineering and System Safety},
	volume = {234},
	pages = {109166},
	year = {2023},
	issn = {0951-8320},
	author = {P. Antão and S. Sun and A.P. Teixeira and C. {Guedes Soares}}
}
@article{GLEESON2024119552,
	title = {COLREG Scenario classification and Compliance Evaluation with temporal and multi-vessel awareness for collision avoidance systems},
	journal = {Ocean Engineering},
	volume = {313},
	pages = {119552},
	year = {2024},
	issn = {0029-8018},
	author = {Jordan Gleeson and Matthew Dunbabin and Jason J. Ford}
}
@article{ZHU2023116088,
	title = {A novel route-plan-guided artificial potential field method for ship collision avoidance: Modeling, integration and test},
	journal = {Ocean Engineering},
	volume = {288},
	pages = {116088},
	year = {2023},
	issn = {0029-8018},
	author = {Zhongxian Zhu and Pengyu Wu and Yongle Liu and Yubo Wei and Yong Yin}
}
@article{DONG2024119512,
	title = {A novel collaborative collision avoidance decision method for multi-ship encounters in complex waterways},
	journal = {Ocean Engineering},
	volume = {313},
	pages = {119512},
	year = {2024},
	issn = {0029-8018},
	author = {Han Dong and Rong Zhen and Qiyong Gu and Zhong Lin and Jiuhu Chen and Kai Yan and Bing Chen}
}

@article{SONNTAG2025119907,
	title = {A COLREGs compliance reinforcement learning approach for USV manoeuvring in track-following and collision avoidance problems},
	journal = {Ocean Engineering},
	volume = {316},
	pages = {119907},
	year = {2025},
	issn = {0029-8018},
	author = {Valentin Sonntag and Adolfo Perrusquía and Antonios Tsourdos and Weisi Guo}
}
@article{LIU2024107450,
	title = {A game-based decision-making method for multi-ship collaborative collision avoidance reflecting risk attitudes in open waters},
	journal = {Ocean and Coastal Management},
	volume = {259},
	pages = {107450},
	year = {2024},
	issn = {0964-5691},
	author = {Jiongjiong Liu and Jinfen Zhang and Zaili Yang and Mingyang Zhang and Wuliu Tian}
}

@article{LYU2024116530,
	title = {Autonomous collision avoidance method for MASSs based on precise potential field modelling and COLREGs constraints in complex sailing environments},
	journal = {Ocean Engineering},
	volume = {292},
	pages = {116530},
	year = {2024},
	issn = {0029-8018},
	author = {Hongguang Lyu and Wei Liu and Shiyu Guo and Guifu Tan and Chunda Fu and Xiaofeng Sun and Yanjie Zhao and Lunping Zhang and Yong Yin}
}
@article{radford2019language,
	title={Language models are unsupervised multitask learners},
	author={Radford, Alec and Wu, Jeffrey and Child, Rewon and Luan, David and Amodei, Dario and Sutskever, Ilya and others},
	journal={OpenAI blog},
	volume={1},
	number={8},
	pages={9},
	year={2019}
}
@article{raffel2020exploring,
	title={Exploring the limits of transfer learning with a unified text-to-text transformer},
	author={Raffel, Colin and Shazeer, Noam and Roberts, Adam and Lee, Katherine and Narang, Sharan and Matena, Michael and Zhou, Yanqi and Li, Wei and Liu, Peter J},
	journal={Journal of machine learning research},
	volume={21},
	number={140},
	pages={1--67},
	year={2020}
}
@misc{
	liu2020roberta,
	title={RoBERTa: A Robustly Optimized BERT Pretraining Approach},
	author={Yinhan Liu and Myle Ott and Naman Goyal and Jingfei Du and Mandar Joshi and Danqi Chen and Omer Levy and Mike Lewis and Luke Zettlemoyer and Veselin Stoyanov},
	year={2020}
}
@article{e2018deep,
	title={Deep contextualized word representations},
	author={Matthew E Peters, Mark Neumann, Mohit Iyyer, Matt Gardner, Christopher Clark, Kenton Lee, Luke Zettlemoyer},
	journal={International Conference on Learning Representations},
	year={2018},
}
@inproceedings{
	ma2024large,
	title={Large Language Models Play StarCraft {II}:Benchmarks and A Chain of Summarization Approach},
	author={Weiyu Ma and Qirui Mi and Yongcheng Zeng and Xue Yan and Runji Lin and Yuqiao Wu and Jun Wang and Haifeng Zhang},
	booktitle={The Thirty-eighth Annual Conference on Neural Information Processing Systems},
	year={2024},
}
@article{LEE2024100213,
	title = {Applying large language models and chain-of-thought for automatic scoring},
	journal = {Computers and Education: Artificial Intelligence},
	volume = {6},
	pages = {100213},
	year = {2024},
	issn = {2666-920X},
	author = {Gyeong-Geon Lee and Ehsan Latif and Xuansheng Wu and Ninghao Liu and Xiaoming Zhai},
}
@article{NI2024102131,
	title = {MechAgents: Large language model multi-agent collaborations can solve mechanics problems, generate new data, and integrate knowledge},
	journal = {Extreme Mechanics Letters},
	volume = {67},
	pages = {102131},
	year = {2024},
	issn = {2352-4316},
	author = {Bo Ni and Markus J. Buehler},
}
@inproceedings{
	wen2024dilu,
	title={DiLu: A Knowledge-Driven Approach to Autonomous Driving with Large Language Models},
	author={Licheng Wen and Daocheng Fu and Xin Li and Xinyu Cai and Tao MA and Pinlong Cai and Min Dou and Botian Shi and Liang He and Yu Qiao},
	booktitle={The Twelfth International Conference on Learning Representations},
	year={2024},
}
@INPROCEEDINGS{10658060,
	author={Pan, Chenbin and Yaman, Burhaneddin and Nesti, Tommaso and Mallik, Abhirup and Allievi, Alessandro G and Velipasalar, Senem and Ren, Liu},
	booktitle={2024 IEEE Conference on Computer Vision and Pattern Recognition}, 
	title={VLP: Vision Language Planning for Autonomous Driving}, 
	year={2024},
	volume={},
	number={},
	pages={14760-14769}}}
@ARTICLE{10491134,
	author={Cui, Can and Ma, Yunsheng and Cao, Xu and Ye, Wenqian and Wang, Ziran},
	journal={IEEE Intelligent Transportation Systems Magazine}, 
	title={Receive, Reason, and React: Drive as You Say, With Large Language Models in Autonomous Vehicles}, 
	year={2024},
	volume={16},
	number={4},
	pages={81-94}
	}

@article{tacl_a_00713,
	author = {Kamoi, Ryo and Zhang, Yusen and Zhang, Nan and Han, Jiawei and Zhang, Rui},
	title = {When Can LLMs Actually Correct Their Own Mistakes? A Critical Survey of Self-Correction of LLMs},
	journal = {Transactions of the Association for Computational Linguistics},
	volume = {12},
	pages = {1417-1440},
	year = {2024},
}
@inproceedings{yao2023react,
	title = {{ReAct}: Synergizing Reasoning and Acting in Language Models},
	author = {Yao, Shunyu and Zhao, Jeffrey and Yu, Dian and Du, Nan and Shafran, Izhak and Narasimhan, Karthik and Cao, Yuan},
	booktitle = {International Conference on Learning Representations },
	year = {2023},
}
@inproceedings{
	hu2022lora,
	title={Lo{RA}: Low-Rank Adaptation of Large Language Models},
	author={Edward J Hu and yelong shen and Phillip Wallis and Zeyuan Allen-Zhu and Yuanzhi Li and Shean Wang and Lu Wang and Weizhu Chen},
	booktitle={International Conference on Learning Representations},
	year={2022},
}
@inproceedings{NIPS2017_3f5ee243,
	author = {Vaswani, Ashish and Shazeer, Noam and Parmar, Niki and Uszkoreit, Jakob},
	booktitle = {Advances in Neural Information Processing Systems},
	pages = {},
	title = {Attention is All you Need},
	volume = {30},
	year = {2017}
}
@ARTICLE{6795963,
	author={Hochreiter, Sepp and Schmidhuber, Jürgen},
	journal={Neural Computation}, 
	title={Long Short-Term Memory}, 
	year={1997},
	volume={9},
	number={8},
	pages={1735-1780},
	keywords={}}
@article{ELMAN1990179,
	title = {Finding structure in time},
	journal = {Cognitive Science},
	volume = {14},
	number = {2},
	pages = {179-211},
	year = {1990},
	issn = {0364-0213},
	author = {Jeffrey L. Elman},
}
@inproceedings{devlin-etal-2019-bert,
	title = {BERT: Pre-training of Deep Bidirectional Transformers for Language Understanding},
	author = {Devlin, Jacob  and
	Chang, Ming-Wei  and
	Lee, Kenton  and
	Toutanova, Kristina},
	booktitle = {Conference of the North {A}merican Chapter of the Association for Computational Linguistics},
	year = {2019},pages = {4171--4186},
}

@article{chowdhery2023palm,
	title={Palm: Scaling language modeling with pathways},
	author={Chowdhery, Aakanksha and Narang, Sharan and Devlin, Jacob and Bosma, Maarten and Mishra, Gaurav and Roberts, Adam and Barham, Paul and Chung, Hyung Won and Sutton, Charles and Gehrmann, Sebastian and others},
	journal={Journal of Machine Learning Research},
	volume={24},
	number={240},
	pages={1--113},
	year={2023}
}
@article{ZHU2025,
	title = {Qwen-2.5 Outperforms Other Large Language Models in the Chinese National Nursing Licensing Examination: Retrospective Cross-Sectional Comparative Study},
	journal = {JMIR Medical Informatics},
	volume = {13},
	year = {2025},
	issn = {2291-9694},
	author = {Shiben Zhu and Wanqin Hu and Zhi Yang and Jiani Yan and Fang Zhang},
}
@article{LI2025110382,
	title = {Comparative diagnostic accuracy of GPT-4o and LLaMA 3-70b: Proprietary vs. open-source large language models in radiology},
	journal = {Clinical Imaging},
	volume = {118},
	pages = {110382},
	year = {2025},
	issn = {0899-7071},
	author = {David Li and Kartik Gupta and Mousumi Bhaduri and Paul Sathiadoss and Sahir Bhatnagar and Jaron Chong},
}

@article{
	wei2022emergent,
	title={Emergent Abilities of Large Language Models},
	author={Jason Wei and Yi Tay and Rishi Bommasani and Colin Raffel and Barret Zoph and Sebastian Borgeaud and Dani Yogatama and Maarten Bosma and Denny Zhou and Donald Metzler and Ed H. Chi and Tatsunori Hashimoto and Oriol Vinyals and Percy Liang and Jeff Dean and William Fedus},
	journal={Transactions on Machine Learning Research},
	issn={2835-8856},
	year={2022},
}
@inproceedings{10.5555/3600270.3602070,
	author = {Wei, Jason and Wang, Xuezhi and Schuurmans, Dale and Bosma, Maarten and Ichter, Brian and Xia, Fei and Chi, Ed H. and Le, Quoc V. and Zhou, Denny},
	title = {Chain-of-thought prompting elicits reasoning in large language models},
	year = {2022},
	booktitle = {International Conference on Neural Information Processing Systems},
}

@inproceedings{10.5555/3524938.3525989,
	author = {Zhang, Jingqing and Zhao, Yao and Saleh, Mohammad and Liu, Peter J.},
	title = {PEGASUS: pre-training with extracted gap-sentences for abstractive summarization},
	year = {2020},
	booktitle = {International Conference on Machine Learning},
}
@inproceedings{10.5555/3600270.3602070,
	author = {Wei, Jason and Wang, Xuezhi and Schuurmans, Dale and Bosma, Maarten and Ichter, Brian and Xia, Fei and Chi, Ed H. and Le, Quoc V. and Zhou, Denny},
	title = {Chain-of-thought prompting elicits reasoning in large language models},
	year = {2022},
	booktitle = {International Conference on Neural Information Processing Systems},
}
@inproceedings{aharoni-etal-2019-massively,
	title = {Massively Multilingual Neural Machine Translation},
	author = {Aharoni, Roee  and
	Johnson, Melvin  and
	Firat, Orhan},
	booktitle = {Conference of the North A merican Chapter of the Association for Computational Linguistics},
	year = {2019},
	pages = {3874--3884},
}
@inproceedings{feng-etal-2020-codebert,
title = {Code{BERT}: A Pre-Trained Model for Programming and Natural Languages},
author = {Feng, Zhangyin  and
Guo, Daya  and
Tang, Duyu  and
Duan},
booktitle ={Findings of the Association for Computational },
year ={2020},
pages = {1536--1547},
}
@inproceedings{10.5555/3600270.3602070,
	author = {Wei, Jason and Wang, Xuezhi and Schuurmans, Dale and Bosma, Maarten and Ichter, Brian and Xia, Fei and Chi, Ed H. and Le, Quoc V. and Zhou, Denny},
	title = {Chain-of-thought prompting elicits reasoning in large language models},
	year = {2022},
	booktitle = {International Conference on Neural Information Processing Systems}
}

@inproceedings{NEURIPS2020_1457c0d6,
	author = {Brown, Tom and Mann, Benjamin and Ryder, Nick and Subbiah, Melanie},
	booktitle = {Advances in Neural Information Processing Systems},
	pages = {1877--1901},
	title = {Language Models are Few-Shot Learners},
	year = {2020}
}

@inproceedings{lu-etal-2024-emergent,
	title = {Are Emergent Abilities in Large Language Models just In-Context Learning?},
	author = {Lu, Sheng  and
	Bigoulaeva, Irina  and
	Sachdeva, Rachneet  and
	Tayyar Madabushi, Harish  and
	Gurevych, Iryna},
	booktitle = {Annual Meeting of the Association for Computational Linguistics},
	year = {2024},
	pages = {5098--5139},
}
@article{SU2024127063,
	title = {RoFormer: Enhanced transformer with Rotary Position Embedding},
	journal = {Neurocomputing},
	volume = {568},
	pages = {127063},
	year = {2024},
	author = {Jianlin Su and Murtadha Ahmed and Yu Lu and Shengfeng Pan and Wen Bo and Yunfeng Liu},
}
@inproceedings{lang-etal-2024-fine,
	title = {Fine-Tuning Language Models with Reward Learning on Policy},
	author = {Lang, Hao  and
	Huang, Fei  and
	Li, Yongbin},
	booktitle = {Conference of the North American Chapter of the Association for Computational Linguistics},
	year = {2024},
	pages = {1382--1392},
}
@inproceedings{NEURIPS2022_b1efde53,
	author = {Ouyang, Long and Wu, Jeffrey and Jiang, Xu and Almeida, Diogo and Wainwright, Carroll},
	booktitle = {Advances in Neural Information Processing Systems},
	pages = {27730--27744},
	title = {Training language models to follow instructions with human feedback},
	volume = {35},
	year = {2022}
}
@inproceedings{cheng-etal-2023-improving,
	title = {Improving Contrastive Learning of Sentence Embeddings from {AI} Feedback},
	author = {Cheng, Qinyuan  and
	Yang, Xiaogui  and
	Sun, Tianxiang  and
	Li, Linyang  and
	Qiu, Xipeng},
	booktitle = {Findings of the Association for Computational Linguistics},
	year = {2023},
	pages = {11122--11138},
}
@inproceedings{finn2017model,
	title={Model-agnostic meta-learning for fast adaptation of deep networks},
	author={Finn, Chelsea and Abbeel, Pieter and Levine, Sergey},
	booktitle={International conference on machine learning},
	pages={1126--1135},
	year={2017},
}
@inproceedings{NEURIPS2023_8249b30d,
	author = {Bu, Zhiqi and Wang, Yu-Xiang and Zha, Sheng and Karypis, George},
	booktitle = {Advances in Neural Information Processing Systems},
	pages = {41727--41764},
	title = {Automatic Clipping: Differentially Private Deep Learning Made Easier and Stronger},
	volume = {36},
	year = {2023}
}
@misc{deepseekai2025deepseekr1incentivizingreasoningcapability,
	title={DeepSeek-R1: Incentivizing Reasoning Capability in LLMs via Reinforcement Learning}, 
	author={DeepSeek-AI and Daya Guo and Dejian Yang and Haowei Zhang},
	year={2025},
	eprint={2501.12948},
	archivePrefix={arXiv},
	primaryClass={cs.CL},
}
@inproceedings{
	wei2022finetuned,
	title={Finetuned Language Models are Zero-Shot Learners},
	author={Jason Wei and Maarten Bosma and Vincent Zhao and Kelvin Guu and Adams Wei Yu and Brian Lester and Nan Du and Andrew M. Dai and Quoc V Le},
	booktitle={International Conference on Learning Representations},
	year={2022},
}
@misc{deepseek-math,
	author = {Zhihong Shao, Peiyi Wang, Qihao Zhu, Runxin Xu, Junxiao Song, Mingchuan Zhang, Y.K. Li, Y. Wu, Daya Guo},
	title = {DeepSeekMath: Pushing the Limits of Mathematical Reasoning in Open Language Models},
	journal = {CoRR},
	volume = {abs/2402.03300},
	year = {2024},
}
@misc{
	chen2024robogpt,
	title={Robo{GPT}: An intelligent agent of making embodied long-term decisions for daily instruction tasks},
	author={Yaran Chen and Wenbo Cui and Yuanwen Chen and Mining Tan and Xinyao Zhang and Dongbin Zhao and He Wang},
	year={2024},
}
@InProceedings{10.1007/978-3-031-72667-5_15,
author={Zhou, Gengze
and Hong, Yicong
and Wang, Zun
and Wang, Xin Eric
and Wu, Qi},
title={NavGPT-2: Unleashing Navigational Reasoning Capability for Large Vision-Language Models},
booktitle={European Conference on Computer Vision},
year={2025},
pages={260--278},
}
@article{GKOURNELOS20249,
	title = {An LLM-based approach for enabling seamless Human-Robot collaboration in assembly},
	journal = {CIRP Annals},
	volume = {73},
	number = {1},
	pages = {9-12},
	year = {2024},
	issn = {0007-8506},
	author = {Christos Gkournelos and Christos Konstantinou and Sotiris Makris},
}
@article{LIAO2024100116,
	title = {GPT-4 enhanced multimodal grounding for autonomous driving: Leveraging cross-modal attention with large language models},
	journal = {Communications in Transportation Research},
	volume = {4},
	pages = {100116},
	year = {2024},
	issn = {2772-4247},
	author = {Haicheng Liao and Huanming Shen and Zhenning Li and Chengyue Wang and Guofa Li},
}

@Article{electronics13244912,
	AUTHOR = {Alsaif, Khalid M. and Albeshri, Aiiad A. and Khemakhem, Maher A. and Eassa, Fathy E.},
	TITLE = {Multimodal Large Language Model-Based Fault Detection and Diagnosis in Context of Industry 4.0},
	JOURNAL = {Electronics},
	VOLUME = {13},
	YEAR = {2024},
	NUMBER = {24},
	ISSN = {2079-9292},
}
@article{JIN2024105940,
	title = {Large language model as parking planning agent in the context of mixed period of autonomous vehicles and Human-Driven vehicles},
	journal = {Sustainable Cities and Society},
	volume = {117},
	pages = {105940},
	year = {2024},
	issn = {2210-6707},
	author = {Yuping Jin and Jun Ma}
}

@INPROCEEDINGS{169823,
	author={Sagatun, S.I. and Fossen, T.I.},
	booktitle={IEEE International Conference on Systems}, 
	title={Lagrangian formulation of underwater vehicles' dynamics}, 
	year={1991},
	volume={2},
	number={},
	pages={1029-1034}
	}


