@inproceedings{ChenICLR21,
  author       = {Hong{-}You Chen and
                  Wei{-}Lun Chao},
  title        = {{F}ed{D}istill: {M}aking {B}ayesian {M}odel {E}nsemble {A}pplicable to {F}ederated
                  {L}earning},
  booktitle      = {ICLR},
  year         = {2021}
}

@article{DBLP:journals/corr/KonecnyMRR16,
  author       = {Jakub Kone{\v{c}}n{\'y} and
                  H. Brendan McMahan and
                  Daniel Ramage and
                  Peter Richt{\'{a}}rik},
  title        = {{F}ederated {O}ptimization: {D}istributed {M}achine {L}earning for {O}n-{D}evice
                  {I}ntelligence},
  journal      = {CoRR},
  volume       = {abs/1610.02527},
  year         = {2016},
  url          = {http://arxiv.org/abs/1610.02527},
  eprinttype    = {arXiv},
  eprint       = {1610.02527},
  timestamp    = {Mon, 13 Aug 2018 16:47:01 +0200},
  biburl       = {https://dblp.org/rec/journals/corr/KonecnyMRR16.bib},
  bibsource    = {dblp computer science bibliography, https://dblp.org}
}

@article{DBLP:journals/corr/abs-1912-00818,
  author       = {Manoj Ghuhan Arivazhagan and
                  Vinay Aggarwal and
                  Aaditya Kumar Singh and
                  Sunav Choudhary},
  title        = {{F}ederated {L}earning with {P}ersonalization {L}ayers},
  journal      = {CoRR},
  volume       = {abs/1912.00818},
  year         = {2019},
  url          = {http://arxiv.org/abs/1912.00818},
  eprinttype    = {arXiv},
  eprint       = {1912.00818},
  timestamp    = {Thu, 02 Jan 2020 18:08:18 +0100},
  biburl       = {https://dblp.org/rec/journals/corr/abs-1912-00818.bib},
  bibsource    = {dblp computer science bibliography, https://dblp.org}
}

@article{DBLP:journals/corr/abs-2001-01523,
  author       = {Paul Pu Liang and
                  Terrance Liu and
                  Ziyin Liu and
                  Ruslan Salakhutdinov and
                  Louis{-}Philippe Morency},
  title        = {{T}hink {L}ocally, {A}ct {G}lobally: {F}ederated {L}earning with {L}ocal and {G}lobal
                  {R}epresentations},
  journal      = {CoRR},
  volume       = {abs/2001.01523},
  year         = {2020},
  url          = {http://arxiv.org/abs/2001.01523},
  eprinttype    = {arXiv},
  eprint       = {2001.01523},
  timestamp    = {Fri, 10 Jan 2020 13:10:19 +0100},
  biburl       = {https://dblp.org/rec/journals/corr/abs-2001-01523.bib},
  bibsource    = {dblp computer science bibliography, https://dblp.org}
}

@article{DBLP:journals/corr/abs-2002-05516,
  author       = {Filip Hanzely and
                  Peter Richt{\'{a}}rik},
  title        = {{F}ederated {L}earning of a {M}ixture of {G}lobal and {L}ocal {M}odels},
  journal      = {CoRR},
  volume       = {abs/2002.05516},
  year         = {2020},
  url          = {https://arxiv.org/abs/2002.05516},
  eprinttype    = {arXiv},
  eprint       = {2002.05516},
  timestamp    = {Sun, 02 Oct 2022 15:31:59 +0200},
  biburl       = {https://dblp.org/rec/journals/corr/abs-2002-05516.bib},
  bibsource    = {dblp computer science bibliography, https://dblp.org}
}

@article{DBLP:journals/corr/abs-2003-13461,
  author       = {Yuyang Deng and
                  Mohammad Mahdi Kamani and
                  Mehrdad Mahdavi},
  title        = {{A}daptive {P}ersonalized {F}ederated {L}earning},
  journal      = {CoRR},
  volume       = {abs/2003.13461},
  year         = {2020},
  url          = {https://arxiv.org/abs/2003.13461},
  eprinttype    = {arXiv},
  eprint       = {2003.13461},
  timestamp    = {Wed, 01 Apr 2020 17:39:12 +0200},
  biburl       = {https://dblp.org/rec/journals/corr/abs-2003-13461.bib},
  bibsource    = {dblp computer science bibliography, https://dblp.org}
}

@inproceedings{FallahNIPS20,
 author = {Fallah, Alireza and Mokhtari, Aryan and Ozdaglar, Asuman},
 booktitle = {{A}dvances in {N}eural {I}nformation {P}rocessing {S}ystems},
 editor = {H. Larochelle and M. Ranzato and R. Hadsell and M.F. Balcan and H. Lin},
 pages = {3557--3568},
 publisher = {Curran Associates, Inc.},
 title = {{P}ersonalized {F}ederated {L}earning with {T}heoretical {G}uarantees: {A} {M}odel-{A}gnostic {M}eta-{L}earning {A}pproach},
 volume = {33},
 year = {2020}
}

@inproceedings{McMahan17,
title	= {{C}ommunication-{E}fficient {L}earning of {D}eep {N}etworks from {D}ecentralized {D}ata},
author	= {H. Brendan McMahan and Eider Moore and Daniel Ramage and Seth Hampson and Blaise Aguera y Arcas},
year	= {2017},
URL	= {http://arxiv.org/abs/1602.05629},
booktitle	= "Proc. {AISTATS}",
pages= "1273--1282"
}

@inproceedings{MoonLiCVPR21,
  author       = {Qinbin Li and
                  Bingsheng He and
                  Dawn Song},
  title        = {{M}odel-{C}ontrastive {F}ederated {L}earning},
  booktitle      = {CVPR},
  year         = {2021}
}

@inproceedings{NEURIPS2019_ecb287ff,
 author = {Yurochkin, Mikhail and Agarwal, Mayank and Ghosh, Soumya and Greenewald, Kristjan and Hoang, Nghia},
 booktitle = {Advances in Neural Information Processing Systems},
 editor = {H. Wallach and H. Larochelle and A. Beygelzimer and F. d\textquotesingle Alch\'{e}-Buc and E. Fox and R. Garnett},
 pages = {},
 publisher = {Curran Associates, Inc.},
 title = {{S}tatistical {M}odel {A}ggregation via {P}arameter {M}atching},
 volume = {32},
 year = {2019}
}

@InProceedings{Zhang_2022_CVPR,
    author    = {Zhang, Lin and Shen, Li and Ding, Liang and Tao, Dacheng and Duan, Ling-Yu},
    title     = {{F}ine-{T}uning {G}lobal {M}odel via {D}ata-{F}ree {K}nowledge {D}istillation for {N}on-{IID} {F}ederated {L}earning},
    booktitle = {CVPR},
    month     = {June},
    year      = {2022},
    pages     = {10174-10183}
}

@inproceedings{feddyn_acar2021federated,
title={{F}ederated {L}earning based on {D}ynamic {R}egularization},
author={Durmus Alp Emre Acar and Yue Zhao and Ramon Matas and Matthew Mattina and Paul Whatmough and Venkatesh Saligrama},
booktitle={{I}nternational {C}onference on {L}earning {R}epresentations},
year={2021}
}

@article{kamp2021federated,
  title={{F}ederated {L}earning from {S}mall {D}atasets},
  author={Kamp, Michael and Fischer, Jonas and Vreeken, Jilles},
  journal={arXiv preprint arXiv:2110.03469},
  year={2021}
}

@article{ng2021federated,
  title={{F}ederated {L}earning: {A} {C}ollaborative {E}ffort to {A}chieve {B}etter {M}edical {I}maging {M}odels for {I}ndividual {S}ites that {H}ave {S}mall {L}abelled {D}atasets},
  author={Ng, Dianwen and Lan, Xiang and Yao, Melissa Min-Szu and Chan, Wing P and Feng, Mengling},
  journal={{Q}uantitative {I}maging in {M}edicine and {S}urgery},
  volume={11},
  number={2},
  pages={852},
  year={2021},
  publisher={AME Publications}
}

@inproceedings{pFedMeDinhNIPS20,
  author       = {Canh T. Dinh and
                  Nguyen Hoang Tran and
                  Tuan Dung Nguyen},
  title        = {{P}ersonalized {F}ederated {L}earning with {M}oreau {E}nvelopes},
  booktitle      = {{N}eur{IPS}},
  year         = {2020}
}

@InProceedings{pmlr-v119-karimireddy20a,
  title = 	 {{SCAFFOLD}: Stochastic Controlled Averaging for Federated Learning},
  author =       {Karimireddy, Sai Praneeth and Kale, Satyen and Mohri, Mehryar and Reddi, Sashank and Stich, Sebastian and Suresh, Ananda Theertha},
  booktitle = 	 {Proceedings of the 37th International Conference on Machine Learning},
  pages = 	 {5132--5143},
  year = 	 {2020},
  editor = 	 {III, Hal Daum√© and Singh, Aarti},
  volume = 	 {119},
  series = 	 {Proceedings of Machine Learning Research},
  month = 	 {13--18 Jul},
  publisher =    {PMLR},
  pdf = 	 {http://proceedings.mlr.press/v119/karimireddy20a/karimireddy20a.pdf},
  url = 	 {https://proceedings.mlr.press/v119/karimireddy20a.html}
}

@InProceedings{pmlr-v139-collins21a,
  title = 	 {{E}xploiting {S}hared {R}epresentations for {P}ersonalized {F}ederated {L}earning},
  author =       {Collins, Liam and Hassani, Hamed and Mokhtari, Aryan and Shakkottai, Sanjay},
  booktitle = 	 {ICML},
  pages = 	 {2089--2099},
  year = 	 {2021},
  editor = 	 {Meila, Marina and Zhang, Tong},
  volume = 	 {139},
  series = 	 {{P}roceedings of {M}achine {L}earning {R}esearch},
  month = 	 {18--24 Jul},
  publisher =    {PMLR},
  pdf = 	 {http://proceedings.mlr.press/v139/collins21a/collins21a.pdf},
  url = 	 {https://proceedings.mlr.press/v139/collins21a.html}
}

@InProceedings{pmlr-v139-li21h,
  title = 	 {{D}itto: {F}air and {R}obust {F}ederated {L}earning {T}hrough {P}ersonalization},
  author =       {Li, Tian and Hu, Shengyuan and Beirami, Ahmad and Smith, Virginia},
  booktitle = 	 {{I}nternational {C}onference on {M}achine {L}earning},
  pages = 	 {6357--6368},
  year = 	 {2021},
  editor = 	 {Meila, Marina and Zhang, Tong},
  volume = 	 {139},
  series = 	 {{P}roceedings of {M}achine {L}earning {R}esearch},
  month = 	 {18--24 Jul},
  publisher =    {PMLR},
  pdf = 	 {http://proceedings.mlr.press/v139/li21h/li21h.pdf},
  url = 	 {https://proceedings.mlr.press/v139/li21h.html}
}

@InProceedings{pmlr-v97-yurochkin19a,
  title = 	 {{B}ayesian {N}onparametric {F}ederated {L}earning of {N}eural {N}etworks},
  author =       {Yurochkin, Mikhail and Agarwal, Mayank and Ghosh, Soumya and Greenewald, Kristjan and Hoang, Nghia and Khazaeni, Yasaman},
  booktitle = 	 {{I}nternational {C}onference on {M}achine {L}earning},
  pages = 	 {7252--7261},
  year = 	 {2019},
  editor = 	 {Chaudhuri, Kamalika and Salakhutdinov, Ruslan},
  volume = 	 {97},
  series = 	 {Proceedings of Machine Learning Research},
  month = 	 {09--15 Jun},
  publisher =    {PMLR},
  pdf = 	 {http://proceedings.mlr.press/v97/yurochkin19a/yurochkin19a.pdf},
  url = 	 {https://proceedings.mlr.press/v97/yurochkin19a.html}
}

@inproceedings{shamir2014communication,
  title={{C}ommunication-{E}fficient {D}istributed {O}ptimization using an {A}pproximate {N}ewton-type {M}ethod},
  author={Shamir, Ohad and Srebro, Nati and Zhang, Tong},
  booktitle={{I}nternational {C}onference on {M}achine {L}earning},
  pages={1000--1008},
  year={2014},
  organization={PMLR}
}

@article{smith2017federated,
  title={{F}ederated {M}ulti-{T}ask {L}earning},
  author={Smith, Virginia and Chiang, Chao-Kai and Sanjabi, Maziar and Talwalkar, Ameet S},
  journal={Advances in {N}eural {I}nformation {P}rocessing {S}ystems},
  volume={30},
  year={2017}
}

@inproceedings{yu2023multimodal,
      title={{M}ultimodal {F}ederated {L}earning via {C}ontrastive {R}epresentation {E}nsemble}, 
      author={Qiying Yu and Yang Liu and Yimu Wang and Ke Xu and Jingjing Liu},
      year={2023},
      booktitle = {ICLR},
}

@article{zhang2022fednilm,
  title={{F}ed{NILM}: {A}pplying {F}ederated {L}earning to {NILM} {A}pplications at the {E}dge},
  author={Zhang, Yu and Tang, Guoming and Huang, Qianyi and Wang, Yi and Wu, Kui and Yu, Keping and Shao, Xun},
  journal={{IEEE} {T}ransactions on {G}reen {C}ommunications and {N}etworking},
  year={2022},
  publisher={IEEE}
}

@inproceedings{zhao2019multi,
  title={{M}ulti-{T}ask {N}etwork {A}nomaly {D}etection using {F}ederated {L}earning},
  author={Zhao, Ying and Chen, Junjun and Wu, Di and Teng, Jian and Yu, Shui},
  booktitle={{P}roceedings of the 10th {I}nternational {S}ymposium on {I}nformation and {C}ommunication {T}echnology},
  pages={273--279},
  year={2019}
}

@inproceedings{zhao2020network,
  title={{N}etwork {A}nomaly {D}etection using {F}ederated {L}earning and {T}ransfer {L}earning},
  author={Zhao, Ying and Chen, Junjun and Guo, Qianling and Teng, Jian and Wu, Di},
  booktitle={{S}ecurity and {P}rivacy in {D}igital {E}conomy: {F}irst {I}nternational {C}onference, {SPDE} 2020, {Q}uzhou, {C}hina, {O}ctober 30--{N}ovember 1, 2020, {P}roceedings},
  pages={219--231},
  year={2020},
  organization={Springer}
}

