@inproceedings{10.1145/3580305.3599833,
author = {Xie, Han and Zheng, Da and Ma, Jun and Zhang, Houyu and Ioannidis, Vassilis N. and Song, Xiang and Ping, Qing and Wang, Sheng and Yang, Carl and Xu, Yi and Zeng, Belinda and Chilimbi, Trishul},
title = {Graph-Aware Language Model Pre-Training on a Large Graph Corpus Can Help Multiple Graph Applications},
booktitle = {Proceedings of the ACM SIGKDD Conference on Knowledge Discovery and Data Mining},
pages = {5270â€“5281},
year = {2023},
}

@inproceedings{DBLP:conf/aaai/LiYZC0ZTWM23,
  author       = {Jintang Li and
                  Zhouxin Yu and
                  Zulun Zhu and
                  Liang Chen and
                  Qi Yu and
                  Zibin Zheng and
                  Sheng Tian and
                  Ruofan Wu and
                  Changhua Meng},
  title        = {Scaling Up Dynamic Graph Representation Learning via Spiking Neural
                  Networks},
  booktitle    = {Proceedings of The {AAAI} Conference on Artificial Intelligence},
  pages        = {8588--8596},
  publisher    = {{AAAI} Press},
  year         = {2023}
}

@inproceedings{DBLP:conf/icde/000200O024,
  author       = {Yuanyuan Xu and
                  Wenjie Zhang and
                  Ying Zhang and
                  Maria E. Orlowska and
                  Xuemin Lin},
  title        = {TimeSGN: Scalable and Effective Temporal Graph Neural Network},
  booktitle    = {Proceedings of the {IEEE} International Conference on Data Engineering},
  pages        = {3297--3310},
  publisher    = {{IEEE}},
  year         = {2024}
}

@inproceedings{DBLP:conf/iclr/SuZ024,
  author       = {Junwei Su and
                  Difan Zou and
                  Chuan Wu},
  title        = {{PRES:} Toward Scalable Memory-Based Dynamic Graph Neural Networks},
  booktitle    = {Proceedings of the International Conference on Learning Representations},
  publisher    = {OpenReview.net},
  year         = {2024},
}

@inproceedings{DBLP:conf/iclr/TianQG24,
  author       = {Yuxing Tian and
                  Yiyan Qi and
                  Fan Guo},
  title        = {FreeDyG: Frequency Enhanced Continuous-Time Dynamic Graph Model for
                  Link Prediction},
  booktitle    = {Proceedings of the International Conference on Learning Representations},
  year         = {2024}
}

@inproceedings{DBLP:conf/icml/GravinaLGBG24,
  author       = {Alessio Gravina and
                  Giulio Lovisotto and
                  Claudio Gallicchio and
                  Davide Bacciu and
                  Claas Grohnfeldt},
  title        = {Long Range Propagation on Continuous-Time Dynamic Graphs},
  booktitle    = {Proceedings of the International Conference on Machine Learning},
  publisher    = {OpenReview.net},
  year         = {2024},
}

@inproceedings{DBLP:conf/kdd/0003MY024,
  author       = {Tao Zou and
                  Yuhao Mao and
                  Junchen Ye and
                  Bowen Du},
  title        = {Repeat-Aware Neighbor Sampling for Dynamic Graph Learning},
  booktitle    = {Proceedings of the {ACM} {SIGKDD} Conference on Knowledge Discovery
                  and Data Mining},
  pages        = {4722--4733},
  publisher    = {{ACM}},
  year         = {2024},
}

@inproceedings{DBLP:conf/kdd/ZhongVYA24,
  author       = {Yongjian Zhong and
                  Hieu Vu and
                  Tianbao Yang and
                  Bijaya Adhikari},
  title        = {Efficient and Effective Implicit Dynamic Graph Neural Network},
  booktitle    = {Proceedings of {ACM} {SIGKDD} Conference on Knowledge Discovery
                  and Data Mining},
  pages        = {4595--4606},
  publisher    = {{ACM}},
  year         = {2024},
}

@inproceedings{DBLP:conf/wsdm/SankarWGZY20,
  author       = {Aravind Sankar and
                  Yanhong Wu and
                  Liang Gou and
                  Wei Zhang and
                  Hao Yang},
  editor       = {James Caverlee and
                  Xia (Ben) Hu and
                  Mounia Lalmas and
                  Wei Wang},
  title        = {DySAT: Deep Neural Representation Learning on Dynamic Graphs via Self-Attention Networks},
  booktitle    = {Proceedings of The {ACM} International Conference on Web Search and Data Mining},
  pages        = {519--527},
  publisher    = {{ACM}},
  year         = {2020}
}

@article{DBLP:journals/pvldb/LiSCY23,
  author       = {Yiming Li and
                  Yanyan Shen and
                  Lei Chen and
                  Mingxuan Yuan},
  title        = {Zebra: When Temporal Graph Neural Networks Meet Temporal Personalized PageRank},
  journal      = {Proceedings of The VLDB Endowment},
  volume       = {16},
  number       = {6},
  pages        = {1332--1345},
  year         = {2023}
}

@article{chen2024exploring,
  title={Exploring the potential of large language models (llms) in learning on graphs},
  author={Chen, Zhikai and Mao, Haitao and Li, Hang and Jin, Wei and Wen, Hongzhi and Wei, Xiaochi and Wang, Shuaiqiang and Yin, Dawei and Fan, Wenqi and Liu, Hui and others},
  journal={ACM SIGKDD Explorations Newsletter},
  volume={25},
  number={2},
  pages={42--61},
  year={2024},
  publisher={ACM New York, NY, USA}
}

@inproceedings{cheng2024co,
  title={Co-Neighbor Encoding Schema: A Light-cost Structure Encoding Method for Dynamic Link Prediction},
  author={Cheng, Ke and Linzhi, Peng and Ye, Junchen and Sun, Leilei and Du, Bowen},
  booktitle={Proceedings of the ACM SIGKDD Conference on Knowledge Discovery and Data Mining},
  pages={421--432},
  year={2024}
}

@inproceedings{congwe,
  title={Do We Really Need Complicated Model Architectures For Temporal Networks?},
  author={Cong, Weilin and Zhang, Si and Kang, Jian and Yuan, Baichuan and Wu, Hao and Zhou, Xin and Tong, Hanghang and Mahdavi, Mehrdad},
  booktitle={Proceedings of the International Conference on Learning Representations}
}

@inproceedings{fang2024gaugllm,
  title={Gaugllm: Improving graph contrastive learning for text-attributed graphs with large language models},
  author={Fang, Yi and Fan, Dongzhe and Zha, Daochen and Tan, Qiaoyu},
  booktitle={Proceedings of the ACM SIGKDD Conference on Knowledge Discovery and Data Mining},
  pages={747--758},
  year={2024}
}

@inproceedings{heharnessing,
  title={Harnessing Explanations: LLM-to-LM Interpreter for Enhanced Text-Attributed Graph Representation Learning},
  author={He, Xiaoxin and Bresson, Xavier and Laurent, Thomas and Perold, Adam and LeCun, Yann and Hooi, Bryan},
  booktitle={Proceedings of the International Conference on Learning Representations}
}

@inproceedings{huang2024gnns,
  title={GNNs as Adapters for LLMs on Text-Attributed Graphs},
  author={Huang, Xuanwen and Han, Kaiqiao and Yang, Yang and Bao, Dezheng and Tao, Quanjin and Chai, Ziwei and Zhu, Qi},
  booktitle={Proceedings of the Web Conference},
  year={2024}
}

@inproceedings{ji2023community,
  title={Community-based dynamic graph learning for popularity prediction},
  author={Ji, Shuo and Lu, Xiaodong and Liu, Mingzhe and Sun, Leilei and Liu, Chuanren and Du, Bowen and Xiong, Hui},
  booktitle={Proceedings of the ACM SIGKDD Conference on Knowledge Discovery and Data Mining},
  pages={930--940},
  year={2023}
}

@inproceedings{kumar2019predicting,
  title={Predicting dynamic embedding trajectory in temporal interaction networks},
  author={Kumar, Srijan and Zhang, Xikun and Leskovec, Jure},
  booktitle={Proceedings of the ACM SIGKDD international conference on knowledge discovery \& data mining},
  pages={1269--1278},
  year={2019}
}

@inproceedings{luo2022neighborhood,
  title={Neighborhood-aware scalable temporal network representation learning},
  author={Luo, Yuhong and Li, Pan},
  booktitle={Learning on Graphs Conference},
  pages={1--1},
  year={2022},
  organization={PMLR}
}

@inproceedings{ma2024temporal,
  title={Temporal Conformity-aware Hawkes Graph Network for Recommendations},
  author={Ma, Chenglong and Ren, Yongli and Castells, Pablo and Sanderson, Mark},
  booktitle={Proceedings of the ACM on Web Conference},
  pages={3185--3194},
  year={2024}
}

@inproceedings{pan2024distilling,
  title={Distilling large language models for text-attributed graph learning},
  author={Pan, Bo and Zhang, Zheng and Zhang, Yifei and Hu, Yuntong and Zhao, Liang},
  booktitle={Proceedings of the ACM International Conference on Information and Knowledge Management},
  pages={1836--1845},
  year={2024}
}

@article{souza2022provably,
  title={Provably expressive temporal graph networks},
  author={Souza, Amauri and Mesquita, Diego and Kaski, Samuel and Garg, Vikas},
  journal={Advances in neural information processing systems},
  volume={35},
  pages={32257--32269},
  year={2022}
}

@inproceedings{tang2024graphgpt,
  title={Graphgpt: Graph instruction tuning for large language models},
  author={Tang, Jiabin and Yang, Yuhao and Wei, Wei and Shi, Lei and Su, Lixin and Cheng, Suqi and Yin, Dawei and Huang, Chao},
  booktitle={Proceedings of the International ACM SIGIR Conference on Research and Development in Information Retrieval},
  pages={491--500},
  year={2024}
}

@article{tgn,
  title={Temporal graph networks for deep learning on dynamic graphs},
  author={Rossi, Emanuele and Chamberlain, Ben and Frasca, Fabrizio and Eynard, Davide and Monti, Federico and Bronstein, Michael},
  journal={arXiv preprint arXiv:2006.10637},
  year={2020}
}

@inproceedings{tian2024graph,
  title={Graph neural prompting with large language models},
  author={Tian, Yijun and Song, Huan and Wang, Zichen and Wang, Haozhu and Hu, Ziqing and Wang, Fang and Chawla, Nitesh V and Xu, Panpan},
  booktitle={Proceedings of the AAAI Conference on Artificial Intelligence},
  volume={38},
  number={17},
  pages={19080--19088},
  year={2024}
}

@inproceedings{tian2024latent,
  title={Latent Diffusion-based Data Augmentation for Continuous-Time Dynamic Graph Model},
  author={Tian, Yuxing and Jiang, Aiwen and Huang, Qi and Guo, Jian and Qi, Yiyan},
  booktitle={Proceedings of the ACM SIGKDD Conference on Knowledge Discovery and Data Mining},
  pages={2900--2911},
  year={2024}
}

@inproceedings{trivedi2019dyrep,
  title={Dyrep: Learning representations over dynamic graphs},
  author={Trivedi, Rakshit and Farajtabar, Mehrdad and Biswal, Prasenjeet and Zha, Hongyuan},
  booktitle={Proceedings of the International conference on learning representations},
  year={2019}
}

@inproceedings{wang2021inductive,
  title={Inductive Representation Learning in Temporal Networks via Causal Anonymous Walks},
  author={Wang, Yanbang and Chang, Yen-Yu and Liu, Yunyu and Leskovec, Jure and Li, Pan},
  booktitle={Proceedings of the International Conference on Learning Representations},
  year={2021}
}

@inproceedings{wen2022trend,
  title={Trend: Temporal event and node dynamics for graph representation learning},
  author={Wen, Zhihao and Fang, Yuan},
  booktitle={Proceedings of the ACM Web Conference},
  pages={1159--1169},
  year={2022}
}

@inproceedings{wu2024feasibility,
  title={On the Feasibility of Simple Transformer for Dynamic Graph Modeling},
  author={Wu, Yuxia and Fang, Yuan and Liao, Lizi},
  booktitle={Proceedings of the ACM on Web Conference},
  pages={870--880},
  year={2024}
}

@article{xu2020inductive,
  title={Inductive representation learning on temporal graphs},
  author={Xu, Da and Ruan, Chuanwei and Korpeoglu, Evren and Kumar, Sushant and Achan, Kannan},
  journal={arXiv preprint arXiv:2002.07962},
  year={2020}
}

@article{xu2024scalable,
  title={Scalable and Effective Temporal Graph Representation Learning With Hyperbolic Geometry},
  author={Xu, Yuanyuan and Zhang, Wenjie and Xu, Xiwei and Li, Binghao and Zhang, Ying},
  journal={IEEE Transactions on Neural Networks and Learning Systems},
  year={2024},
  publisher={IEEE}
}

@article{yan2023comprehensive,
  title={A comprehensive study on text-attributed graphs: Benchmarking and rethinking},
  author={Yan, Hao and Li, Chaozhuo and Long, Ruosong and Yan, Chao and Zhao, Jianan and Zhuang, Wenwen and Yin, Jun and Zhang, Peiyan and Han, Weihao and Sun, Hao and others},
  journal={Advances in Neural Information Processing Systems},
  volume={36},
  pages={17238--17264},
  year={2023}
}

@article{yu2023towards,
  title={Towards better dynamic graph learning: New architecture and unified library},
  author={Yu, Le and Sun, Leilei and Du, Bowen and Lv, Weifeng},
  journal={Advances in Neural Information Processing Systems},
  volume={36},
  pages={67686--67700},
  year={2023}
}

@inproceedings{zhang2024dtgb,
title={{DTGB}: A Comprehensive Benchmark for Dynamic Text-Attributed Graphs},
author={Jiasheng Zhang and Jialin Chen and Menglin Yang and Aosong Feng and Shuang Liang and Jie Shao and Rex Ying},
booktitle={Advances in Neural Information Processing Systems},
year={2024}
}

@inproceedings{zhang2024towards,
  title={Towards adaptive neighborhood for advancing temporal interaction graph modeling},
  author={Zhang, Siwei and Chen, Xi and Xiong, Yun and Wu, Xixi and Zhang, Yao and Fu, Yongrui and Zhao, Yinglong and Zhang, Jiawei},
  booktitle={Proceedings of the ACM SIGKDD Conference on Knowledge Discovery and Data Mining},
  pages={4290--4301},
  year={2024}
}

@article{zhao2023graphtext,
  title={Graphtext: Graph reasoning in text space},
  author={Zhao, Jianan and Zhuo, Le and Shen, Yikang and Qu, Meng and Liu, Kai and Bronstein, Michael and Zhu, Zhaocheng and Tang, Jian},
  journal={arXiv preprint arXiv:2310.01089},
  year={2023}
}

@inproceedings{zhu2024topology,
  title={Topology-monitorable Contrastive Learning on Dynamic Graphs},
  author={Zhu, Zulun and Wang, Kai and Liu, Haoyu and Li, Jintang and Luo, Siqiang},
  booktitle={Proceedings of the ACM SIGKDD Conference on Knowledge Discovery and Data Mining},
  pages={4700--4711},
  year={2024}
}

