% Use this file for citations not found in the ACL Anthology (contained in "anthology.bib").

@book{Aho:72,
    author  = {Alfred V. Aho and Jeffrey D. Ullman},
    title   = {The Theory of Parsing, Translation and Compiling},
    year    = "1972",
    volume  = "1",
    publisher = {Prentice-Hall},
    address = {Englewood Cliffs, NJ}
}

@book{APA:83,
    author  = {{American Psychological Association}},
    title   = {Publications Manual},
    year    = "1983",
    publisher = {American Psychological Association},
    address = {Washington, DC}
}

@article{Chandra:81,
	author = {Ashok K. Chandra and Dexter C. Kozen and Larry J. Stockmeyer},
	year = "1981",
	title = {Alternation},
	journal = {Journal of the Association for Computing Machinery},
	volume = "28",
	number = "1",
	pages = "114--133",
	doi = "10.1145/322234.322243",
}

@inproceedings{andrew2007scalable,
  title={Scalable training of {L1}-regularized log-linear models},
  author={Andrew, Galen and Gao, Jianfeng},
  booktitle={Proceedings of the 24th International Conference on Machine Learning},
  pages={33--40},
  year={2007},
}

@book{Gusfield:97,
    author  = {Dan Gusfield},
    title   = {Algorithms on Strings, Trees and Sequences},
    year    = "1997",
    publisher = {Cambridge University Press},
    address = {Cambridge, UK}
}

@article{rasooli-tetrault-2015,
    author    = {Mohammad Sadegh Rasooli and Joel R. Tetreault},
    title     = {Yara Parser: {A} Fast and Accurate Dependency Parser},
    journal   = {Computing Research Repository},
    volume    = {arXiv:1503.06733},
    year      = {2015},
    url       = {http://arxiv.org/abs/1503.06733},
    note    = {version 2}
}

@article{Ando2005,
	Acmid = {1194905},
	Author = {Ando, Rie Kubota and Zhang, Tong},
	Issn = {1532-4435},
	Issue_Date = {12/1/2005},
	Journal = {Journal of Machine Learning Research},
	Month = dec,
	Numpages = {37},
	Pages = {1817--1853},
	Publisher = {JMLR.org},
	Title = {A Framework for Learning Predictive Structures from Multiple Tasks and Unlabeled Data},
	Volume = {6},
	Year = {2005}
}

@article{girotra2023ideas,
  title={Ideas are dimes a dozen: Large language models for idea generation in innovation},
  author={Girotra, Karan and Meincke, Lennart and Terwiesch, Christian and Ulrich, Karl T},
  journal={Available at SSRN 4526071},
  year={2023}
}

@inproceedings{nam2024using,
  title={Using an llm to help with code understanding},
  author={Nam, Daye and Macvean, Andrew and Hellendoorn, Vincent and Vasilescu, Bogdan and Myers, Brad},
  booktitle={Proceedings of the IEEE/ACM 46th International Conference on Software Engineering},
  pages={1--13},
  year={2024}
}

@article{roziere2023code,
  title={Code llama: Open foundation models for code},
  author={Roziere, Baptiste and Gehring, Jonas and Gloeckle, Fabian and Sootla, Sten and Gat, Itai and Tan, Xiaoqing Ellen and Adi, Yossi and Liu, Jingyu and Sauvestre, Romain and Remez, Tal and others},
  journal={arXiv preprint arXiv:2308.12950},
  year={2023}
}

@article{shao2024deepseekmath,
  title={Deepseekmath: Pushing the limits of mathematical reasoning in open language models},
  author={Shao, Zhihong and Wang, Peiyi and Zhu, Qihao and Xu, Runxin and Song, Junxiao and Bi, Xiao and Zhang, Haowei and Zhang, Mingchuan and Li, YK and Wu, Y and others},
  journal={arXiv preprint arXiv:2402.03300},
  year={2024}
}

@inproceedings{carlini2019secret,
  title={The secret sharer: Evaluating and testing unintended memorization in neural networks},
  author={Carlini, Nicholas and Liu, Chang and Erlingsson, {\'U}lfar and Kos, Jernej and Song, Dawn},
  booktitle={28th USENIX security symposium (USENIX security 19)},
  pages={267--284},
  year={2019}
}

@inproceedings{fu2024membership,
  title={Membership Inference Attacks against Fine-tuned Large Language Models via Self-prompt Calibration},
  author={Fu, Wenjie and Wang, Huandong and Gao, Chen and Liu, Guanghua and Li, Yong and Jiang, Tao},
  booktitle={The Thirty-eighth Annual Conference on Neural Information Processing Systems},
  year={2024}
}

@inproceedings{mireshghallah2022quantifying,
  title={Quantifying Privacy Risks of Masked Language Models Using Membership Inference Attacks},
  author={Mireshghallah, Fatemehsadat and Goyal, Kartik and Uniyal, Archit and Berg-Kirkpatrick, Taylor and Shokri, Reza},
  booktitle={Proceedings of the 2022 Conference on Empirical Methods in Natural Language Processing},
  pages={8332--8347},
  year={2022}
}

@inproceedings{carlini2021extracting,
  title={Extracting training data from large language models},
  author={Carlini, Nicholas and Tramer, Florian and Wallace, Eric and Jagielski, Matthew and Herbert-Voss, Ariel and Lee, Katherine and Roberts, Adam and Brown, Tom and Song, Dawn and Erlingsson, Ulfar and others},
  booktitle={30th USENIX Security Symposium (USENIX Security 21)},
  pages={2633--2650},
  year={2021}
}

@inproceedings{mireshghallah2022empirical,
  title={An empirical analysis of memorization in fine-tuned autoregressive language models},
  author={Mireshghallah, Fatemehsadat and Uniyal, Archit and Wang, Tianhao and Evans, David K and Berg-Kirkpatrick, Taylor},
  booktitle={Proceedings of the 2022 Conference on Empirical Methods in Natural Language Processing},
  pages={1816--1826},
  year={2022}
}

@inproceedings{chen2024janus,
  title={The janus interface: How fine-tuning in large language models amplifies the privacy risks},
  author={Chen, Xiaoyi and Tang, Siyuan and Zhu, Rui and Yan, Shijun and Jin, Lei and Wang, Zihao and Su, Liya and Zhang, Zhikun and Wang, XiaoFeng and Tang, Haixu},
  booktitle={Proceedings of the 2024 on ACM SIGSAC Conference on Computer and Communications Security},
  pages={1285--1299},
  year={2024}
}

@article{inan2021training,
  title={Training data leakage analysis in language models},
  author={Inan, Huseyin A and Ramadan, Osman and Wutschitz, Lukas and Jones, Daniel and R{\"u}hle, Victor and Withers, James and Sim, Robert},
  journal={arXiv preprint arXiv:2101.05405},
  year={2021}
}

@inproceedings{lukas2023analyzing,
  title={Analyzing Leakage of Personally Identifiable Information in Language Models},
  author={Lukas, Nils and Salem, Ahmed and Sim, Robert and Tople, Shruti and Wutschitz, Lukas and Zanella-Beguelin, Santiago},
  booktitle={2023 IEEE Symposium on Security and Privacy (SP)},
  pages={346--363},
  year={2023},
  organization={IEEE Computer Society}
}

@misc{MsPresidio,
     AUTHOR = {Mendels, Omri and Peled, Coby and Vaisman Levy, Nava and Hart, Sharon and Rosenthal, Tomer and Lahiani, Limor and others},
     TITLE = {{Microsoft Presidio}: Context aware, pluggable and customizable PII anonymization service for text and images},
     YEAR = {2018},
     ORGANIZATION = {Microsoft},
     URL = {https://microsoft.github.io/presidio}
}

@misc{aws_comprehend,
  title = {Amazon Comprehend},
  author = {{Amazon Web Services, Inc.}},
  year = {2025},
  url = {https://aws.amazon.com/comprehend/},
  note = {Accessed: 2025-02-15}
}

@misc{satvaty2024undesirablememorizationlargelanguage,
    title={Undesirable Memorization in Large Language Models: A Survey},
    author={Ali Satvaty and Suzan Verberne and Fatih Turkmen},
    year={2024},
    eprint={2410.02650},
    archivePrefix={arXiv},
    primaryClass={cs.CL},
    url={https://arxiv.org/abs/2410.02650},
}

@misc{wang2024generalizationvsmemorizationtracing,
    title={Generalization v.s. Memorization: Tracing Language Models' Capabilities Back to Pretraining Data},
    author={Xinyi Wang and Antonis Antoniades and Yanai Elazar and Alfonso Amayuelas and Alon Albalak and Kexun Zhang and William Yang Wang},
    year={2024},
    eprint={2407.14985},
    archivePrefix={arXiv},
    primaryClass={cs.CL},
    url={https://arxiv.org/abs/2407.14985},
}

@misc{nguyen2024differentiallearningkineticsgovern,
    title={Differential learning kinetics govern the transition from memorization to generalization during in-context learning},
    author={Alex Nguyen and Gautam Reddy},
    year={2024},
    eprint={2412.00104},
    archivePrefix={arXiv},
    primaryClass={cs.LG},
    url={https://arxiv.org/abs/2412.00104},
}

@misc{carlini2023quantifyingmemorizationneurallanguage,
    title={Quantifying Memorization Across Neural Language Models},
    author={Nicholas Carlini and Daphne Ippolito and Matthew Jagielski and Katherine Lee and Florian Tramer and Chiyuan Zhang},
    year={2023},
    eprint={2202.07646},
    archivePrefix={arXiv},
    primaryClass={cs.LG},
    url={https://arxiv.org/abs/2202.07646},
}

@misc{zeng2024exploringmemorizationfinetunedlanguage,
    title={Exploring Memorization in Fine-tuned Language Models},
    author={Shenglai Zeng and Yaxin Li and Jie Ren and Yiding Liu and Han Xu and Pengfei He and Yue Xing and Shuaiqiang Wang and Jiliang Tang and Dawei Yin},
    year={2024},
    eprint={2310.06714},
    archivePrefix={arXiv},
    primaryClass={cs.AI},
    url={https://arxiv.org/abs/2310.06714},
}

@inproceedings{
yang2024memorization,
title={Memorization and Privacy Risks in Domain-Specific Large Language Models},
author={Xinyu Yang and Zichen Wen and Wenjie Qu and Zhaorun Chen and Zhiying Xiang and Beidi Chen and Huaxiu Yao},
booktitle={ICLR 2024 Workshop on Reliable and Responsible Foundation Models},
year={2024},
url={https://openreview.net/forum?id=KmW8WkCKRx}
}

@inproceedings {291327,
	author = {Liang Niu and Shujaat Mirza and Zayd Maradni and Christina P{\"o}pper},
	title = {{CodexLeaks}: Privacy Leaks from Code Generation Language Models in {GitHub} Copilot},
	booktitle = {32nd USENIX Security Symposium (USENIX Security 23)},
	year = {2023},
	isbn = {978-1-939133-37-3},
	address = {Anaheim, CA},
	pages = {2133--2150},
	url = {https://www.usenix.org/conference/usenixsecurity23/presentation/niu},
	publisher = {USENIX Association},
	month = aug
}


@misc{yu2023bagtrickstrainingdata,
	title={Bag of Tricks for Training Data Extraction from Language Models},
	author={Weichen Yu and Tianyu Pang and Qian Liu and Chao Du and Bingyi Kang and Yan Huang and Min Lin and Shuicheng Yan},
	year={2023},
	eprint={2302.04460},
	archivePrefix={arXiv},
	primaryClass={cs.CL},
	url={https://arxiv.org/abs/2302.04460},
}

@misc{zhang2023ethicisttargetedtrainingdata,
	title={Ethicist: Targeted Training Data Extraction Through Loss Smoothed Soft Prompting and Calibrated Confidence Estimation},
	author={Zhexin Zhang and Jiaxin Wen and Minlie Huang},
	year={2023},
	eprint={2307.04401},
	archivePrefix={arXiv},
		primaryClass={cs.CL},
	url={https://arxiv.org/abs/2307.04401},
}

@misc{patil2023sensitiveinformationdeletedllms,
	title={Can Sensitive Information Be Deleted From LLMs? Objectives for Defending Against Extraction Attacks},
	author={Vaidehi Patil and Peter Hase and Mohit Bansal},
	year={2023},
	eprint={2309.17410},
	archivePrefix={arXiv},
	primaryClass={cs.CL},
	url={https://arxiv.org/abs/2309.17410},
}

@inproceedings{
	nasr2025scalable,
	title={Scalable Extraction of Training Data from Aligned, Production Language Models},
	author={Milad Nasr and Javier Rando and Nicholas Carlini and Jonathan Hayase and Matthew Jagielski and A. Feder Cooper and Daphne Ippolito and Christopher A. Choquette-Choo and Florian Tram{\`e}r and Katherine Lee},
	booktitle={The Thirteenth International Conference on Learning Representations},
	year={2025},
	url={https://openreview.net/forum?id=vjel3nWP2a}
}

@inproceedings{Huang_2024,
   title={Transferable Embedding Inversion Attack: Uncovering Privacy Risks in Text Embeddings without Model Queries},
   url={http://dx.doi.org/10.18653/v1/2024.acl-long.230},
   DOI={10.18653/v1/2024.acl-long.230},
   booktitle={Proceedings of the 62nd Annual Meeting of the Association for Computational Linguistics (Volume 1: Long Papers)},
   publisher={Association for Computational Linguistics},
   author={Huang, Yu-Hsiang and Tsai, Yuche and Hsiao, Hsiang and Lin, Hong-Yi and Lin, Shou-De},
   year={2024},
   pages={4193–4205} 
}

@misc{feng2024privacybackdoorsstealingdata,
      title={Privacy Backdoors: Stealing Data with Corrupted Pretrained Models}, 
      author={Shanglun Feng and Florian Tramèr},
      year={2024},
      eprint={2404.00473},
      archivePrefix={arXiv},
      primaryClass={cs.CR},
      url={https://arxiv.org/abs/2404.00473}, 
}

@inproceedings{ye2022enhanced,
  title={Enhanced membership inference attacks against machine learning models},
  author={Ye, Jiayuan and Maddi, Aadyaa and Murakonda, Sasi Kumar and Bindschaedler, Vincent and Shokri, Reza},
  booktitle={Proceedings of the 2022 ACM SIGSAC Conference on Computer and Communications Security},
  pages={3093--3106},
  year={2022}
}

@inproceedings{poudyal2020echr,
  title={ECHR: Legal corpus for argument mining},
  author={Poudyal, Prakash and {\v{S}}avelka, Jarom{\'\i}r and Ieven, Aagje and Moens, Marie Francine and Goncalves, Teresa and Quaresma, Paulo},
  booktitle={Proceedings of the 7th Workshop on Argument Mining},
  pages={67--75},
  year={2020}
}

@inproceedings{klimt2004enron,
  title={The enron corpus: A new dataset for email classification research},
  author={Klimt, Bryan and Yang, Yiming},
  booktitle={European conference on machine learning},
  pages={217--226},
  year={2004},
  organization={Springer}
}

@inproceedings{
li2024the,
title={The Neur{IPS} 2024 {LLM} Privacy Challenge},
author={Qinbin Li and Junyuan Hong and Chulin Xie and Junyi Hou and Yiqun Diao and Zhun Wang and Dan Hendrycks and Zhangyang Wang and Bo Li and Bingsheng He and Dawn Song},
booktitle={NeurIPS 2024 Competition Track},
year={2024},
url={https://openreview.net/forum?id=2cRnDwpF6D}
}

@article{duan2024membership,
  title={Do membership inference attacks work on large language models?},
  author={Duan, Michael and Suri, Anshuman and Mireshghallah, Niloofar and Min, Sewon and Shi, Weijia and Zettlemoyer, Luke and Tsvetkov, Yulia and Choi, Yejin and Evans, David and Hajishirzi, Hannaneh},
  journal={arXiv preprint arXiv:2402.07841},
  year={2024}
}

@article{mattern2023membership,
  title={Membership inference attacks against language models via neighbourhood comparison},
  author={Mattern, Justus and Mireshghallah, Fatemehsadat and Jin, Zhijing and Sch{\"o}lkopf, Bernhard and Sachan, Mrinmaya and Berg-Kirkpatrick, Taylor},
  journal={arXiv preprint arXiv:2305.18462},
  year={2023}
}

@article{jelinek1977perplexity,
title={Perplexity—a measure of the difficulty of speech recognition tasks},
author={Jelinek, Fred and Mercer, Robert L and Bahl, Lalit R and Baker, James K},
journal={The Journal of the Acoustical Society of America},
volume={62},
number={S1},
pages={S63--S63},
year={1977},
publisher={Acoustical Society of America}
}

@misc{openrail-m,
  title        = {OpenRAIL-M License},
  author       = {BigCode},
  year         = {2022},
  url          = {https://www.bigcode-project.org/docs/pages/bigcode-openrail},
  note         = {Accessed: 2025-02-15}
}

@misc{apache2,
  title        = {Apache License, Version 2.0},
  author       = {{Apache}},
  year         = {2004},
  url          = {https://www.apache.org/licenses/LICENSE-2.0},
  note         = {Accessed: 2025-02-15}
}