@inproceedings{Chain-of-Note2023Yu,
	Author = {Wenhao Yu and Hongming Zhang and Xiaoman Pan and Kaixin Ma and Hongwei Wang and Dong Yu},
        Title = {Chain-of-Note: Enhancing Robustness in Retrieval-Augmented Language Models},
        booktitle = {Proceedings of EMNLP},
        url = {https://ArXiv.org/abs/2311.09210},
        pages = {14672--14685},
        Year = {2023a}
}

@article{CorrectiveRetrievalAugmentedGeneration2024Yuan,
	Author = {Shi-Qi Yan and Jia-Chen Gu and Yun Zhu and Zhen-Hua Ling},
        Title = {Corrective Retrieval Augmented Generation},
        Journal = {ArXiv preprint},
        volume = {abs/2401.15884},
        url = {https://ArXiv.org/abs/2401.15884},
        Year = {2024}
}

@inproceedings{EnablingLargeLanguageModelstoGenerateTextwithCitations2023GaoTianyu,
	Author = {Tianyu Gao and Howard Yen and Jiatong Yu and Danqi Chen},
        Title = {Enabling Large Language Models to Generate Text with Citations},
        booktitle = {Proceedings of EMNLP},
        pages = {6465--6488},
        url ={https://ArXiv.org/pdf/2305.14627},
        Year = {2023}
}

@inproceedings{M-Rewardbanch2024Gureja,
  title={M-rewardbench: Evaluating reward models in multilingual settings},
  author={Srishti Gureja and Lester James V. Miranda and Shayekh Bin Islam and Rishabh Maheshwary and Drishti Sharma and Gusti Winata and Nathan Lambert and Sebastian Ruder and Sara Hooker and Marzieh Fadaee},
  journal={ArXiv preprint},
  volume = {abs2410.15522/},
  url = {https://ArXiv.org/abs/2410.15522},
  year={2024}
}

@inproceedings{Privacyimplicationsofretrieval-basedlanguagemodels2023Huang,
  title={Privacy implications of retrieval-based language models},
  author={Yangsibo Huang and Samyak Gupta and Zexuan Zhong and Kai Li and Danqi Chen},
  booktitle={Proceedings of EMNLP},
  pages = {14887--14902},
  year={2023b}
}

@article{RAG-RewardBench2024Jin,
	Author = {Jin, Zhuoran and Yuan, Hongbang and Men, Tianyi and Cao, Pengfei and Chen, Yubo and Liu, Kang and Zhao, Jun},
        Title = {RAG-RewardBench: Benchmarking Reward Models in
Retrieval Augmented Generation for Preference Alignment},
        Journal = {ArXiv preprint},
        volume = {abs/2412.13746},
        url = {https://ArXiv.org/pdf/2412.13746},
        Year = {2024}
}

@article{RAGgedEdgesTheDouble-EdgedSwordofRetrieval-AugmentedChatbots2024Feldman,
	Author = {Philip Feldman and James R. Foulds and Shimei Pan},
        Title = {RAGged Edges: The Double-Edged Sword of Retrieval-Augmented Chatbots},
        journal = {ArXiv preprint},
        volume = {abs/2403.01193},
        url = {https://ArXiv.org/abs/2403.01193},
        Year = {2024}
}

@article{RALM2024Asai,
  title={Reliable, adaptable, and attributable language models with retrieval},
  author={Akari Asai and Zexuan Zhong and Danqi Chen and Pang Wei Koh and Luke Zettlemoyer and Hannaneh Hajishirzi and Wen-tau Yih},
  journal={ArXiv preprint},
  volume = {abs/2403.03187},
  url = {https://ArXiv.org/abs/2403.03187}, 
  year={2024}
}

@inproceedings{REALM2020Guu,
	Author = {Kelvin Guu and Kenton Lee and Zora Tung and Panupong Pasupat and Ming-Wei Chang},
        Title = {REALM: Retrieval-Augmented Language Model Pre-Training},
        booktitle = {Proceedings of ICML},
        pages = {3929--3938},
        url = {https://ArXiv.org/abs/2002.08909},
        Year = {2020}
}

@article{RECOMP2023Xu,
	Author = {Fangyuan Xu and Weijia Shi and Eunsol Choi},
        Title = {RECOMP: Improving Retrieval-Augmented LMs with Compression and Selective},
        Journal = {ArXiv preprint},
        volume = {abs/2310.04408},
        url = {https://ArXiv.org/abs/2310.04408},
        Year = {2023}
}

@inproceedings{RLinRAG2024Song,
  title={Measuring and enhancing trustworthiness of llms in RAG through grounded attributions and learning to refuse},
  author={Maojia Song and Shang Hong Sim and Rishabh Bhardwaj and Hai Leong Chieu and Navonil Majumder and Soujanya Poria},
  journal={ArXiv preprint},
  volume = {abs/2409.11242},
  url = {https://ArXiv.org/abs/2409.11242},
  year={2024}
}

@inproceedings{RM-bench2024Liu,
  title={Rm-bench: Benchmarking reward models of language models with subtlety and style},
  author={Yantao Liu and Zijun Yao and Rui Min and Yixin Cao and Lei Hou and Juanzi Li},
  journal={ArXiv preprint},
  volume = {abs/2410.16184},
  url = {https://ArXiv.org/abs/2410.16184},
  year={2024}
}

@inproceedings{RMB2024Vu,
  title={FreshLLMs: Refreshing Large Language Models with Search Engine Augmentation},
  author={Tu Vu and Mohit Iyye and Xuezhi Wang and Noah Constant and Jerry Wei and Jason Wei and Chris Tar},
  booktitle={Proceedings of ACL},
  pages = {13697--13720},
  year={2024}
}

@inproceedings{Radit2023Lin,
	Author = {Xi Victoria Lin and Xilun Chen and Mingda Chen and Weijia Shi and Maria Lomeli and Rich James and Pedro Rodriguez and Jacob Kahn and Gergely Szilvasy and Mike Lewis},
        Title = {Ra-dit: Retrieval-augmented dual instruction tuning},
        booktitle = {Proceedings of ICLR},
        url ={https://ArXiv.org/abs/2310.01352},
        Year = {2023}
}

@article{Rageval2024Zhu,
	Author = {Kunlun Zhu and Yifan Luo and Dingling Xu and Ruobing Wang and Shi Yu and Shuo Wang and Yukun Yan and Zhenghao Liu and Xu Han and Zhiyuan Liu and Maosong Sun},
        Title = {RAGEval: Scenario Specific RAG Evaluation Dataset Generation Framework},
        Journal = {ArXiv preprint},
        volume = {abs/2408.01262},
        url ={https://ArXiv.org/abs/2408.01262},
        Year = {2024}
}

@article{Ram2023Incontextlearning,
  title={In-context retrieval-augmented language models},
  author={Ori Ram and Yoav Levine and Itay Dalmedigos and Dor Muhlgay and Amnon Shashua and Kevin Leyton-Brown and and Yoav Shoham},
  journal={Transactions of the Association for Computational Linguistics},
  url = {https://ArXiv.org/abs/2302.00083},
  year={2023}
}

@inproceedings{Retrieval2020Lewis,
	Author = {Patrick S. H. Lewis and Ethan Perez and Aleksandra Piktus and Fabio Petroni and Vladimir Karpukhin and Naman Goyal and Heinrich Küttler and Mike Lewis and Wen-tau Yih and Tim Rocktäschel and Sebastian Riedel and Douwe Kiela},
        Title = {Retrieval-augmented generation for knowledge-intensive NLP tasks},
        booktitle = {Proceedings of NeurIPS},
        pages = {9459--9474},
        url = {https://ArXiv.org/abs/2005.11401},
        Year = {2020}
}

@article{Retrieval2023Gao,
	Author = {Yunfan Gao and Yun Xiong and Xinyu Gao and Kangxiang Jia and Jinliu Pan and Yuxi Bi and Yi Dai and Jiawei Sun and Meng Wang and Haofen Wang},
        Title = {Retrieval-Augmented Generation for Large Language Models: A Survey},
        journal = {ArXiv preprint},
        volume = {abs/2312.10997},
        url = {https://ArXiv.org/abs/2312.10997},
        Year = {2023}
}

@inproceedings{RetrievalAugmentationReducesHallucinationinConversation2021Shuster,
	Author = {Kurt Shuster and Spencer Pof and Moya Chen and Douwe Kiela and Jason Weston},
        Title = {Retrieval Augmentation Reduces Hallucination in Conversation},
        url = {https://ArXiv.org/abs/2104.07567},
        booktitle = {In Proceedings of EMNLP Findings},
        Year = {2021}
}

@inproceedings{Rewardbanch2024Lambert,
  title={RewardBench: Evaluating Reward Models for Language Modeling},
  author={Nathan Lambert and Valentina Pyatkin and Jacob Morrison and LJ Miranda and Bill Yuchen Lin and Khyathi Chandu and Nouha Dziri and Sachin Kumar and Tom Zick and Yejin Choi and Noah A. Smith and Hannaneh Hajishirzi},
  journal={ArXiv preprint},
  volume = {abs/2403.13787},
  url = {https://ArXiv.org/abs/2403.13787},
  year={2024}
}

@inproceedings{Shao2023Enhancing-RAG-with-IRG-Synergy,
  title={Enhancing Retrieval-Augmented Large Language Models with Iterative Retrieval-Generation Synergy},
  author={Zhihong Shao and Yeyun Gong and Yelong Shen and Minlie Huang and Nan Duan and Weizhu Chen},
  booktitle={Proceedings of EMNLP},
  pages = {9248--9274},
  year={2023}
}

@article{SurveyonLLM-as-a-Judge2024Gu,
	Author = {Jiawei Gu and Xuhui Jiang and Zhichao Shi and Hexiang Tan},
        Title = {A Survey on LLM-as-a-Judge},
        Journal = {ArXiv preprint},
        volume = {abs/2411.15594},
        url = {https://ArXiv.org/abs/2411.15594},
        Year = {2024}
}

@article{adlakha2023evaluating,
  title={Evaluating correctness and faithfulness of instruction-following models for question answering},
  author={Adlakha, Vaibhav and BehnamGhader, Parishad and Lu, Xing Han and Meade, Nicholas and Reddy, Siva},
  journal={ArXiv preprint},
  volume = {abs/2307.16877},
  url = {https://ArXiv.org/abs/2307.16877},
  year={2023}
}

@inproceedings{an2023eval,
  title={L-eval: Instituting standardized evaluation for long context language models},
  author={An, Chenxin and Gong, Shansan and Zhong, Ming and Zhao, Xingjian and Li, Mukai and Zhang, Jun and Kong, Lingpeng and Qiu, Xipeng},
  booktitle={Proceedings of ACL},
  url = {https://ArXiv.org/abs/2307.11088},
  pages = {14388--14411},
  year={2023}
}

@inproceedings{cai2019skeleton,
 author = {Cai, Deng  and
Wang, Yan  and
Bi, Wei  and
Tu, Zhaopeng  and
Liu, Xiaojiang  and
Lam, Wai  and
Shi, Shuming},
 booktitle = {Proceedings of NAACL-HLT},
 pages = {1219--1228},
 title = {Skeleton-to-Response: Dialogue Generation Guided by Retrieval Memory},
 url = {https://aclanthology.org/N19-1124},
 year = {2019}
}

@inproceedings{chanchateval,
  title={ChatEval: Towards Better LLM-based Evaluators through Multi-Agent Debate},
  author={Chan, Chi-Min and Chen, Weize and Su, Yusheng and Yu, Jianxuan and Xue, Wei and Zhang, Shanghang and Fu, Jie and Liu, Zhiyuan},
  booktitle={Proceedings of ICLR},
  url = {https://ArXiv.org/abs/2308.07201},
  year={2023}
}

@article{chen2023huatuogpt,
  title={Huatuogpt-ii, one-stage training for medical adaption of llms},
  author={Chen, Junying and Wang, Xidong and Ji, Ke and Gao, Anningzhe and Jiang, Feng and Chen, Shunian and Zhang, Hongbo and Song, Dingjie and Xie, Wenya and Kong, Chuyi and others},
  journal={ArXiv preprint},
  url = {https://arxiv.org/abs/2311.09774},
  volume = {abs/2311.09774},
  year={2023}
}

@inproceedings{chen2023teaching,
  title={Teaching Large Language Models to Self-Debug},
  author={Chen, Xinyun and Lin, Maxwell and Schaerli, Nathanael and Zhou, Denny},
  booktitle={Proceedings of ICLR},
  url = {https://ArXiv.org/abs/2304.05128},
  year={2023}
}

@inproceedings{chen2024humans,
  title={Humans or llms as the judge? a study on judgement biases},
  author={Chen, Guiming Hardy and Chen, Shunian and Liu, Ziche and Jiang, Feng and Wang, Benyou},
  booktitle={Proceedings of EMNLP},
  pages = {8301--8327},
  url = {https://aclanthology.org/2024.emnlp-main.474/},
  year={2024}
}

@inproceedings{chiang2023can,
  title={Can Large Language Models Be an Alternative to Human Evaluations?},
  author={Chiang, Cheng-Han and Lee, Hung-Yi},
  booktitle={Proceedings of ACL},
  url = {https://ArXiv.org/abs/2305.01937},
  pages={15607--15631},
  year={2023}
}

@inproceedings{chiang2023closer,
  title={A closer look into automatic evaluation using large language models},
  author={Chiang, Cheng-Han and Lee, Hung-yi},
  booktitle = {Proceedings of EMNLP Findings},
  pages = {8928--8942},
  url = {https://ArXiv.org/abs/2310.05657},
  year={2023}
}

@article{christiano2023deep,
  title={Deep Reinforcement Learning from Human Preferences},
  author={Christiano, Paul F and Leike, Jan and Brown, Tom B and Martic, Miljan and Legg, Shane and Amodei, Dario},
  journal={Advances in neural information processing systems},
  pages={17},
  year={2023}
}

@article{friel2024ragbench,
  title={Ragbench: Explainable benchmark for retrieval-augmented generation systems},
  author={Friel, Robert and Belyi, Masha and Sanyal, Atindriyo},
  journal={ArXiv preprint},
  volume = {abs/2407.11005},
  url = {https://ArXiv.org/abs/2407.11005},
  year={2024}
}

@article{hu2024llm,
  title={Are LLM-based Evaluators Confusing NLG Quality Criteria?},
  author={Hu, Xinyu and Gao, Mingqi and Hu, Sen and Zhang, Yang and Chen, Yicheng and Xu, Teng and Wan, Xiaojun},
  journal={ArXiv preprint},
  volume = {abs/2402.12055},
  year={2024}
}

@article{jacovi2025facts,
  title={The FACTS Grounding Leaderboard: Benchmarking LLMs' Ability to Ground Responses to Long-Form Input},
  author={Jacovi, Alon and Wang, Andrew and Alberti, Chris and Tao, Connie and Lipovetz, Jon and Olszewska, Kate and Haas, Lukas and Liu, Michelle and Keating, Nate and Bloniarz, Adam and others},
  journal={ArXiv preprint},
  volume = {abs/2501.03200},
  url = {https://ArXiv.org/abs/2501.03200},
  year={2025}
}

@article{jin2024rag,
  title={RAG-RewardBench: Benchmarking Reward Models in Retrieval Augmented Generation for Preference Alignment},
  author={Jin, Zhuoran and Yuan, Hongbang and Men, Tianyi and Cao, Pengfei and Chen, Yubo and Liu, Kang and Zhao, Jun},
  journal={ArXiv preprint},
  volume = {abs/2412.13746},
  url = {https://ArXiv.org/abs/2412.13746},
  year={2024}
}

@article{li2024llms,
  title={LLMs-as-Judges: A Comprehensive Survey on LLM-based Evaluation Methods},
  author={Li, Haitao and Dong, Qian and Chen, Junjie and Su, Huixue and Zhou, Yujia and Ai, Qingyao and Ye, Ziyi and Liu, Yiqun},
  journal={ArXiv preprint},
  volume = {abs/2412.05579},
  url = {https://ArXiv.org/abs/2412.05579},
  year={2024}
}

@article{li2024salad,
  title={Salad-bench: A hierarchical and comprehensive safety benchmark for large language models},
  author={Li, Lijun and Dong, Bowen and Wang, Ruohui and Hu, Xuhao and Zuo, Wangmeng and Lin, Dahua and Qiao, Yu and Shao, Jing},
  journal={ArXiv preprint},
  volume = {abs/2402.05044},
  year={2024}
}

@article{li2025building,
  title={Building A Coding Assistant via the Retrieval-Augmented Language Model},
  author={Li, Xinze and Wang, Hanbin and Liu, Zhenghao and Yu, Shi and Wang, Shuo and Yan, Yukun and Fu, Yukai and Gu, Yu and Yu, Ge},
  journal={ACM Transactions on Information Systems},
  url = {https://ArXiv.org/abs/2410.16229},
  pages={1--25},
  year={2025},
  publisher={ACM New York, NY}
}

@inproceedings{lin2004rouge,
  title={Rouge: A package for automatic evaluation of summaries},
  author={Lin, Chin-Yew},
  booktitle={Text summarization branches out},
  pages={74--81},
  year={2004}
}

@inproceedings{liu2024aligning,
  title={Aligning with human judgement: The role of pairwise preference in large language model evaluators},
  author={Liu, Yinhong and Zhou, Han and Guo, Zhijiang and Shareghi, Ehsan and Vuli{\'c}, Ivan and Korhonen, Anna and Collier, Nigel},
  booktitle={Proceedings of COLM},
  url = {https://ArXiv.org/abs/2403.16950},
  year={2024}
}

@article{liu2024hd,
  title={HD-Eval: Aligning Large Language Model Evaluators Through Hierarchical Criteria Decomposition},
  author={Liu, Yuxuan and Yang, Tianchi and Huang, Shaohan and Zhang, Zihan and Huang, Haizhen and Wei, Furu and Deng, Weiwei and Sun, Feng and Zhang, Qi},
  journal={ArXiv preprint},
  volume = {abs/2402.15754},
  year={2024}
}

@inproceedings{min2023factscore,
  title={FActScore: Fine-grained Atomic Evaluation of Factual Precision in Long Form Text Generation},
  author={Min, Sewon and Krishna, Kalpesh and Lyu, Xinxi and Lewis, Mike and Yih, Wen-tau and Koh, Pang Wei and Iyyer, Mohit and Zettlemoyer, Luke and Hajishirzi, Hannaneh},
  booktitle={Proceedings of EMNLP},
  year={2023}
}

@article{openai2023gpt,
 author = {OpenAI, R},
 journal = {ArXiv preprint}, 
 volume = {abs/2303.08774},
 title = {GPT-4 technical report},
 year = {2023},
 url = {https://doi.org/10.48550/ArXiv.2303.08774}
}

@inproceedings{ouyang2022training,
  title={Training language models to follow instructions with human feedback},
  author={Ouyang, Long and Wu, Jeffrey and Jiang, Xu and Almeida, Diogo and Wainwright, Carroll and Mishkin, Pamela and Zhang, Chong and Agarwal, Sandhini and Slama, Katarina and Ray, Alex and others},
  booktitle={Proceedings of NeurIPS},
  volume={35},
  pages={27730--27744},
  year={2022}
}

@article{rag-ddr2024Li,
	Author = {Li, Xinze and Mei, Sen and Liu, Zhenghao and Yan, Yukun and Wang, Shuo and Yu, Shi and Zeng, Zheni and Chen, Hao and Yu, Ge and Liu, Zhiyuan},
        Title = {RAG-DDR: Optimizing Retrieval-Augmented Generation Using Differentiable Data Rewards},
        Journal = {ArXiv preprint},
        volume = {abs/2410.13509},
        url = {https://ArXiv.org/abs/2410.13509},
        Year = {2024}
}

@inproceedings{saad2024ares,
  title={ARES: An Automated Evaluation Framework for Retrieval-Augmented Generation Systems},
  author={Saad-Falcon, Jon and Khattab, Omar and Potts, Christopher and Zaharia, Matei},
  booktitle={Proceedings of NAACL},
  url = {https://ArXiv.org/abs/2311.09476},
  pages={338--354},
  year={2024}
}

@inproceedings{sottana2023evaluation,
  title={Evaluation Metrics in the Era of GPT-4: Reliably Evaluating Large Language Models on Sequence to Sequence Tasks},
  author={Sottana, Andrea and Liang, Bin and Zou, Kai and Yuan, Zheng},
  booktitle={Proceedings of EMNLP},
  url = {https://ArXiv.org/abs/2310.13800},
  pages = {8776--8788},
  year={2023}
}

@inproceedings{trivedi2023interleaving,
 author = {Trivedi, Harsh and Balasubramanian, Niranjan and Khot, Tushar and Sabharwal, Ashish},
 booktitle = {Proceedings of ACL},
 pages = {10014--10037},
 title = {Interleaving Retrieval with Chain-of-Thought Reasoning for Knowledge-Intensive Multi-Step Questions},
url = {https://aclanthology.org/2023.acl-long.557.pdf},
 year = {2023}
}

@inproceedings{trung2024reft,
  title={Reft: Reasoning with reinforced fine-tuning},
  author={Trung, Luong and Zhang, Xinbo and Jie, Zhanming and Sun, Peng and Jin, Xiaoran and Li, Hang},
  booktitle={Proceedings of ACL},
  pages={7601--7614},
  volume = {1},
  year={2024}
}

@inproceedings{van2024field,
  title={A field guide to automatic evaluation of llm-generated summaries},
  author={van Schaik, Tempest A and Pugh, Brittany},
  booktitle={Proceedings of the 47th International ACM SIGIR Conference on Research and Development in Information Retrieval},
  pages={2832--2836},
  year={2024}
}

@inproceedings{wangpandalm,
  title={PandaLM: An Automatic Evaluation Benchmark for LLM Instruction Tuning Optimization},
  author={Wang, Yidong and Yu, Zhuohao and Yao, Wenjin and Zeng, Zhengran and Yang, Linyi and Wang, Cunxiang and Chen, Hao and Jiang, Chaoya and Xie, Rui and Wang, Jindong and others},
  booktitle={Proceedings of ICLR},
  url = {https://ArXiv.org/abs/2306.05087},
  year={2023}
}

@article{yuan2024self,
  title={Self-rewarding language models},
  author={Yuan, Weizhe and Pang, Richard Yuanzhe and Cho, Kyunghyun and Sukhbaatar, Sainbayar and Xu, Jing and Weston, Jason},
  journal={ArXiv preprint},
  volume = {abs/2401.10020},
  year={2024}
}

@article{zhang2025rag,
  title={RAG-Reward: Optimizing RAG with Reward Modeling and RLHF},
  author={Zhang, Hanning and Song, Juntong and Zhu, Juno and Wu, Yuanhao and Zhang, Tong and Niu, Cheng},
  journal={ArXiv preprint},
  volume = {abs/2501.13264},
  url = {https://ArXiv.org/abs/2501.13264},
  year={2025}
}

@inproceedings{zhang24generative,
  title={Generative Verifiers: Reward Modeling as Next-Token Prediction},
  author={Zhang, Lunjun and Hosseini, Arian and Bansal, Hritik and Kazemi, Mehran and Kumar, Aviral and Agarwal, Rishabh},
  booktitle={The 4th Workshop on Mathematical Reasoning and AI at NeurIPS'24},
  year = {2024},
}

@inproceedings{zheng2023judging,
  title={Judging LLM-as-a-judge with MT-bench and Chatbot Arena},
  author={Zheng, Lianmin and Chiang, Wei-Lin and Sheng, Ying and Zhuang, Siyuan and Wu, Zhanghao and Zhuang, Yonghao and Lin, Zi and Li, Zhuohan and Li, Dacheng and Xing, Eric P and others},
  booktitle={Proceedings of NeurIPS},
  url = {https://ArXiv.org/abs/2306.05685},
  pages={46595--46623},
  year={2023}
}

@inproceedings{zhou2020learning,
  title={Learning to compare for better training and evaluation of open domain natural language generation models},
  author={Zhou, Wangchunshu and Xu, Ke},
  booktitle={Proceedings of AAAI Conference on Artificial Intelligence},
  pages={9717--9724},
  year={2020}
}

@inproceedings{zhou2023survival,
  title={Survival of the Most Influential Prompts: Efficient Black-Box Prompt Search via Clustering and Pruning},
  author={Zhou, Han and Wan, Xingchen and Vuli{\'c}, Ivan and Korhonen, Anna},
  booktitle={Proceedings of EMNLP Findings},
  url = {https://ArXiv.org/abs/2310.12774},
  pages = {13064--13077},
  year={2023}
}

