% Use this file for citations not found in ACL Anthology (contained in "anthology.bib").

@article{Hallucinationsurvey2023JiZiwei,
	Author = {Ziwei Ji and Nayeon Lee and Rita Frieske},
        Title = {Survey of Hallucination in Natural Language Generation}, 
        journal = {ACM Computing Surveys},
        pages = {1--38},
        URL= {https://ArXiv.org/abs/2202.03629},
	Year = {2023}
}
@inproceedings{Retrieval2020Lewis,
	Author = {Patrick S. H. Lewis and Ethan Perez and Aleksandra Piktus and Fabio Petroni and Vladimir Karpukhin and Naman Goyal and Heinrich Küttler and Mike Lewis and Wen-tau Yih and Tim Rocktäschel and Sebastian Riedel and Douwe Kiela},
        Title = {Retrieval-augmented generation for knowledge-intensive NLP tasks},
        booktitle = {Proceedings of NeurIPS},
        pages = {9459--9474},
        url = {https://ArXiv.org/abs/2005.11401},
        Year = {2020}
}
@article{Retrieval2023Gao,
	Author = {Yunfan Gao and Yun Xiong and Xinyu Gao and Kangxiang Jia and Jinliu Pan and Yuxi Bi and Yi Dai and Jiawei Sun and Meng Wang and Haofen Wang},
        Title = {Retrieval-Augmented Generation for Large Language Models: A Survey},
        journal = {ArXiv preprint},
        volume = {abs/2312.10997},
        url = {https://ArXiv.org/abs/2312.10997},
        Year = {2023}
}
@inproceedings{REALM2020Guu,
	Author = {Kelvin Guu and Kenton Lee and Zora Tung and Panupong Pasupat and Ming-Wei Chang},
        Title = {REALM: Retrieval-Augmented Language Model Pre-Training},
        booktitle = {Proceedings of ICML},
        pages = {3929--3938},
        url = {https://ArXiv.org/abs/2002.08909},
        Year = {2020}
}
@article{RAG-RewardBench2024Jin,
	Author = {Jin, Zhuoran and Yuan, Hongbang and Men, Tianyi and Cao, Pengfei and Chen, Yubo and Liu, Kang and Zhao, Jun},
        Title = {RAG-RewardBench: Benchmarking Reward Models in
Retrieval Augmented Generation for Preference Alignment},
        Journal = {ArXiv preprint},
        volume = {abs/2412.13746},
        url = {https://ArXiv.org/pdf/2412.13746},
        Year = {2024}
}
@article{textsummary2024Chaudhary,
	Author = {Manav Chaudhary and Harshit Gupta and Savita Bhat and Vasudeva Varma},
        Title = {Towards Understanding the Robustness of LLM-based Evaluations under
Perturbations},
        Journal = {ArXiv preprint},
        volume = {abs/2412.09269},
        url = {https://ArXiv.org/pdf/2412.09269},
        Year = {2024}
}
@article{translation2024Hu,
	Author = {Jia Cheng Hu and Roberto Cavicchioli and Alessandro Capotondi},
        Title = {Bidirectional Awareness Induction in Autoregressive Seq2Seq Models},
        Journal = {ArXiv preprint},
        volume = {abs/2408.13959},
        url = {https://ArXiv.org/abs/2408.13959},
        Year = {2024}
}
@inproceedings{BetterSummarization2015Ng,
	Author = {Jun-Ping Ng},
        Title = {Better Summarization Evaluation with Word Embeddings for ROUGE},
        booktitle = {Proceedings of ACL},
        pages = {1925--1930},
        url = {https://ArXiv.org/abs/1508.06034},
        Year = {2015}
}
@article{SurveyonLLM-as-a-Judge2024Gu,
	Author = {Jiawei Gu and Xuhui Jiang and Zhichao Shi and Hexiang Tan},
        Title = {A Survey on LLM-as-a-Judge},
        Journal = {ArXiv preprint},
        volume = {abs/2411.15594},
        url = {https://ArXiv.org/abs/2411.15594},
        Year = {2024}
}
@article{FromGenerationtoJudgment2024Li,
	Author = {Dawei Li and Bohan Jiang and Liangjie Huang},
        Title = {From Generation to Judgment: Opportunities and Challenges of LLM-as-a-judge},
        Journal = {ArXiv preprint},
        volume = {abs/2411.16594},
        url = {https://ArXiv.org/abs/2411.16594},
        Year = {2024}
}

@inproceedings{RLAIF2023Lee,
	Author = {Harrison Lee and Samrat Phatale and Hassan Mansoor and Thomas Mesnard},
        Title = {RLAIF vs. RLHF: Scaling Reinforcement Learning from Human Feedback with AI Feedback},
        booktitle = {Proceedings of ICML},
        url = {https://ArXiv.org/pdf/2309.00267},
        Year = {2023}
}
@article{ppo2017Schulman,
	Author = {John Schulman and Filip Wolski and Prafulla Dhariwal and Alec Radford and Oleg Klimov},
        Title = {Proximal Policy Optimization Algorithms},
        Journal = {ArXiv preprint},
        volume = {abs/1707.06347},
        url = {https://ArXiv.org/abs/1707.06347},
        Year = {2017}
}
@article{rag-ddr2024Li,
	Author = {Li, Xinze and Mei, Sen and Liu, Zhenghao and Yan, Yukun and Wang, Shuo and Yu, Shi and Zeng, Zheni and Chen, Hao and Yu, Ge and Liu, Zhiyuan},
        Title = {RAG-DDR: Optimizing Retrieval-Augmented Generation Using Differentiable Data Rewards},
        Journal = {ArXiv preprint},
        volume = {abs/2410.13509},
        url = {https://ArXiv.org/abs/2410.13509},
        Year = {2024}
}
@inproceedings{open-domain-qa2023Trivedi,
	Author = {Harsh Trivedi and Niranjan Balasubramanian and Tushar Khot},
        Title = {Interleaving re-trieval with chain-of-thought reasoning for knowledge-intensive multi-step questions},
        booktitle = {Proceedings of ACL},
        url = {https://aclanthology.org/2023.acl-long},
        pages = {10014--10037},
        Year = {2023}
}
@inproceedings{code_generation2021Parvez,
	Author = {Md. Rizwan Parvez and Wasi Uddin Ahmad and Saikat Chakraborty and Baishakhi Ray},
        Title = {Retrieval Augmented Code Generation and Summarization},
        booktitle = {Proceedings of EMNLP Findings},
        url = {https://ArXiv.org/abs/2108.11601},
        Year = {2021}
}
@article{dialogue2019Cai,
	Author = {Deng Cai and Yan Wang and Wei Bi and Zhaopeng Tu},
        Title = {Skeleton-to-Response: Dialogue Generation Guided by Retrieval Memory},
        Journal = {ArXiv preprint},
        volime = {abs/1809.05296},
        url= {https://ArXiv.org/abs/1809.05296},
        Year = {2019}
}
}
@article{RECOMP2023Xu,
	Author = {Fangyuan Xu and Weijia Shi and Eunsol Choi},
        Title = {RECOMP: Improving Retrieval-Augmented LMs with Compression and Selective},
        Journal = {ArXiv preprint},
        volume = {abs/2310.04408},
        url = {https://ArXiv.org/abs/2310.04408},
        Year = {2023}
}
@inproceedings{dense_and_sparse2021Luan,
	Author = {Yi Luan and Jacob Eisenstein and Kristina Toutanova and Michael Collins},
        Title = {Sparse, Dense, and Attentional Representations for Text Retrieval},
        booktitle = {Transactions of the Association for Computational Linguistics},
        pages = {329--345},
        url = {https://ArXiv.org/abs/2005.00181},
        Year = {2021}
}
@article{RAGgedEdgesTheDouble-EdgedSwordofRetrieval-AugmentedChatbots2024Feldman,
	Author = {Philip Feldman and James R. Foulds and Shimei Pan},
        Title = {RAGged Edges: The Double-Edged Sword of Retrieval-Augmented Chatbots},
        journal = {ArXiv preprint},
        volume = {abs/2403.01193},
        url = {https://ArXiv.org/abs/2403.01193},
        Year = {2024}
}
@inproceedings{RetrievalAugmentationReducesHallucinationinConversation2021Shuster,
	Author = {Kurt Shuster and Spencer Pof and Moya Chen and Douwe Kiela and Jason Weston},
        Title = {Retrieval Augmentation Reduces Hallucination in Conversation},
        url = {https://ArXiv.org/abs/2104.07567},
        booktitle = {In Proceedings of EMNLP Findings},
        Year = {2021}
}
@article{CorrectiveRetrievalAugmentedGeneration2024Yuan,
	Author = {Shi-Qi Yan and Jia-Chen Gu and Yun Zhu and Zhen-Hua Ling},
        Title = {Corrective Retrieval Augmented Generation},
        Journal = {ArXiv preprint},
        volume = {abs/2401.15884},
        url = {https://ArXiv.org/abs/2401.15884},
        Year = {2024}
}
@inproceedings{Chain-of-Note2023Yu,
	Author = {Wenhao Yu and Hongming Zhang and Xiaoman Pan and Kaixin Ma and Hongwei Wang and Dong Yu},
        Title = {Chain-of-Note: Enhancing Robustness in Retrieval-Augmented Language Models},
        booktitle = {Proceedings of EMNLP},
        url = {https://ArXiv.org/abs/2311.09210},
        pages = {14672--14685},
        Year = {2023a}
}
@article{RAG_rerank2024Dong,
	Author = {Jialin Dong and Bahare Fatemi and Bryan Perozzi and Lin F. Yang and Anton Tsitsulin},
        Title = {Don't Forget to Connect! Improving RAG with Graph-based Reranking},
        Journal = {ArXiv preprint},
        volume = {abs/2405.18414},
        url = {https://ArXiv.org/abs/2405.18414},
        Year = {2024}
}
@inproceedings{rankRAG2024Yu,
	Author = {Yue Yu and Wei Ping and Zihan Liu and Boxin Wang and Jiaxuan You and Chao Zhang and Mohammad Shoeybi and Bryan Catanzaro},
        Title = {RankRAG: Unifying Context Ranking with Retrieval-Augmented Generation in LLMs},
        booktitle = {Proceedings of NeurIPS},
        url = {https://ArXiv.org/abs/2407.02485},
        pages={121156--121184},
        volume = {37},
        Year = {2024}
}

@inproceedings{DPO2023Rafailov,
	Author = {Rafael Rafailov and Archit Sharma and Eric Mitchell and Stefano Ermon and Christopher D. Manning and Chelsea Finn},
        Title = {Direct Preference Optimization: Your Language Model is Secretly a Reward Model},
        url = {https://ArXiv.org/abs/2305.18290},
        booktitle = {Proceedings of NeurIPS},
        pages = {53728--53741},
        Year = {2023}
}

@inproceedings{sciqa2022Saikh,
	Author = {Tanik Saikh and Tirthankar Ghosal and Amish Mittal and Asif Ekbal and Pushpak Bhattacharyya},
        Title = {ScienceQA: a novel resource for question answering on scholarly articles},
        url = {https://link.springer.com/article/10.1007/s00799-022-00329-y},
        booktitle = {International Journal on Digital Libraries},
        pages = {289--301},
        Year = {2022}
}
@inproceedings{self-improve2023Li,
	Author = {Siheng Li and Cheng Yang and Zesen Cheng and Lemao Liu and Mo Yu and Yujiu Yang and Wai Lam},
        Title = {Large Language Models Can Self-Improve in Long-context Reasoning},
        url = {https://ArXiv.org/abs/2411.08147},
        booktitle = {Proceedings of EMNLP},
        pages = {1051--1068},
        Year = {2023}
}
@article{fiqa2018Yang,
	Author = {Steve Yang and Jason Rosenfeld
 and Jacques Makutonin},
        Title = {Financial Aspect-Based Sentiment Analysis using Deep Representations},
        Journal = {ArXiv preprint},
        volume = {abs/1808.07931},
        url ={https://ArXiv.org/pdf/1808.07931},
        Year = {2018}
}

@inproceedings{nq2019Kwiatkowski,
	Author = {Tom Kwiatkowski and Jennimaria Palomaki and Olivia Redfield and Michael Collins and Ankur Parikh and Chris Alberti},
        Title = {Natural Questions: a Benchmark for Question Answering Research},
        booktitle = {Proceedings of ACL},
        pages = {452--466},
        url ={https://research.google/pubs/natural-questions-a-benchmark-for-question-answering-research/},
        Year = {2019}
}

@article{qwen2.5-14b2023Bai,
	Author = {Jinze Bai and Shuai Bai and Yunfei Chu and Zeyu Cui and Kai Dang and Xiaodong Deng},
        Title = {Qwen Technical Report},
        Journal = {ArXiv preprint},
        volume = {abs/2309.16609},
        url ={https://ArXiv.org/abs/2309.16609},
        Year = {2023}
}
@article{minicpm-2b2024Hu,
	Author = {Shengding Hu and Yuge Tu and Xu Han and Chaoqun He and Ganqu Cui and Xiang Long},
        Title = {MiniCPM: Unveiling the Potential of Small Language Models with Scalable Training Strategies},
        Journal = {ArXiv preprint},
        volume = {abs/2404.06395},
        url ={https://ArXiv.org/abs/2404.06395},
        Year = {2024}
}
@inproceedings{bertscore2020Zhang,
	Author = {Tianyi Zhang and Varsha Kishore and Felix Wu and Kilian Q. Weinberger and Yoav Artzi},
        Title = {BERTScore: Evaluating Text Generation with BERT},
        booktitle = {Proceedings of ICLR},
        url ={https://ArXiv.org/abs/1904.09675},
        Year = {2020}
}
@inproceedings{Self-Distillation2024Yang,
	Author = {Zhaorui Yang and Tianyu Pang and Haozhe Feng and Han Wang and Wei Chen and Minfeng Zhu and Qian Liu},
        Title = {Self-Distillation Bridges Distribution Gap in Language Model Fine-Tuning},
        booktitle = {Proceedings of ACL},
        pages = {1028--1043},
        url ={https://ArXiv.org/abs/2402.13669},
        Year = {2024}
}
@inproceedings{EnablingLargeLanguageModelstoGenerateTextwithCitations2023GaoTianyu,
	Author = {Tianyu Gao and Howard Yen and Jiatong Yu and Danqi Chen},
        Title = {Enabling Large Language Models to Generate Text with Citations},
        booktitle = {Proceedings of EMNLP},
        pages = {6465--6488},
        url ={https://ArXiv.org/pdf/2305.14627},
        Year = {2023}
}
@inproceedings{llmeval2024zhang,
  title={Llmeval: A preliminary study on how to evaluate large language models},
  author={Zhang, Yue and Zhang, Ming and Yuan, Haipeng and Liu, Shichun and Shi, Yongyao and Gui, Tao and Zhang, Qi and Huang, Xuanjing},
  booktitle={Proceedings of AAAI},
  URL= {https://ArXiv.org/abs/2312.07398},
  pages={19615--19622},
  year={2024}
}

@inproceedings{ASQA2022Stelmakh,
	Author = {Ivan Stelmakh and Yi Luan and Bhuwan Dhingra and Ming-Wei Chang},
        Title = {ASQA: Factoid Questions Meet Long-Form Answers},
        booktitle = {Proceedings of EMNLP},
        pages = {8273--8288},
        url ={https://aclanthology.org/2022.emnlp-main.566/},
        Year = {2022}
}
@inproceedings{commonsenseqa2019Talmor,
	Author = {Alon Talmor and Jonathan Herzig and Nicholas Lourie and Jonathan Berant},
        Title = {CommonsenseQA: A Question Answering Challenge Targeting Commonsense Knowledge},
        booktitle = {Proceedings of NAACL},
        pages = {4149--4158},
        url ={https://ArXiv.org/abs/1811.00937},
        Year = {2019}
}
@inproceedings{ecqa2021Aggarwal,
	Author = {Shourya Aggarwal and Divyanshu Mandowara and Vishwajeet Agrawal and Dinesh Khandelwal and Parag Singla and Dinesh Garg},
        title = {Explanations for CommonsenseQA: New Dataset and Models},
        booktitle = {Proceedings of ACL},
        pages = {3050--3065},
        url ={https://aclanthology.org/2021.acl-long.238.pdf},
        Year = {2021}
}
@inproceedings{wikiqa2015Bajaj,
	Author = {Yi Yang and Wen-tau Yih and Christopher Meek},
        Title = {WikiQA: A Challenge Dataset for Open-Domain Question Answering},
        booktitle = {Proceedings of EMNLP},
        pages={2013--2018},
        url ={https://aclanthology.org/D15-1237/},
        Year = {2015}
}
@article{gsm8k2021Cobbe,
	Author={Cobbe, Karl and Kosaraju, Vineet and Bavarian, Mohammad and Chen, Mark and Jun, Heewoo and Kaiser, Lukasz and Plappert, Matthias and Tworek, Jerry and Hilton, Jacob and Nakano, Reiichiro},
        Title = {Training verifiers to solve math word problems},
        Journal = {ArXiv preprint},
        volume = {abs/2110.14168},
        url ={https://ArXiv.org/abs/2110.14168},
        Year = {2021}
}
@inproceedings{mathqa2019Amini,
	Author = {Aida Amini and Saadia Gabriel and Shanchuan Lin and Rik Koncel-Kedziorski and Yejin Choi and Hannaneh Hajishirzi},
        Title = {MathQA: Towards Interpretable Math Word Problem Solving with Operation-Based Formalisms},
        booktitle = {Proceedings of NAACL},
        pages={2357--2367},
        url ={https://aclanthology.org/N19-1245/},
        Year = {2019}
}
@inproceedings{strategyqa2021Geva,
	Author = {Geva, Mor and Khashabi, Daniel and Segal, Elad and Khot, Tushar and Roth, Dan and Berant, Jonathan},
        Title = {Did Aristotle Use a Laptop? A Question Answering Benchmark with Implicit Reasoning Strategies},
        booktitle = {Transactions of the Association for Computational Linguistics},
        pages={346--361},
        url ={https://ArXiv.org/abs/2101.02235},
        Year = {2021}
}
@inproceedings{aquarat2017Ling,
	Author = {Wang Ling and Dani Yogatama and Chris Dyer and Phil Blunsom},
        Title = {Program Induction by Rationale Generation : Learning to Solve and Explain Algebraic Word Problems},
        booktitle = {Proceedings of ACL},
        pages={158--167},
        url ={https://aclanthology.org/P17-1015/},
        Year = {2017}
}
@inproceedings{webquestion2014Berant,
	Author = {Jonathan Berant and Andrew Chou and Roy Frostig and Percy Liang},
        Title = {Semantic parsing on Freebase from question-answer pairs},
        booktitle = {Proceedings of EMNLP},
        pages={1533--1544},
        url ={https: //aclanthology.org/D13-1160},
        Year = {2014}
}
@inproceedings{hotpotqa2018Yang,
	Author = {Zhilin Yang and Peng Qi and Saizheng Zhang and Yoshua Bengio and William Cohen and Ruslan Salakhutdinov and Christopher D. Manning},
        Title = {HotpotQA: A dataset for diverse, explainable multi-hop question answering},
        booktitle = {Transactions of the Association for Computational Linguistics},
        pages={2369--2380},
        url ={https://aclanthology. org/D18-1259.},
        Year = {2018}
}
@inproceedings{triviaqa2017Joshi,
	Author = {Mandar Joshi and Eunsol Choi and Daniel Weld and Luke Zettlemoyer},
        Title = {TriviaQA: A large scale distantly supervised challenge dataset for reading comprehension},
        booktitle = {Proceedings of ACL},
        pages={1601--1611},
        url ={https://aclanthology.org/P17-1147.},
        Year = {2017}
}
@inproceedings{trex2018Elsahar,
	Author = {Hady Elsahar and Pavlos Vougiouklis and Arslen Remaci and Christophe Gravier and Jonathon Hare and Frederique Laforest and Elena Simperl},
        Title = {T-REx: A large scale alignment of natural language with knowledge base triples},
        booktitle = {The International Conference on Language Resources and Evaluation},
        url ={https://aclanthology.org/L18-1544.},
        Year = {2018}
}
@inproceedings{wow2019Dinan,
	Author = {Emily Dinan and Stephen Roller and Kurt Shuster and Angela Fan and Michael Auli and Jason Weston},
        Title = {Wizard of wikipedia: Knowledge-powered conversational agents},
        booktitle = {Proceedings of ICLR},
        url ={https://openreview.net/forum?id=r1l73iRqKm},
        Year = {2019}
}
@inproceedings{Radit2023Lin,
	Author = {Xi Victoria Lin and Xilun Chen and Mingda Chen and Weijia Shi and Maria Lomeli and Rich James and Pedro Rodriguez and Jacob Kahn and Gergely Szilvasy and Mike Lewis},
        Title = {Ra-dit: Retrieval-augmented dual instruction tuning},
        booktitle = {Proceedings of ICLR},
        url ={https://ArXiv.org/abs/2310.01352},
        Year = {2023}
}
@article{Rageval2024Zhu,
	Author = {Kunlun Zhu and Yifan Luo and Dingling Xu and Ruobing Wang and Shi Yu and Shuo Wang and Yukun Yan and Zhenghao Liu and Xu Han and Zhiyuan Liu and Maosong Sun},
        Title = {RAGEval: Scenario Specific RAG Evaluation Dataset Generation Framework},
        Journal = {ArXiv preprint},
        volume = {abs/2408.01262},
        url ={https://ArXiv.org/abs/2408.01262},
        Year = {2024}
}

@inproceedings{chen2021finqa,
  title={FinQA: A Dataset of Numerical Reasoning over Financial Data},
  author={Chen, Zhiyu and Chen, Wenhu and Smiley, Charese and Shah, Sameena and Borova, Iana and Langdon, Dylan and Moussa, Reema and Beane, Matt and Huang, Ting-Hao and Routledge, Bryan R and others},
  booktitle={Proceedings of EMNLP},
  url = {https://ArXiv.org/abs/2109.00122},
  pages={3697--3711},
  year={2021}
}


@inproceedings{maia201818,
  title={Www'18 open challenge: financial opinion mining and question answering},
  author={Maia, Macedo and Handschuh, Siegfried and Freitas, Andr{\'e} and Davis, Brian and McDermott, Ross and Zarrouk, Manel and Balahur, Alexandra},
  booktitle={proceedings of the the web conference 2018},
  url = {https://dl.acm.org/doi/10.1145/3184558.3192301},
  pages={1941--1942},
  year={2018}
}

@article{suri2021mediaqa,
  title={MeDiaQA: A Question Answering Dataset on Medical Dialogues},
  author={Suri, Huqun and Zhang, Qi and Huo, Wenhua and Liu, Yan and Guan, Chunsheng},
  journal={ArXiv preprint},
  volume = {abs/2108.08074},
  url = {https://ArXiv.org/abs/2108.08074},
  year={2021}
}


@inproceedings{jin2019pubmedqa,
  title={PubMedQA: A Dataset for Biomedical Research Question Answering},
  author={Jin, Qiao and Dhingra, Bhuwan and Liu, Zhengping and Cohen, William and Lu, Xinghua},
  booktitle={Proceedings of EMNLP-IJCNLP},
  pages={2567--2577},
  url = {https://aclanthology.org/D19-1259/},
  year={2019}
}

@inproceedings{lu2022learn,
    title={Learn to Explain: Multimodal Reasoning via Thought Chains for Science Question Answering},
    author={Lu, Pan and Mishra, Swaroop and Xia, Tony and Qiu, Liang and Chang, Kai-Wei and Zhu, Song-Chun and Tafjord, Oyvind and Clark, Peter and Ashwin Kalyan},
    booktitle={Proceedings of NeurIPS},
    url = {https://ArXiv.org/abs/2209.09513},
    pages = {2507--2521},
    year={2022}
}


@inproceedings{fan-etal-2019-eli5,
    title = "{ELI}5: Long Form Question Answering",
    author = "Fan, Angela  and
      Jernite, Yacine  and
      Perez, Ethan  and
      Grangier, David  and
      Weston, Jason  and
      Auli, Michael",
    booktitle = "Proceedings of ACL",
    year = "2019",
    url = "https://aclanthology.org/P19-1346/",
    pages = "3558--3567",
}

@article{kovcisky2018narrativeqa,
  title={The narrativeqa reading comprehension challenge},
  author={Ko{\v{c}}isk{\`y}, Tom{\'a}{\v{s}} and Schwarz, Jonathan and Blunsom, Phil and Dyer, Chris and Hermann, Karl Moritz and Melis, G{\'a}bor and Grefenstette, Edward},
  journal={Transactions of the Association for Computational Linguistics},
  url = {https://aclanthology.org/Q18-1023/},
  pages={317--328},
  year={2018}
}

@inproceedings{mallen2023not,
  title={When Not to Trust Language Models: Investigating Effectiveness of Parametric and Non-Parametric Memories},
  author={Mallen, Alex and Asai, Akari and Zhong, Victor and Das, Rajarshi and Khashabi, Daniel and Hajishirzi, Hannaneh},
  booktitle={Proceedings of ACL},
  url = {https://ArXiv.org/abs/2212.10511},
  pages={9802--9822},
  year={2023}
}

@article{wei2024cnnsum,
  title={CNNSum: Exploring Long-Conext Summarization with Large Language Models in Chinese Novels},
  author={Wei, Lingxiao and Yan, He and Lu, Xiangju and Zhu, Junmin and Wang, Jun and Zhang, Wei},
  journal={ArXiv preprint},
  volume = {abs/2412.02819},
  url = {https://ArXiv.org/abs/2412.02819},
  year={2024}
}

@article{trivedi2022musique,
  title={MuSiQue: Multihop Questions via Single-hop Question Composition},
  author={Trivedi, Harsh and Balasubramanian, Niranjan and Khot, Tushar and Sabharwal, Ashish},
  journal={Transactions of the Association for Computational Linguistics},
  url = {https://ArXiv.org/abs/2108.00573},
  pages={539--554},
  year={2022}
}
@inproceedings{RougeinRAG2025Li,
  title={Enhancing Retrieval-Augmented Generation: A Study of Best Practices
},
  author={Siran Li and Linus Stenzel and Carsten Eickhoff and Seyed Ali Bahrainian},
  booktitle={Proceedings of the COLING},
  pages = {6705--6717},
  year={2025},
}
@article{RewardRAG2024Thang,
  title={Reward-RAG: Enhancing RAG with Reward Driven Supervision},
  author={Thang Nguyen and Peter Chin and Yu-Wing Tai},
  journal={ArXiv preprint},
  volume = {abs/2410.03780},
  url = {https://ArXiv.org/abs/2410.03780},
  year={2024},
}
@article{RLRAGforchatbots2024Kulkarni,
  title={Reinforcement Learning for Optimizing RAG for Domain Chatbots},
  author={Mandar Kulkarni and Praveen Tangarajan and Kyung Kim and Anusua Trivedi},
  journal={ArXiv preprint},
  volume = {abs/2401.06800},
  url = {https://ArXiv.org/abs/2401.06800},
  year={2024},
}
@article{zhang2025rag,
  title={RAG-Reward: Optimizing RAG with Reward Modeling and RLHF},
  author={Zhang, Hanning and Song, Juntong and Zhu, Juno and Wu, Yuanhao and Zhang, Tong and Niu, Cheng},
  journal={ArXiv preprint},
  volume = {abs/2501.13264},
  url = {https://ArXiv.org/abs/2501.13264},
  year={2025}
}

@article{openai2023gpt,
 author = {OpenAI, R},
 journal = {ArXiv preprint}, 
 volume = {abs/2303.08774},
 title = {GPT-4 technical report},
 year = {2023},
 url = {https://doi.org/10.48550/ArXiv.2303.08774}
}

@inproceedings{ouyang2022training,
  title={Training language models to follow instructions with human feedback},
  author={Ouyang, Long and Wu, Jeffrey and Jiang, Xu and Almeida, Diogo and Wainwright, Carroll and Mishkin, Pamela and Zhang, Chong and Agarwal, Sandhini and Slama, Katarina and Ray, Alex and others},
  booktitle={Proceedings of NeurIPS},
  volume={35},
  pages={27730--27744},
  year={2022}
}

@article{jin2024rag,
  title={RAG-RewardBench: Benchmarking Reward Models in Retrieval Augmented Generation for Preference Alignment},
  author={Jin, Zhuoran and Yuan, Hongbang and Men, Tianyi and Cao, Pengfei and Chen, Yubo and Liu, Kang and Zhao, Jun},
  journal={ArXiv preprint},
  volume = {abs/2412.13746},
  url = {https://ArXiv.org/abs/2412.13746},
  year={2024}
}
@article{Ram2023Incontextlearning,
  title={In-context retrieval-augmented language models},
  author={Ori Ram and Yoav Levine and Itay Dalmedigos and Dor Muhlgay and Amnon Shashua and Kevin Leyton-Brown and and Yoav Shoham},
  journal={Transactions of the Association for Computational Linguistics},
  url = {https://ArXiv.org/abs/2302.00083},
  year={2023}
}
@inproceedings{Shao2023Enhancing-RAG-with-IRG-Synergy,
  title={Enhancing Retrieval-Augmented Large Language Models with Iterative Retrieval-Generation Synergy},
  author={Zhihong Shao and Yeyun Gong and Yelong Shen and Minlie Huang and Nan Duan and Weizhu Chen},
  booktitle={Proceedings of EMNLP},
  pages = {9248--9274},
  year={2023}
}
@article{RALM2024Asai,
  title={Reliable, adaptable, and attributable language models with retrieval},
  author={Akari Asai and Zexuan Zhong and Danqi Chen and Pang Wei Koh and Luke Zettlemoyer and Hannaneh Hajishirzi and Wen-tau Yih},
  journal={ArXiv preprint},
  volume = {abs/2403.03187},
  url = {https://ArXiv.org/abs/2403.03187}, 
  year={2024}
}
@inproceedings{Privacyimplicationsofretrieval-basedlanguagemodels2023Huang,
  title={Privacy implications of retrieval-based language models},
  author={Yangsibo Huang and Samyak Gupta and Zexuan Zhong and Kai Li and Danqi Chen},
  booktitle={Proceedings of EMNLP},
  pages = {14887--14902},
  year={2023b}
}
@inproceedings{RLinRAG2024Song,
  title={Measuring and enhancing trustworthiness of llms in RAG through grounded attributions and learning to refuse},
  author={Maojia Song and Shang Hong Sim and Rishabh Bhardwaj and Hai Leong Chieu and Navonil Majumder and Soujanya Poria},
  journal={ArXiv preprint},
  volume = {abs/2409.11242},
  url = {https://ArXiv.org/abs/2409.11242},
  year={2024}
}
@inproceedings{Rewardbanch2024Lambert,
  title={RewardBench: Evaluating Reward Models for Language Modeling},
  author={Nathan Lambert and Valentina Pyatkin and Jacob Morrison and LJ Miranda and Bill Yuchen Lin and Khyathi Chandu and Nouha Dziri and Sachin Kumar and Tom Zick and Yejin Choi and Noah A. Smith and Hannaneh Hajishirzi},
  journal={ArXiv preprint},
  volume = {abs/2403.13787},
  url = {https://ArXiv.org/abs/2403.13787},
  year={2024}
}
@inproceedings{M-Rewardbanch2024Gureja,
  title={M-rewardbench: Evaluating reward models in multilingual settings},
  author={Srishti Gureja and Lester James V. Miranda and Shayekh Bin Islam and Rishabh Maheshwary and Drishti Sharma and Gusti Winata and Nathan Lambert and Sebastian Ruder and Sara Hooker and Marzieh Fadaee},
  journal={ArXiv preprint},
  volume = {abs2410.15522/},
  url = {https://ArXiv.org/abs/2410.15522},
  year={2024}
}
@inproceedings{RMB2024Vu,
  title={FreshLLMs: Refreshing Large Language Models with Search Engine Augmentation},
  author={Tu Vu and Mohit Iyye and Xuezhi Wang and Noah Constant and Jerry Wei and Jason Wei and Chris Tar},
  booktitle={Proceedings of ACL},
  pages = {13697--13720},
  year={2024}
}
@inproceedings{RM-bench2024Liu,
  title={Rm-bench: Benchmarking reward models of language models with subtlety and style},
  author={Yantao Liu and Zijun Yao and Rui Min and Yixin Cao and Lei Hou and Juanzi Li},
  journal={ArXiv preprint},
  volume = {abs/2410.16184},
  url = {https://ArXiv.org/abs/2410.16184},
  year={2024}
}
@inproceedings{RAGTruth2024Niu,
  title={RAGTruth: A Hallucination Corpus for Developing Trustworthy Retrieval-Augmented Language Models},
  author={Cheng Niu and Yuanhao Wu and Juno Zhu and Siliang Xu and KaShun Shum and Randy Zhong and Juntong Song and Tong Zhang},
  booktitle={Proceedings of ACL},
  pages = {10862--10878},
  year={2024}
}
@inproceedings{Let'sVerifyStepbyStep2023Lightman,
  title={Let's Verify Step by Step},
  author={Hunter Lightman and Vineet Kosaraju and Yura Burda and Harri Edwards and Bowen Baker and Teddy Lee and Jan Leike and John Schulman and Ilya Sutskeverand Karl Cobbe},
  journal={ArXiv preprint},
  volume = {abs/2305.20050},
  url = {https://ArXiv.org/abs/2305.20050},
  year={2023}
}
@inproceedings{Accuracy2023Vinodha,
  title={Framework for Improving the Accuracy of the Machine Learning Model in Predicting Future Values},
  author={Vinodha K and Dayalan G},
  booktitle={IEEE 8th International Conference for Convergence in Technology (I2CT)},
  pages={1--8},
  year={2023}
}

@inproceedings{wangself,
  title={Self-Consistency Improves Chain of Thought Reasoning in Language Models},
  author={Wang, Xuezhi and Wei, Jason and Schuurmans, Dale and Le, Quoc V and Chi, Ed H and Narang, Sharan and Chowdhery, Aakanksha and Zhou, Denny},
  booktitle={Proceedings of ICLR},
  year = {2023}
}
@inproceedings{trainverifier2021Cobbe,
  title={Training Verifiers to Solve Math Word Problems},
  author={Karl Cobbe and Vineet Kosaraju and Mohammad Bavarian and Mark Chen and Heewoo Jun and Lukasz Kaiser and Matthias Plappert and Jerry Tworek and Jacob Hilton and Reiichiro Nakano and Christopher Hesse and John Schulman},
  journal={ArXiv preprint},
  volume = {abs/2110.14168},
  url = {https://ArXiv.org/abs/2110.14168},
  year={2021}
}
@inproceedings{Math-Shepherd2021Wang,
  title={Math-Shepherd: Verify and Reinforce LLMs Step-by-step without Human Annotations},
  author={Peiyi Wang and Lei Li and Zhihong Shao and Runxin Xu and Damai Dai and Yifei Li and Deli Chen and Yu Wu and Zhifang Sui},
  booktitle={Proceedings of ACL},
  pages = {9426--9439},
  year={2024}
}
@inproceedings{Chain-of-Thought2022Wei,
  title={Chain-of-Thought Prompting Elicits Reasoning in Large Language Models},
  author={Jason Wei and Xuezhi Wang and Dale Schuurmans and Maarten Bosma and Brian Ichter and Fei Xia and Ed Chi and Quoc Le and Denny Zhou},
  booktitle={Proceedings of NeurIPS},
  url = {https://ArXiv.org/abs/2201.11903},
  pages = {24824--24837},
  year={2022}
}
@inproceedings{scalingInferenceCompute2024Brown,
  title={Large Language Monkeys: Scaling Inference Compute with Repeated Sampling},
  author={Bradley Brown and Jordan Juravsky and Ryan Ehrlich and Ronald Clark and Quoc V. Le and Christopher Ré and Azalia Mirhoseini},
  journal={ArXiv preprint},
  volume = {abs/2407.21787},
  url = {https://ArXiv.org/abs/2407.21787},
  year={2024}
}

@inproceedings{zheng2023judging,
  title={Judging LLM-as-a-judge with MT-bench and Chatbot Arena},
  author={Zheng, Lianmin and Chiang, Wei-Lin and Sheng, Ying and Zhuang, Siyuan and Wu, Zhanghao and Zhuang, Yonghao and Lin, Zi and Li, Zhuohan and Li, Dacheng and Xing, Eric P and others},
  booktitle={Proceedings of NeurIPS},
  url = {https://ArXiv.org/abs/2306.05685},
  pages={46595--46623},
  year={2023}
}

@inproceedings{kim2023prometheus,
  title={Prometheus: Inducing fine-grained evaluation capability in language models},
  author={Kim, Seungone and Shin, Jamin and Cho, Yejin and Jang, Joel and Longpre, Shayne and Lee, Hwaran and Yun, Sangdoo and Shin, Seongjin and Kim, Sungdong and Thorne, James and others},
  booktitle={Proceedings of ICLR},
  url = {https://ArXiv.org/abs/2310.08491},
  year={2023}
}
@article{wang2023learning,
  title={Learning Evaluation Models from Large Language Models for Sequence Generation},
  author={Wang, Chenglong and Zhou, Hang and Chang, Kaiyan and Liu, Tongran and Zhang, Chunliang and Du, Quan and Xiao, Tong and Zhu, Jingbo},
  journal={ArXiv preprint},
  volume = {abs/2308.04386},
  url = {https://ArXiv.org/abs/2308.04386},
  year={2023}
}

@article{niu2024judgerank,
  title={JudgeRank: Leveraging Large Language Models for Reasoning-Intensive Reranking},
  author={Niu, Tong and Joty, Shafiq and Liu, Ye and Xiong, Caiming and Zhou, Yingbo and Yavuz, Semih},
  journal={ArXiv preprint},
  volume = {abs/2411.00142},
  url = {https://ArXiv.org/abs/2411.00142},
  year={2024}
}


@article{yan2024consolidating,
  title={Consolidating Ranking and Relevance Predictions of Large Language Models through Post-Processing},
  author={Yan, Le and Qin, Zhen and Zhuang, Honglei and Jagerman, Rolf and Wang, Xuanhui and Bendersky, Michael and Oosterhuis, Harrie},
  journal={ArXiv preprint},
  volume = {abs/2404.11791},
  url = {https://ArXiv.org/abs/2404.11791},
  year={2024}
}

@article{li2024llms,
  title={LLMs-as-Judges: A Comprehensive Survey on LLM-based Evaluation Methods},
  author={Li, Haitao and Dong, Qian and Chen, Junjie and Su, Huixue and Zhou, Yujia and Ai, Qingyao and Ye, Ziyi and Liu, Yiqun},
  journal={ArXiv preprint},
  volume = {abs/2412.05579},
  url = {https://ArXiv.org/abs/2412.05579},
  year={2024}
}


@inproceedings{chen2024humans,
  title={Humans or llms as the judge? a study on judgement biases},
  author={Chen, Guiming Hardy and Chen, Shunian and Liu, Ziche and Jiang, Feng and Wang, Benyou},
  booktitle={Proceedings of EMNLP},
  pages = {8301--8327},
  url = {https://aclanthology.org/2024.emnlp-main.474/},
  year={2024}
}

@article{ji2023survey,
 author = {Ji, Ziwei and Lee, Nayeon and Frieske, Rita and Yu, Tiezheng and Su, Dan and Xu, Yan and Ishii, Etsuko and Bang, Ye Jin and Madotto, Andrea and Fung, Pascale},
 journal = {ACM Computing Surveys},
 title = {Survey of hallucination in natural language generation},
 year = {2023},
url = {https://ArXiv.org/pdf/2202.03629}
}


@article{xu2024hallucination,
 author = {Xu, Ziwei and Jain, Sanjay and Kankanhalli, Mohan},
 journal = {ArXiv preprint},
 volume = {abs/2401.11817},
 title = {Hallucination is inevitable: An innate limitation of large language models},
 url = {https://ArXiv.org/abs/2401.11817},
 year = {2024}
}

@misc{bge_embedding,
 archiveprefix = {ArXiv},
 author = {Shitao Xiao and Zheng Liu and Peitian Zhang and Niklas Muennighoff},
 eprint = {2309.07597},
 primaryclass = {cs.CL},
 title = {C-Pack: Packaged Resources To Advance General Chinese Embedding},
 url = {https://ArXiv.org/pdf/2309.07597},
 year = {2023}
}

@article{bajaj2016ms,
 author = {Bajaj, Payal and Campos, Daniel and Craswell, Nick and Deng, Li and Gao, Jianfeng and Liu, Xiaodong and Majumder, Rangan and McNamara, Andrew and Mitra, Bhaskar and Nguyen, Tri and others},
 journal = {ArXiv preprint},
 volume = {abs/1611.09268},
 title = {Ms marco: A human generated machine reading comprehension dataset},
 url = {https://ArXiv.org/abs/1611.09268},
 year = {2016}
}

@article{xu2024unsupervised,
 author = {Xu, Shicheng and Pang, Liang and Yu, Mo and Meng, Fandong and Shen, Huawei and Cheng, Xueqi and Zhou, Jie},
 journal = {ArXiv preprint},
 volume = {abs/2402.18150},
 title = {Unsupervised Information Refinement Training of Large Language Models for Retrieval-Augmented Generation},
 url = {https://ArXiv.org/abs/2402.18150},
 year = {2024}
}

@inproceedings{hulora,
 author = {Hu, Edward J and Wallis, Phillip and Allen-Zhu, Zeyuan and Li, Yuanzhi and Wang, Shean and Wang, Lu and Chen, Weizhu and others},
 booktitle = {Proceedings of ICLR},
 title = {LoRA: Low-Rank Adaptation of Large Language Models},
URL = {https://ArXiv.org/pdf/2106.09685},
 year = {2022}
}

@inproceedings{zhou2020learning,
  title={Learning to compare for better training and evaluation of open domain natural language generation models},
  author={Zhou, Wangchunshu and Xu, Ke},
  booktitle={Proceedings of AAAI Conference on Artificial Intelligence},
  pages={9717--9724},
  year={2020}
}

@article{christiano2023deep,
  title={Deep Reinforcement Learning from Human Preferences},
  author={Christiano, Paul F and Leike, Jan and Brown, Tom B and Martic, Miljan and Legg, Shane and Amodei, Dario},
  journal={Advances in neural information processing systems},
  pages={17},
  year={2023}
}

@inproceedings{trung2024reft,
  title={Reft: Reasoning with reinforced fine-tuning},
  author={Trung, Luong and Zhang, Xinbo and Jie, Zhanming and Sun, Peng and Jin, Xiaoran and Li, Hang},
  booktitle={Proceedings of ACL},
  pages={7601--7614},
  volume = {1},
  year={2024}
}


@inproceedings{zhang2023huatuogpt,
  title={HuatuoGPT, Towards Taming Language Model to Be a Doctor},
  author={Zhang, Hongbo and Chen, Junying and Jiang, Feng and Yu, Fei and Chen, Zhihong and Chen, Guiming and Li, Jianquan and Wu, Xiangbo and Zhiyi, Zhang and Xiao, Qingying and others},
  booktitle={Proceedings of EMNLP Findings},
  url = {https://ArXiv.org/abs/2305.15075},
  pages={10859--10885},
  year={2023}
}

@article{chen2023huatuogpt,
  title={Huatuogpt-ii, one-stage training for medical adaption of llms},
  author={Chen, Junying and Wang, Xidong and Ji, Ke and Gao, Anningzhe and Jiang, Feng and Chen, Shunian and Zhang, Hongbo and Song, Dingjie and Xie, Wenya and Kong, Chuyi and others},
  journal={ArXiv preprint},
  url = {https://arxiv.org/abs/2311.09774},
  volume = {abs/2311.09774},
  year={2023}
}

@inproceedings{chiang2023can,
  title={Can Large Language Models Be an Alternative to Human Evaluations?},
  author={Chiang, Cheng-Han and Lee, Hung-Yi},
  booktitle={Proceedings of ACL},
  url = {https://ArXiv.org/abs/2305.01937},
  pages={15607--15631},
  year={2023}
}

@inproceedings{lin2004rouge,
  title={Rouge: A package for automatic evaluation of summaries},
  author={Lin, Chin-Yew},
  booktitle={Text summarization branches out},
  pages={74--81},
  year={2004}
}
、
@inproceedings{min2023factscore,
  title={FActScore: Fine-grained Atomic Evaluation of Factual Precision in Long Form Text Generation},
  author={Min, Sewon and Krishna, Kalpesh and Lyu, Xinxi and Lewis, Mike and Yih, Wen-tau and Koh, Pang Wei and Iyyer, Mohit and Zettlemoyer, Luke and Hajishirzi, Hannaneh},
  booktitle={Proceedings of EMNLP},
  year={2023}
}
@article{li2024salad,
  title={Salad-bench: A hierarchical and comprehensive safety benchmark for large language models},
  author={Li, Lijun and Dong, Bowen and Wang, Ruohui and Hu, Xuhao and Zuo, Wangmeng and Lin, Dahua and Qiao, Yu and Shao, Jing},
  journal={ArXiv preprint},
  volume = {abs/2402.05044},
  year={2024}
}

@article{liu2024hd,
  title={HD-Eval: Aligning Large Language Model Evaluators Through Hierarchical Criteria Decomposition},
  author={Liu, Yuxuan and Yang, Tianchi and Huang, Shaohan and Zhang, Zihan and Huang, Haizhen and Wei, Furu and Deng, Weiwei and Sun, Feng and Zhang, Qi},
  journal={ArXiv preprint},
  volume = {abs/2402.15754},
  year={2024}
}

@article{hu2024llm,
  title={Are LLM-based Evaluators Confusing NLG Quality Criteria?},
  author={Hu, Xinyu and Gao, Mingqi and Hu, Sen and Zhang, Yang and Chen, Yicheng and Xu, Teng and Wan, Xiaojun},
  journal={ArXiv preprint},
  volume = {abs/2402.12055},
  year={2024}
}

@inproceedings{wangpandalm,
  title={PandaLM: An Automatic Evaluation Benchmark for LLM Instruction Tuning Optimization},
  author={Wang, Yidong and Yu, Zhuohao and Yao, Wenjin and Zeng, Zhengran and Yang, Linyi and Wang, Cunxiang and Chen, Hao and Jiang, Chaoya and Xie, Rui and Wang, Jindong and others},
  booktitle={Proceedings of ICLR},
  url = {https://ArXiv.org/abs/2306.05087},
  year={2023}
}

@article{yuan2024self,
  title={Self-rewarding language models},
  author={Yuan, Weizhe and Pang, Richard Yuanzhe and Cho, Kyunghyun and Sukhbaatar, Sainbayar and Xu, Jing and Weston, Jason},
  journal={ArXiv preprint},
  volume = {abs/2401.10020},
  year={2024}
}


@inproceedings{zhang24generative,
  title={Generative Verifiers: Reward Modeling as Next-Token Prediction},
  author={Zhang, Lunjun and Hosseini, Arian and Bansal, Hritik and Kazemi, Mehran and Kumar, Aviral and Agarwal, Rishabh},
  booktitle={The 4th Workshop on Mathematical Reasoning and AI at NeurIPS'24},
  year = {2024},
}


@inproceedings{van2024field,
  title={A field guide to automatic evaluation of llm-generated summaries},
  author={van Schaik, Tempest A and Pugh, Brittany},
  booktitle={Proceedings of the 47th International ACM SIGIR Conference on Research and Development in Information Retrieval},
  pages={2832--2836},
  year={2024}
}

@inproceedings{trivedi2023interleaving,
 author = {Trivedi, Harsh and Balasubramanian, Niranjan and Khot, Tushar and Sabharwal, Ashish},
 booktitle = {Proceedings of ACL},
 pages = {10014--10037},
 title = {Interleaving Retrieval with Chain-of-Thought Reasoning for Knowledge-Intensive Multi-Step Questions},
url = {https://aclanthology.org/2023.acl-long.557.pdf},
 year = {2023}
}

@inproceedings{cai2019skeleton,
 author = {Cai, Deng  and
Wang, Yan  and
Bi, Wei  and
Tu, Zhaopeng  and
Liu, Xiaojiang  and
Lam, Wai  and
Shi, Shuming},
 booktitle = {Proceedings of NAACL-HLT},
 pages = {1219--1228},
 title = {Skeleton-to-Response: Dialogue Generation Guided by Retrieval Memory},
 url = {https://aclanthology.org/N19-1124},
 year = {2019}
}

@article{li2025building,
  title={Building A Coding Assistant via the Retrieval-Augmented Language Model},
  author={Li, Xinze and Wang, Hanbin and Liu, Zhenghao and Yu, Shi and Wang, Shuo and Yan, Yukun and Fu, Yukai and Gu, Yu and Yu, Ge},
  journal={ACM Transactions on Information Systems},
  url = {https://ArXiv.org/abs/2410.16229},
  pages={1--25},
  year={2025},
  publisher={ACM New York, NY}
}

@inproceedings{jiang2023active,
 author = {Jiang, Zhengbao and Xu, Frank F and Gao, Luyu and Sun, Zhiqing and Liu, Qian and Dwivedi-Yu, Jane and Yang, Yiming and Callan, Jamie and Neubig, Graham},
 booktitle = {Proceedings of EMNLP},
 pages = {7969--7992},
 title = {Active Retrieval Augmented Generation},
URL = {https://aclanthology.org/2023.emnlp-main.495.pdf},
 year = {2023}
}

@article{xu2023search,
 author = {Xu, Shicheng and Pang, Liang and Shen, Huawei and Cheng, Xueqi and Chua, Tat-seng},
 journal = {ArXiv preprint},
 volume = {abs/2304.14732},
 title = {Search-in-the-chain: Towards the accurate, credible and traceable content generation for complex knowledge-intensive tasks},
 url = {https://ArXiv.org/abs/2304.14732},
 year = {2023}
}

@inproceedings{jin2024tug,
 author = {Jin, Zhuoran and Cao, Pengfei and Chen, Yubo and Liu, Kang and Jiang, Xiaojian and Xu, Jiexin and Qiuxia, Li and Zhao, Jun},
 booktitle = {Proceedings of COLING},
 pages = {16867--16878},
 title = {Tug-of-War between Knowledge: Exploring and Resolving Knowledge Conflicts in Retrieval-Augmented Language Models},
 url = {https://aclanthology.org/2024.lrec-main.1466.pdf},
 year = {2024}
}


@article{longpre2021entity,
 author = {Longpre, Shayne and Perisetla, Kartik and Chen, Anthony and Ramesh, Nikhil and DuBois, Chris and Singh, Sameer},
 journal = {ArXiv preprint},
 volume = {abs/2109.05052},
 title = {Entity-based knowledge conflicts in question answering},
 url = {https://ArXiv.org/abs/2109.05052},
 year = {2021}
}

@inproceedings{saad2024ares,
  title={ARES: An Automated Evaluation Framework for Retrieval-Augmented Generation Systems},
  author={Saad-Falcon, Jon and Khattab, Omar and Potts, Christopher and Zaharia, Matei},
  booktitle={Proceedings of NAACL},
  url = {https://ArXiv.org/abs/2311.09476},
  pages={338--354},
  year={2024}
}
@inproceedings{Sample-EfficientRL2024Yuan,
  title={Pre-Training Goal-based Models for Sample-Efficient Reinforcement Learning},
  author={Haoqi Yuan and Zhancun Mu and Feiyang Xie and Zongqing Lu},
  booktitle={Proceedings of ICLR},
  year={2024}
}


@article{izacard2022few,
  title={Atlas: few-shot learning with retrieval augmented language models},
  author={Izacard, Gautier and Lewis, Patrick and Lomeli, Maria and Hosseini, Lucas and Petroni, Fabio and Schick, Timo and Dwivedi-Yu, Jane and Joulin, Armand and Riedel, Sebastian and Grave, Edouard},
  journal={ArXiv preprint},
  volume = {abs/2208.03299},
  url = {https://ArXiv.org/abs/2208.03299},
  year={2022}
}

@inproceedings{he2021efficient,
 author = {He, Junxian and Neubig, Graham and Berg-Kirkpatrick, Taylor},
 booktitle = {Proceedings of EMNLP},
 pages = {5703--5714},
 title = {Efficient Nearest Neighbor Language Models},
url={https://ArXiv.org/pdf/2109.04212},
 year = {2021}
}

@article{jacovi2025facts,
  title={The FACTS Grounding Leaderboard: Benchmarking LLMs' Ability to Ground Responses to Long-Form Input},
  author={Jacovi, Alon and Wang, Andrew and Alberti, Chris and Tao, Connie and Lipovetz, Jon and Olszewska, Kate and Haas, Lukas and Liu, Michelle and Keating, Nate and Bloniarz, Adam and others},
  journal={ArXiv preprint},
  volume = {abs/2501.03200},
  url = {https://ArXiv.org/abs/2501.03200},
  year={2025}
}

@inproceedings{asai2023self,
 author = {Asai, Akari and Wu, Zeqiu and Wang, Yizhong and Sil, Avirup and Hajishirzi, Hannaneh},
 booktitle= {Proceedings of ICLR},
 title = {Self-RAG: Learning to Retrieve, Generate, and Critique through Self-Reflection},
 url = {https://ArXiv.org/abs/2310.11511},
 year = {2023}
}

@inproceedings{chen2023teaching,
  title={Teaching Large Language Models to Self-Debug},
  author={Chen, Xinyun and Lin, Maxwell and Schaerli, Nathanael and Zhou, Denny},
  booktitle={Proceedings of ICLR},
  url = {https://ArXiv.org/abs/2304.05128},
  year={2023}
}

@inproceedings{an2023eval,
  title={L-eval: Instituting standardized evaluation for long context language models},
  author={An, Chenxin and Gong, Shansan and Zhong, Ming and Zhao, Xingjian and Li, Mukai and Zhang, Jun and Kong, Lingpeng and Qiu, Xipeng},
  booktitle={Proceedings of ACL},
  url = {https://ArXiv.org/abs/2307.11088},
  pages = {14388--14411},
  year={2023}
}

@inproceedings{sottana2023evaluation,
  title={Evaluation Metrics in the Era of GPT-4: Reliably Evaluating Large Language Models on Sequence to Sequence Tasks},
  author={Sottana, Andrea and Liang, Bin and Zou, Kai and Yuan, Zheng},
  booktitle={Proceedings of EMNLP},
  url = {https://ArXiv.org/abs/2310.13800},
  pages = {8776--8788},
  year={2023}
}

@inproceedings{chenmllm,
  title={MLLM-as-a-Judge: Assessing Multimodal LLM-as-a-Judge with Vision-Language Benchmark},
  author={Chen, Dongping and Chen, Ruoxi and Zhang, Shilin and Wang, Yaochen and Liu, Yinuo and Zhou, Huichi and Zhang, Qihui and Wan, Yao and Zhou, Pan and Sun, Lichao},
  booktitle={Proceedings of ICML},
  url = {https://ArXiv.org/abs/2402.04788},
  pages = {6562--6595},
  year={2024}
}

@inproceedings{chanchateval,
  title={ChatEval: Towards Better LLM-based Evaluators through Multi-Agent Debate},
  author={Chan, Chi-Min and Chen, Weize and Su, Yusheng and Yu, Jianxuan and Xue, Wei and Zhang, Shanghang and Fu, Jie and Liu, Zhiyuan},
  booktitle={Proceedings of ICLR},
  url = {https://ArXiv.org/abs/2308.07201},
  year={2023}
}

@inproceedings{chiang2023closer,
  title={A closer look into automatic evaluation using large language models},
  author={Chiang, Cheng-Han and Lee, Hung-yi},
  booktitle = {Proceedings of EMNLP Findings},
  pages = {8928--8942},
  url = {https://ArXiv.org/abs/2310.05657},
  year={2023}
}

@article{friel2024ragbench,
  title={Ragbench: Explainable benchmark for retrieval-augmented generation systems},
  author={Friel, Robert and Belyi, Masha and Sanyal, Atindriyo},
  journal={ArXiv preprint},
  volume = {abs/2407.11005},
  url = {https://ArXiv.org/abs/2407.11005},
  year={2024}
}

@article{adlakha2023evaluating,
  title={Evaluating correctness and faithfulness of instruction-following models for question answering},
  author={Adlakha, Vaibhav and BehnamGhader, Parishad and Lu, Xing Han and Meade, Nicholas and Reddy, Siva},
  journal={ArXiv preprint},
  volume = {abs/2307.16877},
  url = {https://ArXiv.org/abs/2307.16877},
  year={2023}
}

@inproceedings{zhou2023survival,
  title={Survival of the Most Influential Prompts: Efficient Black-Box Prompt Search via Clustering and Pruning},
  author={Zhou, Han and Wan, Xingchen and Vuli{\'c}, Ivan and Korhonen, Anna},
  booktitle={Proceedings of EMNLP Findings},
  url = {https://ArXiv.org/abs/2310.12774},
  pages = {13064--13077},
  year={2023}
}

@inproceedings{liu2024aligning,
  title={Aligning with human judgement: The role of pairwise preference in large language model evaluators},
  author={Liu, Yinhong and Zhou, Han and Guo, Zhijiang and Shareghi, Ehsan and Vuli{\'c}, Ivan and Korhonen, Anna and Collier, Nigel},
  booktitle={Proceedings of COLM},
  url = {https://ArXiv.org/abs/2403.16950},
  year={2024}
}

@article{touvron2023llama,
  title={Llama 2: Open foundation and fine-tuned chat models},
  author={Touvron, Hugo and Martin, Louis and Stone, Kevin and Albert, Peter and Almahairi, Amjad and Babaei, Yasmine and Bashlykov, Nikolay and Batra, Soumya and Bhargava, Prajjwal and Bhosale, Shruti and others},
  journal={ArXiv preprint},
  volume  ={abs/2307.09288},
  url = {https://ArXiv.org/abs/2307.09288},
  year={2023}
}

@inproceedings{shi2023replug,
 author = {Shi, Weijia and Min, Sewon and Yasunaga, Michihiro and Seo, Minjoon and James, Rich and Lewis, Mike and Zettlemoyer, Luke and Yih, Wen-tau},
 booktitle = {Proceedings of NAACL},
 title = {Replug: Retrieval-augmented black-box language models},
 pages = {8371--8384},
 url = {https://ArXiv.org/abs/2301.12652},
 year = {2023}
}

@article{elazar2021measuring,
  title={Measuring and improving consistency in pretrained language models},
  author={Elazar, Yanai and Kassner, Nora and Ravfogel, Shauli and Ravichander, Abhilasha and Hovy, Eduard and Sch{\"u}tze, Hinrich and Goldberg, Yoav},
  journal={Transactions of the Association for Computational Linguistics},
  pages={1012--1031},
  url = {https://ArXiv.org/abs/2102.01017},
  year={2021}
}

@inproceedings{shuster2021retrieval,
  title={Retrieval augmentation reduces hallucination in conversation},
  author={Shuster, Kurt and Poff, Spencer and Chen, Moya and Kiela, Douwe and Weston, Jason},
  booktitle={Proceedings of EMNLP Findings},
  pages = {3784--3803},
  url = {https://aclanthology.org/2021.findings-emnlp.320/},
  year={2021}
}

@article{huang2023survey,
  title={A survey on hallucination in large language models: Principles, taxonomy, challenges, and open questions},
  author={Huang, Lei and Yu, Weijiang and Ma, Weitao and Zhong, Weihong and Feng, Zhangyin and Wang, Haotian and Chen, Qianglong and Peng, Weihua and Feng, Xiaocheng and Qin, Bing},
  journal={ACM Transactions on Information Systems },
  url = {https://ArXiv.org/abs/2311.05232},
  year={2023}
}

@article{Chung2022flan_t5,
  title={Scaling Instruction-Finetuned Language Models},
  author={Hyung Won Chung and Le Hou and Shayne Longpre and Barret Zoph and Yi Tay and William Fedus and Yunxuan Li},
  journal={ArXiv preprint},
  volume = {abs/2210.11416},
  url = {https://ArXiv.org/abs/2210.11416},
  year={2022}
}
@inproceedings{du2022glm,
  title={GLM: General Language Model Pretraining with Autoregressive Blank Infilling},
  author={Du, Zhengxiao and Qian, Yujie and Liu, Xiao and Ding, Ming and Qiu, Jiezhong and Yang, Zhilin and Tang, Jie},
  booktitle={Proceedings of ACL},
  pages={320--335},
  url = {https://ArXiv.org/abs/2103.10360},
  year={2022}
}
@article{bruckhaus2024ragnotwork,
  title={RAG Does Not Work for Enterprises},
  author={Bruckhaus, Tilmann},
  journal={ArXiv preprint},
  volume = {abs/2406.04369},
  url={https://ArXiv.org/abs/2406.04369},
  year={2024}
}