%GNN
@inproceedings{gilmer2017neural,
  title={Neural message passing for quantum chemistry},
  author={Gilmer, Justin and Schoenholz, Samuel S and Riley, Patrick F and Vinyals, Oriol and Dahl, George E},
  booktitle={International conference on machine learning},
  pages={1263--1272},
  year={2017},
  organization={PMLR}
}

@article{wu2020comprehensive,
  title={A comprehensive survey on graph neural networks},
  author={Wu, Zonghan and Pan, Shirui and Chen, Fengwen and Long, Guodong and Zhang, Chengqi and Philip, S Yu},
  journal={IEEE transactions on neural networks and learning systems},
  volume={32},
  number={1},
  pages={4--24},
  year={2020},
  publisher={IEEE}
}

@article{zhou2020graph,
  title={Graph neural networks: A review of methods and applications},
  author={Zhou, Jie and Cui, Ganqu and Hu, Shengding and Zhang, Zhengyan and Yang, Cheng and Liu, Zhiyuan and Wang, Lifeng and Li, Changcheng and Sun, Maosong},
  journal={AI open},
  volume={1},
  pages={57--81},
  year={2020},
  publisher={Elsevier}
}


%GCN
@article{kipf2016semi,
  title={Semi-supervised classification with graph convolutional networks},
  author={Kipf, Thomas N and Welling, Max},
  journal={arXiv preprint arXiv:1609.02907},
  year={2016}
}

%GAT
@inproceedings{velivckovic2018graph,
  title={Graph Attention Networks},
  author={Veli{\v{c}}kovi{\'c}, Petar and Cucurull, Guillem and Casanova, Arantxa and Romero, Adriana and Li{\`o}, Pietro and Bengio, Yoshua},
  booktitle={International Conference on Learning Representations},
  year={2018}
}

%GIN
@inproceedings{xu2018powerful,
  title={How Powerful are Graph Neural Networks?},
  author={Xu, Keyulu and Hu, Weihua and Leskovec, Jure and Jegelka, Stefanie},
  booktitle={International Conference on Learning Representations},
  year={2018}
}

%GAS
@inproceedings{fey2021gnnautoscale,
  title={Gnnautoscale: Scalable and expressive graph neural networks via historical embeddings},
  author={Fey, Matthias and Lenssen, Jan E and Weichert, Frank and Leskovec, Jure},
  booktitle={International conference on machine learning},
  pages={3294--3304},
  year={2021},
  organization={PMLR}
}

%Datasets
@article{sen2008collective,
  title={Collective classification in network data},
  author={Sen, Prithviraj and Namata, Galileo and Bilgic, Mustafa and Getoor, Lise and Galligher, Brian and Eliassi-Rad, Tina},
  journal={AI magazine},
  volume={29},
  number={3},
  pages={93--93},
  year={2008}
}

@inproceedings{yang2016revisiting,
  title={Revisiting semi-supervised learning with graph embeddings},
  author={Yang, Zhilin and Cohen, William and Salakhudinov, Ruslan},
  booktitle={International conference on machine learning},
  pages={40--48},
  year={2016},
  organization={PMLR}
}

@article{shchur2018pitfalls,
  title={Pitfalls of graph neural network evaluation},
  author={Shchur, Oleksandr and Mumme, Maximilian and Bojchevski, Aleksandar and G{\"u}nnemann, Stephan},
  journal={NeurIPS-W},
  year={2018}
}

%Related Workk
@inproceedings{zheng2022distributed,
  title={Distributed hybrid cpu and gpu training for graph neural networks on billion-scale heterogeneous graphs},
  author={Zheng, Da and Song, Xiang and Yang, Chengru and LaSalle, Dominique and Karypis, George},
  booktitle={Proceedings of the 28th ACM SIGKDD Conference on Knowledge Discovery and Data Mining},
  pages={4582--4591},
  year={2022}
}

@inproceedings{chiang2019cluster,
  title={Cluster-gcn: An efficient algorithm for training deep and large graph convolutional networks},
  author={Chiang, Wei-Lin and Liu, Xuanqing and Si, Si and Li, Yang and Bengio, Samy and Hsieh, Cho-Jui},
  booktitle={Proceedings of the 25th ACM SIGKDD international conference on knowledge discovery \& data mining},
  pages={257--266},
  year={2019}
}

@inproceedings{zeng2020graphsaint,
  title={GraphSAINT: Graph Sampling Based Inductive Learning Method},
  author={Zeng, Hanqing and Zhou, Hongkuan and Srivastava, Ajitesh and Kannan, Rajgopal and Prasanna, Viktor},
  booktitle={International Conference on Learning Representations},
  year={2020}
}

@inproceedings{yang2023betty,
  title={Betty: Enabling large-scale gnn training with batch-level graph partitioning},
  author={Yang, Shuangyan and Zhang, Minjia and Dong, Wenqian and Li, Dong},
  booktitle={Proceedings of the 28th ACM International Conference on Architectural Support for Programming Languages and Operating Systems, Volume 2},
  pages={103--117},
  year={2023}
}

@article{zheng2022bytegnn,
  title={ByteGNN: efficient graph neural network training at large scale},
  author={Zheng, Chenguang and Chen, Hongzhi and Cheng, Yuxuan and Song, Zhezheng and Wu, Yifan and Li, Changji and Cheng, James and Yang, Hao and Zhang, Shuai},
  journal={Proceedings of the VLDB Endowment},
  volume={15},
  number={6},
  pages={1228--1242},
  year={2022},
  publisher={VLDB Endowment}
}

@inproceedings{li2021training,
  title={Training graph neural networks with 1000 layers},
  author={Li, Guohao and M{\"u}ller, Matthias and Ghanem, Bernard and Koltun, Vladlen},
  booktitle={International conference on machine learning},
  pages={6437--6449},
  year={2021},
  organization={PMLR}
}

@article{xue2024haste,
  title={Haste Makes Waste: A Simple Approach for Scaling Graph Neural Networks},
  author={Xue, Rui and Zhao, Tong and Shah, Neil and Liu, Xiaorui},
  journal={arXiv preprint arXiv:2410.05416},
  year={2024}
}

%Introduction
@inproceedings{ying2018graph,
  title={Graph convolutional neural networks for web-scale recommender systems},
  author={Ying, Rex and He, Ruining and Chen, Kaifeng and Eksombatchai, Pong and Hamilton, William L and Leskovec, Jure},
  booktitle={Proceedings of the 24th ACM SIGKDD international conference on knowledge discovery \& data mining},
  pages={974--983},
  year={2018}
}

@article{reiser2022graph,
  title={Graph neural networks for materials science and chemistry},
  author={Reiser, Patrick and Neubert, Marlen and Eberhard, Andr{\'e} and Torresi, Luca and Zhou, Chen and Shao, Chen and Metni, Houssam and van Hoesel, Clint and Schopmans, Henrik and Sommer, Timo and others},
  journal={Communications Materials},
  volume={3},
  number={1},
  pages={93},
  year={2022},
  publisher={Nature Publishing Group UK London}
}

@article{buterez2024transfer,
  title={Transfer learning with graph neural networks for improved molecular property prediction in the multi-fidelity setting},
  author={Buterez, David and Janet, Jon Paul and Kiddle, Steven J and Oglic, Dino and Li{\'o}, Pietro},
  journal={Nature Communications},
  volume={15},
  number={1},
  pages={1517},
  year={2024},
  publisher={Nature Publishing Group UK London}
}

@article{zhou2024reconstructed,
  title={Reconstructed graph neural network with knowledge distillation for lightweight anomaly detection},
  author={Zhou, Xiaokang and Wu, Jiayi and Liang, Wei and Kevin, I and Wang, Kai and Yan, Zheng and Yang, Laurence T and Jin, Qun},
  journal={IEEE Transactions on Neural Networks and Learning Systems},
  year={2024},
  publisher={IEEE}
}

@article{hu2021ogb,
  title={OGB-LSC: A Large-Scale Challenge for Machine Learning on Graphs},
  author={Hu, Weihua and Fey, Matthias and Ren, Hongyu and Nakata, Maho and Dong, Yuxiao and Leskovec, Jure},
  journal={NeurIPS},
  volume={34},
  year={2021}
}

@inproceedings{gupta2013wtf,
  title={Wtf: The who to follow service at twitter},
  author={Gupta, Pankaj and Goel, Ashish and Lin, Jimmy and Sharma, Aneesh and Wang, Dong and Zadeh, Reza},
  booktitle={Proceedings of the 22nd international conference on World Wide Web},
  pages={505--514},
  year={2013}
}

@misc{snapnets,
  author={Jure Leskovec and Andrej Krevl},
  title={{SNAP Datasets}: {Stanford} Large Network Dataset Collection},
  howpublished={\url{http://snap.stanford.edu/data}},
  month=jun,
  year=2014
}

%Waveform relaxation
@book{white1987waveform,
  title={Waveform relaxation},
  author={White, Jacob K and Sangiovanni-Vincentelli, Alberto and White, Jacob K and Sangiovanni-Vincentelli, Alberto},
  year={1987},
  publisher={Springer}
}


% Wilcoxon 
@incollection{wilcoxon1992individual,
  title={Individual comparisons by ranking methods},
  author={Wilcoxon, Frank},
  booktitle={Breakthroughs in statistics: Methodology and distribution},
  pages={196--202},
  year={1992},
  publisher={Springer}
}

%GNN as ODE
@inproceedings{xhonneux2020continuous,
  title={Continuous graph neural networks},
  author={Xhonneux, Louis-Pascal A. C. and Meng, Qu and Tang, Jian},
  booktitle={International conference on machine learning},
  year={2020},
  organization={PMLR}
}

@inproceedings{poli2020graph,
  title={Graph neural ordinary differential equations},
  author={Poli, Michael and Massaroli, Stefano and Park, Junyoung and Yamashita, Atsushi and Asama, Hajime and Park, Jinkyoo},
  booktitle={Association for the Advancement of Artificial Intelligence},
  year={2020},
  organization={aaai}
}
