@inproceedings{chiang2019cluster,
  title={Cluster-gcn: An efficient algorithm for training deep and large graph convolutional networks},
  author={Chiang, Wei-Lin and Liu, Xuanqing and Si, Si and Li, Yang and Bengio, Samy and Hsieh, Cho-Jui},
  booktitle={Proceedings of the 25th ACM SIGKDD international conference on knowledge discovery \& data mining},
  pages={257--266},
  year={2019}
}

@inproceedings{fey2021gnnautoscale,
  title={Gnnautoscale: Scalable and expressive graph neural networks via historical embeddings},
  author={Fey, Matthias and Lenssen, Jan E and Weichert, Frank and Leskovec, Jure},
  booktitle={International conference on machine learning},
  pages={3294--3304},
  year={2021},
  organization={PMLR}
}

@inproceedings{li2021training,
  title={Training graph neural networks with 1000 layers},
  author={Li, Guohao and M{\"u}ller, Matthias and Ghanem, Bernard and Koltun, Vladlen},
  booktitle={International conference on machine learning},
  pages={6437--6449},
  year={2021},
  organization={PMLR}
}

@article{xue2024haste,
  title={Haste Makes Waste: A Simple Approach for Scaling Graph Neural Networks},
  author={Xue, Rui and Zhao, Tong and Shah, Neil and Liu, Xiaorui},
  journal={arXiv preprint arXiv:2410.05416},
  year={2024}
}

@inproceedings{yang2023betty,
  title={Betty: Enabling large-scale gnn training with batch-level graph partitioning},
  author={Yang, Shuangyan and Zhang, Minjia and Dong, Wenqian and Li, Dong},
  booktitle={Proceedings of the 28th ACM International Conference on Architectural Support for Programming Languages and Operating Systems, Volume 2},
  pages={103--117},
  year={2023}
}

@inproceedings{zeng2020graphsaint,
  title={GraphSAINT: Graph Sampling Based Inductive Learning Method},
  author={Zeng, Hanqing and Zhou, Hongkuan and Srivastava, Ajitesh and Kannan, Rajgopal and Prasanna, Viktor},
  booktitle={International Conference on Learning Representations},
  year={2020}
}

@article{zheng2022bytegnn,
  title={ByteGNN: efficient graph neural network training at large scale},
  author={Zheng, Chenguang and Chen, Hongzhi and Cheng, Yuxuan and Song, Zhezheng and Wu, Yifan and Li, Changji and Cheng, James and Yang, Hao and Zhang, Shuai},
  journal={Proceedings of the VLDB Endowment},
  volume={15},
  number={6},
  pages={1228--1242},
  year={2022},
  publisher={VLDB Endowment}
}

@inproceedings{zheng2022distributed,
  title={Distributed hybrid cpu and gpu training for graph neural networks on billion-scale heterogeneous graphs},
  author={Zheng, Da and Song, Xiang and Yang, Chengru and LaSalle, Dominique and Karypis, George},
  booktitle={Proceedings of the 28th ACM SIGKDD Conference on Knowledge Discovery and Data Mining},
  pages={4582--4591},
  year={2022}
}

