@article{wang2018multi,
  title={Multi-armed bandits with compensation},
  author={Wang, Siwei and Huang, Longbo},
  journal={Advances in Neural Information Processing Systems},
  volume={31},
  year={2018}
}
@inproceedings{frazier2014incentivizing,
  title={Incentivizing exploration},
  author={Frazier, Peter and Kempe, David and Kleinberg, Jon and Kleinberg, Robert},
  booktitle={Proceedings of the fifteenth ACM conference on Economics and computation},
  pages={5--22},
  year={2014}
}
@article{mansour2016bayesian,
  title={Bayesian exploration: Incentivizing exploration in bayesian games},
  author={Mansour, Yishay and Slivkins, Aleksandrs and Syrgkanis, Vasilis and Wu, Zhiwei Steven},
  journal={arXiv preprint arXiv:1602.07570},
  year={2016}
}
@inproceedings{mansour2015bayesian,
  title={Bayesian incentive-compatible bandit exploration},
  author={Mansour, Yishay and Slivkins, Aleksandrs and Syrgkanis, Vasilis},
  booktitle={Proceedings of the Sixteenth ACM Conference on Economics and Computation},
  pages={565--582},
  year={2015}
}
@article{kremer2014implementing,
  title={Implementing the “wisdom of the crowd”},
  author={Kremer, Ilan and Mansour, Yishay and Perry, Motty},
  journal={Journal of Political Economy},
  volume={122},
  number={5},
  pages={988--1012},
  year={2014},
  publisher={University of Chicago Press Chicago, IL}
}

@inproceedings{shi2021federated,
  title={Federated multi-armed bandits},
  author={Shi, Chengshuai and Shen, Cong},
  booktitle={Proceedings of the AAAI Conference on Artificial Intelligence},
  volume={35},
  number={11},
  pages={9603--9611},
  year={2021}
}

@inproceedings{shi2021federated1,
  title={Federated multi-armed bandits with personalization},
  author={Shi, Chengshuai and Shen, Cong and Yang, Jing},
  booktitle={International Conference on Artificial Intelligence and Statistics},
  pages={2917--2925},
  year={2021},
  organization={PMLR}
}

@article{auer2002finite,
  title={Finite-time analysis of the multiarmed bandit problem},
  author={Auer, Peter and Cesa-Bianchi, Nicolo and Fischer, Paul},
  journal={Machine learning},
  volume={47},
  number={2},
  pages={235--256},
  year={2002},
  publisher={Springer}
}

@article{lai1985asymptotically,
  title={Asymptotically efficient adaptive allocation rules},
  author={Lai, Tze Leung and Robbins, Herbert and others},
  journal={Advances in applied mathematics},
  volume={6},
  number={1},
  pages={4--22},
  year={1985}
}

@article{shi2021almost,
  title={(Almost) Free Incentivized Exploration from Decentralized Learning Agents},
  author={Shi, Chengshuai and Xu, Haifeng and Xiong, Wei and Shen, Cong},
  journal={Advances in Neural Information Processing Systems},
  volume={34},
  pages={560--571},
  year={2021}
}

@inproceedings{liu2020competing,
  title={Competing bandits in matching markets},
  author={Liu, Lydia T and Mania, Horia and Jordan, Michael},
  booktitle={International Conference on Artificial Intelligence and Statistics},
  pages={1618--1628},
  year={2020},
  organization={PMLR}
}


@article{zhangmatching,
  title={Matching in Multi-arm Bandit with Collision},
  author={Zhang, Yirui and Wang, Siwei and Fang, Zhixuan},
  journal={Advances in Neural Information Processing Systems},
  year={2022}
}

@inproceedings{zhu2021federated,
  title={Federated bandit: A gossiping approach},
  author={Zhu, Zhaowei and Zhu, Jingxuan and Liu, Ji and Liu, Yang},
  booktitle={Abstract Proceedings of the 2021 ACM SIGMETRICS/International Conference on Measurement and Modeling of Computer Systems},
  pages={3--4},
  year={2021}
}

@article{sankararaman2019social,
  title={Social learning in multi agent multi armed bandits},
  author={Sankararaman, Abishek and Ganesh, Ayalvadi and Shakkottai, Sanjay},
  journal={Proceedings of the ACM on Measurement and Analysis of Computing Systems},
  volume={3},
  number={3},
  pages={1--35},
  year={2019},
  publisher={ACM New York, NY, USA}
}

@article{agarwal2021multi,
  title={Multi-agent multi-armed bandits with limited communication},
  author={Agarwal, Mridul and Aggarwal, Vaneet and Azizzadenesheli, Kamyar},
  journal={arXiv preprint arXiv:2102.08462},
  year={2021}
}
@inproceedings{shahrampour2017multi,
  title={Multi-armed bandits in multi-agent networks},
  author={Shahrampour, Shahin and Rakhlin, Alexander and Jadbabaie, Ali},
  booktitle={2017 IEEE International Conference on Acoustics, Speech and Signal Processing (ICASSP)},
  pages={2786--2790},
  year={2017},
  organization={IEEE}
}

@inproceedings{vial2021robust,
  title={Robust multi-agent multi-armed bandits},
  author={Vial, Daniel and Shakkottai, Sanjay and Srikant, R},
  booktitle={Proceedings of the Twenty-second International Symposium on Theory, Algorithmic Foundations, and Protocol Design for Mobile Networks and Mobile Computing},
  pages={161--170},
  year={2021}
}

@incollection{hoeffding1994probability,
  title={Probability inequalities for sums of bounded random variables},
  author={Hoeffding, Wassily},
  booktitle={The collected works of Wassily Hoeffding},
  pages={409--426},
  year={1994},
  publisher={Springer}
}

@article{european2016regulation,
  title={Regulation on the protection of natural persons with regard to the processing of personal data and on the free movement of such data, and repealing Directive 95/46/EC (Data Protection Directive)},
  author={European Parliament and Council of the European Union},
  journal={Official Journal of the European Union},
  volume={119},
  pages={1--88},
  year={2016}
}

@book{lattimore2020bandit,
  title={Bandit algorithms},
  author={Lattimore, Tor and Szepesv{\'a}ri, Csaba},
  year={2020},
  publisher={Cambridge University Press}
}




@book{gittins2011multi,
  title={Multi-armed bandit allocation indices},
  author={Gittins, John and Glazebrook, Kevin and Weber, Richard},
  year={2011},
  publisher={John Wiley \& Sons}
}

@article{thompson1933likelihood,
  title={On the likelihood that one unknown probability exceeds another in view of the evidence of two samples},
  author={Thompson, William R},
  journal={Biometrika},
  volume={25},
  number={3-4},
  pages={285--294},
  year={1933},
  publisher={Oxford University Press}
}

@article{watkins1989learning,
  title={Learning from delayed rewards},
  author={Watkins, Christopher John Cornish Hellaby},
  year={1989},
  publisher={King's College, Cambridge United Kingdom}
}

@article{mehrabi2021survey,
  title={A survey on bias and fairness in machine learning},
  author={Mehrabi, Ninareh and Morstatter, Fred and Saxena, Nripsuta and Lerman, Kristina and Galstyan, Aram},
  journal={ACM Computing Surveys (CSUR)},
  volume={54},
  number={6},
  pages={1--35},
  year={2021},
  publisher={ACM New York, NY, USA}
}

@book{shoham2008multiagent,
  title={Multiagent systems: Algorithmic, game-theoretic, and logical foundations},
  author={Shoham, Yoav and Leyton-Brown, Kevin},
  year={2008},
  publisher={Cambridge University Press}
}

@inproceedings{kong2023player,
  title={Player-optimal Stable Regret for Bandit Learning in Matching Markets},
  author={Kong, Fang and Li, Shuai},
  booktitle={Proceedings of the 2023 Annual ACM-SIAM Symposium on Discrete Algorithms (SODA)},
  pages={1512--1522},
  year={2023},
  organization={SIAM}
}

@article{madhushani2021call,
  title={When to call your neighbor? strategic communication in cooperative stochastic bandits},
  author={Madhushani, Udari and Leonard, Naomi},
  journal={arXiv preprint arXiv:2110.04396},
  year={2021}
}

@inproceedings{yang2022distributed,
  title={Distributed bandits with heterogeneous agents},
  author={Yang, Lin and Chen, Yu-Zhen Janice and Hajiemaili, Mohammad H and Lui, John CS and Towsley, Don},
  booktitle={IEEE INFOCOM 2022-IEEE Conference on Computer Communications},
  pages={200--209},
  year={2022},
  organization={IEEE}
}

@article{baek2021fair,
  title={Fair exploration via axiomatic bargaining},
  author={Baek, Jackie and Farias, Vivek},
  journal={Advances in Neural Information Processing Systems},
  volume={34},
  pages={22034--22045},
  year={2021}
}

@article{zeng2021comprehensive,
  title={A comprehensive survey of incentive mechanism for federated learning},
  author={Zeng, Rongfei and Zeng, Chao and Wang, Xingwei and Li, Bo and Chu, Xiaowen},
  journal={arXiv preprint arXiv:2106.15406},
  year={2021}
}

@article{farina2018ex,
  title={Ex ante coordination and collusion in zero-sum multi-player extensive-form games},
  author={Farina, Gabriele and Celli, Andrea and Gatti, Nicola and Sandholm, Tuomas},
  journal={Advances in Neural Information Processing Systems},
  volume={31},
  year={2018}
}

@article{hammond1981ex,
  title={Ex-ante and ex-post welfare optimality under uncertainty},
  author={Hammond, Peter J},
  journal={Economica},
  volume={48},
  number={191},
  pages={235--250},
  year={1981},
  publisher={JSTOR}
}

@inproceedings{babichenko2021bayesian,
  title={Bayesian persuasion under ex ante and ex post constraints},
  author={Babichenko, Yakov and Talgam-Cohen, Inbal and Zabarnyi, Konstantin},
  booktitle={Proceedings of the AAAI Conference on Artificial Intelligence},
  volume={35},
  number={6},
  pages={5127--5134},
  year={2021}
}

@article{tsai2006s,
  title={What's it to you? a survey of online privacy concerns and risks},
  author={Tsai, Janice and Cranor, Lorrie Faith and Acquisti, Alessandro and Fong, Christina M},
  journal={A survey of online privacy concerns and risks (October 2006) .NET Institute Working Paper},
  number={06-29},
  year={2006}
}

@article{bellman2004international,
  title={International differences in information privacy concerns: A global survey of consumers},
  author={Bellman, Steven and Johnson, Eric J and Kobrin, Stephen J and Lohse, Gerald L},
  journal={The Information Society},
  volume={20},
  number={5},
  pages={313--324},
  year={2004},
  publisher={Taylor \& Francis}
}

@inproceedings{mcmahan2017communication,
  title={Communication-efficient learning of deep networks from decentralized data},
  author={McMahan, Brendan and Moore, Eider and Ramage, Daniel and Hampson, Seth and y Arcas, Blaise Aguera},
  booktitle={Artificial intelligence and statistics},
  pages={1273--1282},
  year={2017},
  organization={PMLR}
}

@article{qu2020blockchained,
  title={A blockchained federated learning framework for cognitive computing in industry 4.0 networks},
  author={Qu, Youyang and Pokhrel, Shiva Raj and Garg, Sahil and Gao, Longxiang and Xiang, Yong},
  journal={IEEE Transactions on Industrial Informatics},
  volume={17},
  number={4},
  pages={2964--2973},
  year={2020},
  publisher={IEEE}
}

@article{kaissis2020secure,
  title={Secure, privacy-preserving and federated machine learning in medical imaging},
  author={Kaissis, Georgios A and Makowski, Marcus R and R{\"u}ckert, Daniel and Braren, Rickmer F},
  journal={Nature Machine Intelligence},
  volume={2},
  number={6},
  pages={305--311},
  year={2020},
  publisher={Nature Publishing Group UK London}
}

@article{durrant2022role,
  title={The role of cross-silo federated learning in facilitating data sharing in the agri-food sector},
  author={Durrant, Aiden and Markovic, Milan and Matthews, David and May, David and Enright, Jessica and Leontidis, Georgios},
  journal={Computers and Electronics in Agriculture},
  volume={193},
  pages={106648},
  year={2022},
  publisher={Elsevier}
}

@inproceedings{saputra2019energy,
  title={Energy demand prediction with federated learning for electric vehicle networks},
  author={Saputra, Yuris Mulya and Hoang, Dinh Thai and Nguyen, Diep N and Dutkiewicz, Eryk and Mueck, Markus Dominik and Srikanteswara, Srikathyayani},
  booktitle={2019 IEEE global communications conference (GLOBECOM)},
  pages={1--6},
  year={2019},
  organization={IEEE}
}

@inproceedings{kamp2019efficient,
  title={Efficient decentralized deep learning by dynamic model averaging},
  author={Kamp, Michael and Adilova, Linara and Sicking, Joachim and H{\"u}ger, Fabian and Schlicht, Peter and Wirtz, Tim and Wrobel, Stefan},
  booktitle={Machine Learning and Knowledge Discovery in Databases: European Conference, ECML PKDD 2018, Dublin, Ireland, September 10--14, 2018, Proceedings, Part I 18},
  pages={393--409},
  year={2019},
  organization={Springer}
}

@article{pillutla2022robust,
  title={Robust aggregation for federated learning},
  author={Pillutla, Krishna and Kakade, Sham M and Harchaoui, Zaid},
  journal={IEEE Transactions on Signal Processing},
  volume={70},
  pages={1142--1154},
  year={2022},
  publisher={IEEE}
}

@article{jeong2018communication,
  title={Communication-efficient on-device machine learning: Federated distillation and augmentation under non-iid private data},
  author={Jeong, Eunjeong and Oh, Seungeun and Kim, Hyesung and Park, Jihong and Bennis, Mehdi and Kim, Seong-Lyun},
  journal={arXiv preprint arXiv:1811.11479},
  year={2018}
}

@article{sattler2019robust,
  title={Robust and communication-efficient federated learning from non-iid data},
  author={Sattler, Felix and Wiedemann, Simon and M{\"u}ller, Klaus-Robert and Samek, Wojciech},
  journal={IEEE transactions on neural networks and learning systems},
  volume={31},
  number={9},
  pages={3400--3413},
  year={2019},
  publisher={IEEE}
}

@inproceedings{han2015incentivizing,
  title={Incentivizing exploration with heterogeneous value of money},
  author={Han, Li and Kempe, David and Qiang, Ruixin},
  booktitle={Web and Internet Economics: 11th International Conference, WINE 2015, Amsterdam, The Netherlands, December 9-12, 2015, Proceedings 11},
  pages={370--383},
  year={2015},
  organization={Springer}
}

@article{wang2021incentivizing,
  title={Incentivizing exploration in linear bandits under information gap},
  author={Wang, Huazheng and Xu, Haifeng and Li, Chuanhao and Liu, Zhiyuan and Wang, Hongning},
  journal={arXiv preprint arXiv:2104.03860},
  year={2021}
}

@article{immorlica2018incentivizing,
  title={Incentivizing exploration with selective data disclosure},
  author={Immorlica, Nicole and Mao, Jieming and Slivkins, Aleksandrs and Wu, Zhiwei Steven},
  journal={arXiv preprint arXiv:1811.06026},
  year={2018}
}