@inproceedings{atlason2019unsupervised,
  title={Unsupervised brain lesion segmentation from {MRI} using a convolutional autoencoder},
  author={Atlason, Hans E and Love, Askell and Sigurdsson, Sigurdur and Gudnason, Vilmundur and Ellingsen, Lotta M},
  booktitle={Medical Imaging 2019: Image Processing},
  volume={10949},
  pages={372--378},
  year={2019},
  organization={SPIE}
}

@inproceedings{baur2020steganomaly,
  title={Steganomaly: Inhibiting cyclegan steganography for unsupervised anomaly detection in brain mri},
  author={Baur, Christoph and Graf, Robert and Wiestler, Benedikt and Albarqouni, Shadi and Navab, Nassir},
  booktitle={International conference on medical image computing and computer-assisted intervention},
  pages={718--727},
  year={2020},
  organization={Springer}
}

@article{baur2021autoencoders,
  title={Autoencoders for unsupervised anomaly segmentation in brain {MR} images: a comparative study},
  author={Baur, Christoph and Denner, Stefan and Wiestler, Benedikt and Navab, Nassir and Albarqouni, Shadi},
  journal={Medical Image Analysis},
  volume={69},
  pages={101952},
  year={2021},
  publisher={Elsevier}
}

@inproceedings{behrendt2023patched,
  title={Patched diffusion models for unsupervised anomaly detection in brain {MRI}},
  author={Behrendt, Finn and Bhattacharya, Debayan and Kr{\"u}ger, Julia and Opfer, Roland and Schlaefer, Alexander},
  booktitle={Medical Imaging with Deep Learning},
  pages={1019--1032},
  year={2024},
  organization={PMLR}
}

@inproceedings{behrendt2024leveraging,
  title={Leveraging the {M}ahalanobis Distance to Enhance Unsupervised Brain {MRI} Anomaly Detection},
  author={Behrendt, Finn and Bhattacharya, Debayan and Mieling, Robin and Maack, Lennart and Kr{\"u}ger, Julia and Opfer, Roland and Schlaefer, Alexander},
  booktitle={International Conference on Medical Image Computing and Computer-Assisted Intervention},
  pages={394--404},
  year={2024},
  organization={Springer}
}

@inproceedings{bercea2023mask,
  title={Mask, refine, and segment: A principled approach for online anomaly segmentation},
  author={Bercea, Cristian-Paul and Lorenz, Michael and Zenati, Hamid and Liznerski, Andre and Beaumont, Paul-Ambroise and d'Autume, C{\'e}dric},
  booktitle={Proceedings of the IEEE/CVF Winter Conference on Applications of Computer Vision},
  pages={191--201},
  year={2023}
}

@inproceedings{bercea2024diffusion,
  title={Diffusion models with implicit guidance for medical anomaly detection},
  author={Bercea, Cosmin I and Wiestler, Benedikt and Rueckert, Daniel and Schnabel, Julia A},
  booktitle={International Conference on Medical Image Computing and Computer-Assisted Intervention},
  pages={211--220},
  year={2024},
  organization={Springer}
}

@article{croitoru2023diffusion,
  title={Diffusion models in vision: A survey},
  author={Croitoru, Florinel-Alin and Hondru, Vlad and Ionescu, Radu Tudor and Shah, Mubarak},
  journal={IEEE Transactions on Pattern Analysis and Machine Intelligence},
  volume={45},
  number={9},
  pages={10850--10869},
  year={2023},
  publisher={IEEE}
}

@inproceedings{iqbal2023unsupervised,
  title={Unsupervised anomaly detection in medical images using masked diffusion model},
  author={Iqbal, Hasan and Khalid, Umar and Chen, Chen and Hua, Jing},
  booktitle={International Workshop on Machine Learning in Medical Imaging},
  pages={372--381},
  year={2023},
  organization={Springer}
}

@article{kascenas2022denoising,
  title={Denoising diffusion probabilistic models for anomaly detection in brain {MRI}},
  author={Kascenas, Rytis and Zuo, Yang and Eckley, Idris A and Gunn, Roger N and Elliott, Mark A},
  journal={Medical Image Analysis},
  volume={82},
  pages={102591},
  year={2022},
  publisher={Elsevier}
}

@inproceedings{liang2024itermask2,
  title={IterMask 2: Iterative Unsupervised Anomaly Segmentation via Spatial and Frequency Masking for Brain Lesions in MRI},
  author={Liang, Ziyun and Guo, Xiaoqing and Noble, J Alison and Kamnitsas, Konstantinos},
  booktitle={International Conference on Medical Image Computing and Computer-Assisted Intervention},
  pages={339--348},
  year={2024},
  organization={Springer}
}

@inproceedings{naval2024ensembled,
  title={Ensembled Cold-Diffusion Restorations for Unsupervised Anomaly Detection},
  author={Naval Marimont, Sergio and Siomos, Vasilis and Baugh, Matthew and Tzelepis, Christos and Kainz, Bernhard and Tarroni, Giacomo},
  booktitle={International Conference on Medical Image Computing and Computer-Assisted Intervention},
  pages={243--253},
  year={2024}
}

@inproceedings{naval_marimont2024disyre,
  title={{DISYRE}: Diffusion-inspired synthetic restoration for unsupervised anomaly detection},
  author={Naval Marimont, Sergio and Baugh, Matthew and Siomos, Vasilis and Tzelepis, Christos and Kainz, Bernhard and Tarroni, Giacomo},
  booktitle={Proceedings/IEEE International Symposium on Biomedical Imaging (ISBI)},
  year={2024},
  organization={IEEE}
}

@inproceedings{schlegl2017unsupervised,
  title={Unsupervised anomaly detection with generative adversarial networks to guide marker discovery},
  author={Schlegl, Thomas and Seeb{\"o}ck, Philipp and Waldstein, Sebastian M and Schmidt-Erfurth, Ursula and Langs, Georg},
  booktitle={International conference on information processing in medical imaging},
  pages={146--157},
  year={2017},
  organization={Springer}
}

@article{schlegl2019fast,
  title={f-{AnoGAN}: Fast unsupervised anomaly detection with generative adversarial networks},
  author={Schlegl, Thomas and Seeb{\"o}ck, Philipp and Waldstein, Sebastian M and Langs, Georg and Schmidt-Erfurth, Ursula},
  journal={Medical image analysis},
  volume={54},
  pages={30--44},
  year={2019},
  publisher={Elsevier}
}

@article{silva2022constrained,
  title={Constrained unsupervised anomaly segmentation},
  author={Silva-Rodr{\'\i}guez, Julio and Naranjo, Valery and Dolz, Jose},
  journal={Medical Image Analysis},
  volume={80},
  pages={102526},
  year={2022},
  publisher={Elsevier}
}

@inproceedings{wyatt2022anoddpm,
  title={A{NODDPM}: Anomaly detection with denoising diffusion probabilistic models using simplex noise},
  author={Wyatt, Julian and Leach, Adam and Schmon, Sebastian M and Willcocks, Chris G},
  booktitle={Proceedings of the IEEE/CVF Conference on Computer Vision and Pattern Recognition Workshops},
  pages={650--656},
  year={2022}
}

@inproceedings{zimmerer2019unsupervised,
  title={Unsupervised anomaly localization using variational auto-encoders},
  author={Zimmerer, David and Isensee, Fabian and Petersen, Jens and Kohl, Simon and Maier-Hein, Klaus},
  booktitle={Medical Image Computing and Computer Assisted Intervention--MICCAI 2019: 22nd International Conference, Shenzhen, China, October 13--17, 2019, Proceedings, Part IV 22},
  pages={289--297},
  year={2019},
  organization={Springer}
}

