
@article{kascenas2022denoising,
  title={Denoising diffusion probabilistic models for anomaly detection in brain {MRI}},
  author={Kascenas, Rytis and Zuo, Yang and Eckley, Idris A and Gunn, Roger N and Elliott, Mark A},
  journal={Medical Image Analysis},
  volume={82},
  pages={102591},
  year={2022},
  publisher={Elsevier}
}

@article{schlegl2019f,
  title={f-{AnoGAN}: Fast unsupervised anomaly detection with generative adversarial networks},
  author={Schlegl, Thomas and Seeb{\"o}ck, Philipp and Waldstein, Sebastian M and Schmidt-Erfurth, Ursula and Langs, Georg},
  journal={Medical image analysis},
  volume={54},
  pages={30--44},
  year={2019},
  publisher={Elsevier}
}

@inproceedings{wyatt2022anoddpm,
  title={A{NODDPM}: Anomaly detection with denoising diffusion probabilistic models using simplex noise},
  author={Wyatt, Julian and Leach, Adam and Schmon, Sebastian M and Willcocks, Chris G},
  booktitle={Proceedings of the IEEE/CVF Conference on Computer Vision and Pattern Recognition Workshops},
  pages={650--656},
  year={2022}
}

@article{baur2021autoencoders,
  title={Autoencoders for unsupervised anomaly segmentation in brain {MR} images: a comparative study},
  author={Baur, Christoph and Denner, Stefan and Wiestler, Benedikt and Navab, Nassir and Albarqouni, Shadi},
  journal={Medical Image Analysis},
  volume={69},
  pages={101952},
  year={2021},
  publisher={Elsevier}
}




@inproceedings{behrendt2023patched,
  title={Patched diffusion models for unsupervised anomaly detection in brain {MRI}},
  author={Behrendt, Finn and Bhattacharya, Debayan and Kr{\"u}ger, Julia and Opfer, Roland and Schlaefer, Alexander},
  booktitle={Medical Imaging with Deep Learning},
  pages={1019--1032},
  year={2024},
  organization={PMLR}
}

@inproceedings{bercea2023mask,
  title={Mask, refine, and segment: A principled approach for online anomaly segmentation},
  author={Bercea, Cristian-Paul and Lorenz, Michael and Zenati, Hamid and Liznerski, Andre and Beaumont, Paul-Ambroise and d'Autume, C{\'e}dric},
  booktitle={Proceedings of the IEEE/CVF Winter Conference on Applications of Computer Vision},
  pages={191--201},
  year={2023}
}
@inproceedings{bercea2024diffusion,
  title={Diffusion models with implicit guidance for medical anomaly detection},
  author={Bercea, Cosmin I and Wiestler, Benedikt and Rueckert, Daniel and Schnabel, Julia A},
  booktitle={International Conference on Medical Image Computing and Computer-Assisted Intervention},
  pages={211--220},
  year={2024},
  organization={Springer}
}



@inproceedings{baur2018deep,
  title={Deep autoencoding models for unsupervised anomaly segmentation in brain {MR} images},
  author={Baur, Christoph and Wiestler, Benedikt and Albarqouni, Shadi and Navab, Nassir},
  booktitle={International MICCAI brainlesion workshop},
  pages={161--169},
  year={2018},
  organization={Springer}
}

@article{silva2022constrained,
  title={Constrained unsupervised anomaly segmentation},
  author={Silva-Rodr{\'\i}guez, Julio and Naranjo, Valery and Dolz, Jose},
  journal={Medical Image Analysis},
  volume={80},
  pages={102526},
  year={2022},
  publisher={Elsevier}
}

@article{behrendt2022unsupervised,
  title={Unsupervised anomaly detection in {3D} brain {MRI} using deep learning with impured training data},
  author={Behrendt, Finn and Bengs, Mathis and Rogge, Friederike and Kr{\"u}ger, Julia and Opfer, Roland and Schlaefer, Alexander},
  journal={2022 IEEE 19th International Symposium on Biomedical Imaging (ISBI)},
  pages={1--4},
  year={2022},
  organization={IEEE}
}


@article{bercea2023reversing,
  title={Reversing the abnormal: Pseudo-healthy generative networks for anomaly detection},
  author={Bercea, Cosmin I and Wiestler, Benedikt and Rueckert, Daniel and Schnabel, Julia A},
  journal={arXiv preprint arXiv:2303.08452},
  year={2023}
}
@inproceedings{bercea2024generalizing,
  title={Generalizing unsupervised anomaly detection: Towards unbiased pathology screening},
  author={Bercea, Cosmin I and Wiestler, Benedikt and Rueckert, Daniel and Schnabel, Julia A},
  booktitle={Medical Imaging with Deep Learning},
  pages={39--52},
  year={2024},
  organization={PMLR}
}
@inproceedings{bhatt2021unsupervised,
  title={Unsupervised detection of lung nodules in chest radiography using generative adversarial networks},
  author={Bhatt, Nitish and Prados, David Ram{\'o}n and Hodzic, Nedim and Karanassios, Christos and Tizhoosh, HR},
  booktitle={2021 43rd Annual International Conference of the IEEE Engineering in Medicine \& Biology Society (EMBC)},
  pages={3842--3845},
  year={2021},
  organization={IEEE}
}

@inproceedings{liang2023modality,
  title={Modality cycles with masked conditional diffusion for unsupervised anomaly segmentation in {MRI}},
  author={Liang, Ziyun and Anthony, Hayden and Wagner, Fabian and Kamnitsas, Konstantinos},
  booktitle={International Conference on Medical Image Computing and Computer-Assisted Intervention},
  pages={168--181},
  year={2023}
}

@article{naval_marimont2023achieving,
  title={Achieving state-of-the-art performance in the Medical Out-of-Distribution (MOOD) challenge using plausible synthetic anomalies},
  author={Naval Marimont, Sergio and Tarroni, Giacomo},
  journal={arXiv preprint arXiv:2308.01412},
  year={2023}
}
@inproceedings{naval_marimont2024disyre,
  title={{DISYRE}: Diffusion-inspired synthetic restoration for unsupervised anomaly detection},
  author={Naval Marimont, Sergio and Baugh, Matthew and Siomos, Vasilis and Tzelepis, Christos and Kainz, Bernhard and Tarroni, Giacomo},
  booktitle={Proceedings/IEEE International Symposium on Biomedical Imaging (ISBI)},
  year={2024},
  organization={IEEE}
}
@article{schlegl2019fast,
  title={f-{AnoGAN}: Fast unsupervised anomaly detection with generative adversarial networks},
  author={Schlegl, Thomas and Seeb{\"o}ck, Philipp and Waldstein, Sebastian M and Langs, Georg and Schmidt-Erfurth, Ursula},
  journal={Medical image analysis},
  volume={54},
  pages={30--44},
  year={2019},
  publisher={Elsevier}
}

@inproceedings{Wyatt_2022_CVPR,
  author = {Wyatt, Julian and Leach, Adam and Schmon, Sebastian M. and Willcocks, Chris G.},
  title = {{AnoDDPM}: Anomaly Detection With Denoising Diffusion Probabilistic Models Using Simplex Noise},
  booktitle = {Proceedings of the IEEE/CVF Conference on Computer Vision and Pattern Recognition (CVPR) Workshops},
  month = {June},
  year = {2022},
  pages = {650-656}
}

@inproceedings{zimmerer2019unsupervised,
  title={Unsupervised anomaly localization using variational auto-encoders},
  author={Zimmerer, David and Isensee, Fabian and Petersen, Jens and Kohl, Simon and Maier-Hein, Klaus},
  booktitle={Medical Image Computing and Computer Assisted Intervention--MICCAI 2019: 22nd International Conference, Shenzhen, China, October 13--17, 2019, Proceedings, Part IV 22},
  pages={289--297},
  year={2019},
  organization={Springer}
}

@inproceedings{naval2024ensembled,
  title={Ensembled Cold-Diffusion Restorations for Unsupervised Anomaly Detection},
  author={Naval Marimont, Sergio and Siomos, Vasilis and Baugh, Matthew and Tzelepis, Christos and Kainz, Bernhard and Tarroni, Giacomo},
  booktitle={International Conference on Medical Image Computing and Computer-Assisted Intervention},
  pages={243--253},
  year={2024}
}
@inproceedings{behrendt2024leveraging,
  title={Leveraging the {M}ahalanobis Distance to Enhance Unsupervised Brain {MRI} Anomaly Detection},
  author={Behrendt, Finn and Bhattacharya, Debayan and Mieling, Robin and Maack, Lennart and Kr{\"u}ger, Julia and Opfer, Roland and Schlaefer, Alexander},
  booktitle={International Conference on Medical Image Computing and Computer-Assisted Intervention},
  pages={394--404},
  year={2024},
  organization={Springer}
}

@inproceedings{schlegl2017unsupervised,
  title={Unsupervised anomaly detection with generative adversarial networks to guide marker discovery},
  author={Schlegl, Thomas and Seeb{\"o}ck, Philipp and Waldstein, Sebastian M and Schmidt-Erfurth, Ursula and Langs, Georg},
  booktitle={International conference on information processing in medical imaging},
  pages={146--157},
  year={2017},
  organization={Springer}
}

@inproceedings{rombach2022high,
  title={High-resolution image synthesis with latent diffusion models},
  author={Rombach, Robin and Blattmann, Andreas and Lorenz, Dominik and Esser, Patrick and Ommer, Bj{\"o}rn},
  booktitle={Proceedings of the IEEE/CVF conference on computer vision and pattern recognition},
  pages={10684--10695},
  year={2022}
}

@inproceedings{peebles2023scalable,
  title={Scalable diffusion models with transformers},
  author={Peebles, William and Xie, Saining},
  booktitle={Proceedings of the IEEE/CVF International Conference on Computer Vision},
  pages={4195--4205},
  year={2023}
}

@article{ho2020denoising,
  title={Denoising diffusion probabilistic models},
  author={Ho, Jonathan and Jain, Ajay and Abbeel, Pieter},
  journal={Advances in neural information processing systems},
  volume={33},
  pages={6840--6851},
  year={2020}
}

@inproceedings{wei2023diffusion,
  title={Diffusion models as masked autoencoders},
  author={Wei, Chen and Mangalam, Karttikeya and Huang, Po-Yao and Li, Yanghao and Fan, Haoqi and Xu, Hu and Wang, Huiyu and Xie, Cihang and Yuille, Alan and Feichtenhofer, Christoph},
  booktitle={Proceedings of the IEEE/CVF International Conference on Computer Vision},
  pages={16284--16294},
  year={2023}
}

@inproceedings{songdenoising,
  title={Denoising Diffusion Implicit Models},
  author={Song, Jiaming and Meng, Chenlin and Ermon, Stefano},
  booktitle={International Conference on Learning Representations},
  year={2021}
}

@inproceedings{zhang2018unreasonable,
  title={The unreasonable effectiveness of deep features as a perceptual metric},
  author={Zhang, Richard and Isola, Phillip and Efros, Alexei A and Shechtman, Eli and Wang, Oliver},
  booktitle={Proceedings of the IEEE conference on computer vision and pattern recognition},
  pages={586--595},
  year={2018}
}

@article{kingma2013auto,
  title={Auto-encoding variational bayes},
  author={Kingma, Diederik P},
  journal={arXiv preprint arXiv:1312.6114},
  year={2013}
}

@inproceedings{nichol2021improved,
  title={Improved denoising diffusion probabilistic models},
  author={Nichol, Alexander Quinn and Dhariwal, Prafulla},
  booktitle={International conference on machine learning},
  pages={8162--8171},
  year={2021},
  organization={PMLR}
}


@article{havaei2017brain,
  title={Brain tumor segmentation with deep neural networks},
  author={Havaei, Mohammad and Davy, Axel and Warde-Farley, David and Biard, Antoine and Courville, Aaron and Bengio, Yoshua and Pal, Chris and Jodoin, Pierre-Marc and Larochelle, Hugo},
  journal={Medical image analysis},
  volume={35},
  pages={18--31},
  year={2017},
  publisher={Elsevier}
}

@article{sinha2020multi,
  title={Multi-scale self-guided attention for medical image segmentation},
  author={Sinha, Ashish and Dolz, Jose},
  journal={IEEE journal of biomedical and health informatics},
  volume={25},
  number={1},
  pages={121--130},
  year={2020},
  publisher={IEEE}
}

@article{kuijf2019standardized,
  title={Standardized assessment of automatic segmentation of white matter hyperintensities and results of the {WMH} segmentation challenge},
  author={Kuijf, Hugo J and Biesbroek, J Matthijs and De Bresser, Jeroen and Heinen, Rutger and Andermatt, Simon and Bento, Mariana and Berseth, Matt and Belyaev, Mikhail and Cardoso, M Jorge and Casamitjana, Adria and others},
  journal={IEEE transactions on medical imaging},
  volume={38},
  number={11},
  pages={2556--2568},
  year={2019},
  publisher={IEEE}
}

@article{kervadec2021boundary,
  title={Boundary loss for highly unbalanced segmentation},
  author={Kervadec, Hoel and Bouchtiba, Jihene and Desrosiers, Christian and Granger, Eric and Dolz, Jose and Ben, Ismail},
  journal={Medical Image Analysis},
  volume={67},
  number={10185},
  pages={101851},
  year={2021}
}

@article{pagnozzi2019quantifying,
  title={Quantifying deep grey matter atrophy using automated segmentation approaches: A systematic review of structural MRI studies},
  author={Pagnozzi, Alex M and Fripp, Jurgen and Rose, Stephen E},
  journal={Neuroimage},
  volume={201},
  pages={116018},
  year={2019},
  publisher={Elsevier}
}


@inproceedings{kamnitsas2018ensembles,
  title={Ensembles of multiple models and architectures for robust brain tumour segmentation},
  author={Kamnitsas, Konstantinos and Bai, Wenjia and Ferrante, Enzo and McDonagh, Steven and Sinclair, Matthew and Pawlowski, Nick and Rajchl, Martin and Lee, Matthew and Kainz, Bernhard and Rueckert, Daniel and others},
  booktitle={Brainlesion: Glioma, Multiple Sclerosis, Stroke and Traumatic Brain Injuries: Third International Workshop, BrainLes 2017, Held in Conjunction with MICCAI 2017, Quebec City, QC, Canada, September 14, 2017, Revised Selected Papers 3},
  pages={450--462},
  year={2018}
}

@incollection{Rumelhart1986,
  author    = {Rumelhart, David E. and Hinton, Geoffrey E. and Williams, Ronald J.},
  title     = {Learning Internal Representations by Error Propagation},
  booktitle = {Parallel Distributed Processing: Explorations in the Microstructure of Cognition, Vol. 1},
  editor    = {Rumelhart, David E. and McClelland, James L. and the PDP Research Group},
  pages     = {318--362},
  publisher = {MIT Press},
  address   = {Cambridge, MA, USA},
  year      = {1986}
}

@article{goodfellow2020generative,
  title={Generative adversarial networks},
  author={Goodfellow, Ian and Pouget-Abadie, Jean and Mirza, Mehdi and Xu, Bing and Warde-Farley, David and Ozair, Sherjil and Courville, Aaron and Bengio, Yoshua},
  journal={Communications of the ACM},
  volume={63},
  number={11},
  pages={139--144},
  year={2020},
  publisher={ACM New York, NY, USA}
}

@inproceedings{sohl2015deep,
  title={Deep unsupervised learning using nonequilibrium thermodynamics},
  author={Sohl-Dickstein, Jascha and Weiss, Eric and Maheswaranathan, Niru and Ganguli, Surya},
  booktitle={International conference on machine learning},
  pages={2256--2265},
  year={2015},
  organization={PMLR}
}

@article{kingma2021variational,
  title={Variational diffusion models},
  author={Kingma, Diederik and Salimans, Tim and Poole, Ben and Ho, Jonathan},
  journal={Advances in neural information processing systems},
  volume={34},
  pages={21696--21707},
  year={2021}
}

@inproceedings{yan2023feature,
  title={Feature prediction diffusion model for video anomaly detection},
  author={Yan, Cheng and Zhang, Shiyu and Liu, Yang and Pang, Guansong and Wang, Wenjun},
  booktitle={Proceedings of the IEEE/CVF International Conference on Computer Vision},
  pages={5527--5537},
  year={2023}
}

@inproceedings{graham2023denoising,
  title={Denoising diffusion models for out-of-distribution detection},
  author={Graham, Mark S and Pinaya, Walter HL and Tudosiu, Petru-Daniel and Nachev, Parashkev and Ourselin, Sebastien and Cardoso, Jorge},
  booktitle={Proceedings of the IEEE/CVF Conference on Computer Vision and Pattern Recognition},
  pages={2948--2957},
  year={2023}
}


@inproceedings{lu2023removing,
  title={Removing anomalies as noises for industrial defect localization},
  author={Lu, Fanbin and Yao, Xufeng and Fu, Chi-Wing and Jia, Jiaya},
  booktitle={Proceedings of the IEEE/CVF International Conference on Computer Vision},
  pages={16166--16175},
  year={2023}
}

@inproceedings{gudovskiy2022cflow,
  title={{CFLOW-AD}: Real-time unsupervised anomaly detection with localization via conditional normalizing flows},
  author={Gudovskiy, Denis and Ishizaka, Shun and Kozuka, Kazuki},
  booktitle={Proceedings of the IEEE/CVF winter conference on applications of computer vision},
  pages={98--107},
  year={2022}
}

@misc{ixi,
  title = {IXI Dataset},
  howpublished = {\url{https://brain-development.org/ixi-dataset/}},
  note = {Accessed: 2023-02-15},
  year={}
}

@article{bakas2017advancing,
  title={Advancing the cancer genome atlas glioma MRI collections with expert segmentation labels and radiomic features},
  author={Bakas, Spyridon and Akbari, Hamed and Sotiras, Aristeidis and Bilello, Michel and Rozycki, Martin and Kirby, Justin S and Freymann, John B and Farahani, Keyvan and Davatzikos, Christos},
  journal={Scientific data},
  volume={4},
  number={1},
  pages={1--13},
  year={2017},
  publisher={Nature Publishing Group}
}


@article{liew2022large,
  title={A large, curated, open-source stroke neuroimaging dataset to improve lesion segmentation algorithms},
  author={Liew, Sook-Lei and Lo, Bethany P and Donnelly, Miranda R and Zavaliangos-Petropulu, Artemis and Jeong, Jessica N and Barisano, Giuseppe and Hutton, Alexandre and Simon, Julia P and Juliano, Julia M and Suri, Anisha and others},
  journal={Scientific data},
  volume={9},
  number={1},
  pages={320},
  year={2022},
  publisher={Nature Publishing Group UK London}
}


@inproceedings{atlason2019unsupervised,
  title={Unsupervised brain lesion segmentation from {MRI} using a convolutional autoencoder},
  author={Atlason, Hans E and Love, Askell and Sigurdsson, Sigurdur and Gudnason, Vilmundur and Ellingsen, Lotta M},
  booktitle={Medical Imaging 2019: Image Processing},
  volume={10949},
  pages={372--378},
  year={2019},
  organization={SPIE}
}

@inproceedings{baur2020steganomaly,
  title={Steganomaly: Inhibiting cyclegan steganography for unsupervised anomaly detection in brain mri},
  author={Baur, Christoph and Graf, Robert and Wiestler, Benedikt and Albarqouni, Shadi and Navab, Nassir},
  booktitle={International conference on medical image computing and computer-assisted intervention},
  pages={718--727},
  year={2020},
  organization={Springer}
}

@article{croitoru2023diffusion,
  title={Diffusion models in vision: A survey},
  author={Croitoru, Florinel-Alin and Hondru, Vlad and Ionescu, Radu Tudor and Shah, Mubarak},
  journal={IEEE Transactions on Pattern Analysis and Machine Intelligence},
  volume={45},
  number={9},
  pages={10850--10869},
  year={2023},
  publisher={IEEE}
}

@inproceedings{liang2024itermask2,
  title={IterMask 2: Iterative Unsupervised Anomaly Segmentation via Spatial and Frequency Masking for Brain Lesions in MRI},
  author={Liang, Ziyun and Guo, Xiaoqing and Noble, J Alison and Kamnitsas, Konstantinos},
  booktitle={International Conference on Medical Image Computing and Computer-Assisted Intervention},
  pages={339--348},
  year={2024},
  organization={Springer}
}



@inproceedings{iqbal2023unsupervised,
  title={Unsupervised anomaly detection in medical images using masked diffusion model},
  author={Iqbal, Hasan and Khalid, Umar and Chen, Chen and Hua, Jing},
  booktitle={International Workshop on Machine Learning in Medical Imaging},
  pages={372--381},
  year={2023},
  organization={Springer}
}