% Use this file for citations not found in the ACL Anthology (contained in "anthology.bib").

@online{openaio1,
  author       = {OpenAI},
  title        = {Learning to Reason with LLMs.},
  year         = {2024},
  url          = {https://openai.com/index/learning-to-reason-with-llms},
  note         = {Accessed: 19-09-2024}
}


@article{nikankin2024arithmetic,
  title={Arithmetic without algorithms: Language models solve math with a bag of heuristics},
  author={Nikankin, Yaniv and Reusch, Anja and Mueller, Aaron and Belinkov, Yonatan},
  journal={arXiv preprint arXiv:2410.21272},
  year={2024}
}

@article{wu2024pyvene,
  title={pyvene: A library for understanding and improving PyTorch models via interventions},
  author={Wu, Zhengxuan and Geiger, Atticus and Arora, Aryaman and Huang, Jing and Wang, Zheng and Goodman, Noah D and Manning, Christopher D and Potts, Christopher},
  journal={arXiv preprint arXiv:2403.07809},
  year={2024}
}

@article{fiotto2024nnsight,
  title={Nnsight and ndif: Democratizing access to foundation model internals},
  author={Fiotto-Kaufman, Jaden and Loftus, Alexander R and Todd, Eric and Brinkmann, Jannik and Juang, Caden and Pal, Koyena and Rager, Can and Mueller, Aaron and Marks, Samuel and Sharma, Arnab Sen and others},
  journal={arXiv preprint arXiv:2407.14561},
  year={2024}
}

@article{qi2024mutual,
  title={Mutual reasoning makes smaller llms stronger problem-solvers},
  author={Qi, Zhenting and Ma, Mingyuan and Xu, Jiahang and Zhang, Li Lyna and Yang, Fan and Yang, Mao},
  journal={arXiv preprint arXiv:2408.06195},
  year={2024}
}

@article{zhou2022least,
  title={Least-to-most prompting enables complex reasoning in large language models},
  author={Zhou, Denny and Sch{\"a}rli, Nathanael and Hou, Le and Wei, Jason and Scales, Nathan and Wang, Xuezhi and Schuurmans, Dale and Cui, Claire and Bousquet, Olivier and Le, Quoc and others},
  journal={arXiv preprint arXiv:2205.10625},
  year={2022}
}

@article{snell2024scaling,
  title={Scaling llm test-time compute optimally can be more effective than scaling model parameters},
  author={Snell, Charlie and Lee, Jaehoon and Xu, Kelvin and Kumar, Aviral},
  journal={arXiv preprint arXiv:2408.03314},
  year={2024}
}

@article{luo2024improve,
  title={Improve Mathematical Reasoning in Language Models by Automated Process Supervision},
  author={Luo, Liangchen and Liu, Yinxiao and Liu, Rosanne and Phatale, Samrat and Lara, Harsh and Li, Yunxuan and Shu, Lei and Zhu, Yun and Meng, Lei and Sun, Jiao and others},
  journal={arXiv preprint arXiv:2406.06592},
  year={2024}
}

@article{wei2022chain,
  title={Chain-of-thought prompting elicits reasoning in large language models},
  author={Wei, Jason and Wang, Xuezhi and Schuurmans, Dale and Bosma, Maarten and Xia, Fei and Chi, Ed and Le, Quoc V and Zhou, Denny and others},
  journal={Advances in neural information processing systems},
  volume={35},
  pages={24824--24837},
  year={2022}
}

@article{yang2024large,
  title={Do Large Language Models Latently Perform Multi-Hop Reasoning?},
  author={Yang, Sohee and Gribovskaya, Elena and Kassner, Nora and Geva, Mor and Riedel, Sebastian},
  journal={arXiv preprint arXiv:2402.16837},
  year={2024}
}

@article{biran2024hopping,
  title={Hopping Too Late: Exploring the Limitations of Large Language Models on Multi-Hop Queries},
  author={Biran, Eden and Gottesman, Daniela and Yang, Sohee and Geva, Mor and Globerson, Amir},
  journal={arXiv preprint arXiv:2406.12775},
  year={2024}
}

@inproceedings{yu2024neuron,
  title={Neuron-level knowledge attribution in large language models},
  author={Yu, Zeping and Ananiadou, Sophia},
  booktitle={Proceedings of the 2024 Conference on Empirical Methods in Natural Language Processing},
  pages={3267--3280},
  year={2024}
}

@inproceedings{geva2023dissecting,
  title={Dissecting Recall of Factual Associations in Auto-Regressive Language Models},
  author={Geva, Mor and Bastings, Jasmijn and Filippova, Katja and Globerson, Amir},
  booktitle={The 2023 Conference on Empirical Methods in Natural Language Processing},
  year={2023}
}

@inproceedings{sakarvadia2023memory,
  title={Memory Injections: Correcting Multi-Hop Reasoning Failures During Inference in Transformer-Based Language Models},
  author={Sakarvadia, Mansi and Ajith, Aswathy and Khan, Arham and Grzenda, Daniel and Hudson, Nathaniel and Bauer, Andr{\'e} and Chard, Kyle and Foster, Ian},
  booktitle={Proceedings of the 6th BlackboxNLP Workshop: Analyzing and Interpreting Neural Networks for NLP},
  pages={342--356},
  year={2023}
}

@article{li2024understanding,
  title={Understanding and patching compositional reasoning in llms},
  author={Li, Zhaoyi and Jiang, Gangwei and Xie, Hong and Song, Linqi and Lian, Defu and Wei, Ying},
  journal={arXiv preprint arXiv:2402.14328},
  year={2024}
}

@inproceedings{gu2024model,
  title={Model editing harms general abilities of large language models: Regularization to the rescue},
  author={Gu, Jia-Chen and Xu, Hao-Xiang and Ma, Jun-Yu and Lu, Pan and Ling, Zhen-Hua and Chang, Kai-Wei and Peng, Nanyun},
  booktitle={Proceedings of the 2024 Conference on Empirical Methods in Natural Language Processing},
  pages={16801--16819},
  year={2024}
}

@article{gupta2024model,
  title={Model editing at scale leads to gradual and catastrophic forgetting},
  author={Gupta, Akshat and Rao, Anurag and Anumanchipalli, Gopala},
  journal={arXiv preprint arXiv:2401.07453},
  year={2024}
}

@article{ju2024investigating,
  title={Investigating Multi-Hop Factual Shortcuts in Knowledge Editing of Large Language Models},
  author={Ju, Tianjie and Chen, Yijin and Yuan, Xinwei and Zhang, Zhuosheng and Du, Wei and Zheng, Yubin and Liu, Gongshen},
  journal={arXiv preprint arXiv:2402.11900},
  year={2024}
}

@article{geva2020transformer,
  title={Transformer feed-forward layers are key-value memories},
  author={Geva, Mor and Schuster, Roei and Berant, Jonathan and Levy, Omer},
  journal={arXiv preprint arXiv:2012.14913},
  year={2020}
}

@article{touvron2023llama2,
  title={Llama 2: Open foundation and fine-tuned chat models},
  author={Touvron, Hugo and Martin, Louis and Stone, Kevin and Albert, Peter and Almahairi, Amjad and Babaei, Yasmine and Bashlykov, Nikolay and Batra, Soumya and Bhargava, Prajjwal and Bhosale, Shruti and others},
  journal={arXiv preprint arXiv:2307.09288},
  year={2023}
}

@article{loshchilov2017decoupled,
  title={Decoupled weight decay regularization},
  author={Loshchilov, I},
  journal={arXiv preprint arXiv:1711.05101},
  year={2017}
}

@article{touvron2023llama,
  title={Llama: Open and efficient foundation language models},
  author={Touvron, Hugo and Lavril, Thibaut and Izacard, Gautier and Martinet, Xavier and Lachaux, Marie-Anne and Lacroix, Timoth{\'e}e and Rozi{\`e}re, Baptiste and Goyal, Naman and Hambro, Eric and Azhar, Faisal and others},
  journal={arXiv preprint arXiv:2302.13971},
  year={2023}
}

@article{creswell2022selection,
  title={Selection-inference: Exploiting large language models for interpretable logical reasoning},
  author={Creswell, Antonia and Shanahan, Murray and Higgins, Irina},
  journal={arXiv preprint arXiv:2205.09712},
  year={2022}
}

@article{shum2023automatic,
  title={Automatic prompt augmentation and selection with chain-of-thought from labeled data},
  author={Shum, KaShun and Diao, Shizhe and Zhang, Tong},
  journal={arXiv preprint arXiv:2302.12822},
  year={2023}
}

@article{chen2024self,
  title={Self-play fine-tuning converts weak language models to strong language models},
  author={Chen, Zixiang and Deng, Yihe and Yuan, Huizhuo and Ji, Kaixuan and Gu, Quanquan},
  journal={arXiv preprint arXiv:2401.01335},
  year={2024}
}

@article{wang2022self,
  title={Self-consistency improves chain of thought reasoning in language models},
  author={Wang, Xuezhi and Wei, Jason and Schuurmans, Dale and Le, Quoc and Chi, Ed and Narang, Sharan and Chowdhery, Aakanksha and Zhou, Denny},
  journal={arXiv preprint arXiv:2203.11171},
  year={2022}
}

@article{brown2024large,
  title={Large language monkeys: Scaling inference compute with repeated sampling},
  author={Brown, Bradley and Juravsky, Jordan and Ehrlich, Ryan and Clark, Ronald and Le, Quoc V and R{\'e}, Christopher and Mirhoseini, Azalia},
  journal={arXiv preprint arXiv:2407.21787},
  year={2024}
}

@article{yao2024tree,
  title={Tree of thoughts: Deliberate problem solving with large language models},
  author={Yao, Shunyu and Yu, Dian and Zhao, Jeffrey and Shafran, Izhak and Griffiths, Tom and Cao, Yuan and Narasimhan, Karthik},
  journal={Advances in Neural Information Processing Systems},
  volume={36},
  year={2024}
}

@article{hao2023reasoning,
  title={Reasoning with language model is planning with world model},
  author={Hao, Shibo and Gu, Yi and Ma, Haodi and Hong, Joshua Jiahua and Wang, Zhen and Wang, Daisy Zhe and Hu, Zhiting},
  journal={arXiv preprint arXiv:2305.14992},
  year={2023}
}

@inproceedings{fu2022complexity,
  title={Complexity-based prompting for multi-step reasoning},
  author={Fu, Yao and Peng, Hao and Sabharwal, Ashish and Clark, Peter and Khot, Tushar},
  booktitle={The Eleventh International Conference on Learning Representations},
  year={2022}
}

@inproceedings{nostalgebraist2020,
  title={Interpreting GPT: the logit lens},
  author={Nostalgebraist},
  journal={},
  year={2020}
}

@article{jiang2023mistral,
  title={Mistral 7B},
  author={Jiang, Albert Q and Sablayrolles, Alexandre and Mensch, Arthur and Bamford, Chris and Chaplot, Devendra Singh and Casas, Diego de las and Bressand, Florian and Lengyel, Gianna and Lample, Guillaume and Saulnier, Lucile and others},
  journal={arXiv preprint arXiv:2310.06825},
  year={2023}
}

@inproceedings{Chris2022,
  title={Mechanistic Interpretability, Variables, and the Importance of Interpretable Bases},
  author={Chris Olah},
  booktitle={Transformer Circuits Thread},
  year={2022}
}

@article{dar2022analyzing,
  title={Analyzing transformers in embedding space},
  author={Dar, Guy and Geva, Mor and Gupta, Ankit and Berant, Jonathan},
  journal={arXiv preprint arXiv:2209.02535},
  year={2022}
}

@article{elhage2021mathematical,
  title={A mathematical framework for transformer circuits},
  author={Elhage, Nelson and Nanda, Neel and Olsson, Catherine and Henighan, Tom and Joseph, Nicholas and Mann, Ben and Askell, Amanda and Bai, Yuntao and Chen, Anna and Conerly, Tom and others},
  journal={Transformer Circuits Thread},
  volume={1},
  number={1},
  pages={12},
  year={2021}
}

@article{geva2022transformer,
  title={Transformer feed-forward layers build predictions by promoting concepts in the vocabulary space},
  author={Geva, Mor and Caciularu, Avi and Wang, Kevin Ro and Goldberg, Yoav},
  journal={arXiv preprint arXiv:2203.14680},
  year={2022}
}

@article{vig2020investigating,
  title={Investigating gender bias in language models using causal mediation analysis},
  author={Vig, Jesse and Gehrmann, Sebastian and Belinkov, Yonatan and Qian, Sharon and Nevo, Daniel and Singer, Yaron and Shieber, Stuart},
  journal={Advances in neural information processing systems},
  volume={33},
  pages={12388--12401},
  year={2020}
}

@article{meng2022locating,
  title={Locating and editing factual associations in GPT},
  author={Meng, Kevin and Bau, David and Andonian, Alex and Belinkov, Yonatan},
  journal={Advances in Neural Information Processing Systems},
  volume={35},
  pages={17359--17372},
  year={2022}
}

@article{stolfo2023mechanistic,
  title={A mechanistic interpretation of arithmetic reasoning in language models using causal mediation analysis},
  author={Stolfo, Alessandro and Belinkov, Yonatan and Sachan, Mrinmaya},
  journal={arXiv preprint arXiv:2305.15054},
  year={2023}
}

@article{olsson2022context,
  title={In-context learning and induction heads},
  author={Olsson, Catherine and Elhage, Nelson and Nanda, Neel and Joseph, Nicholas and DasSarma, Nova and Henighan, Tom and Mann, Ben and Askell, Amanda and Bai, Yuntao and Chen, Anna and others},
  journal={arXiv preprint arXiv:2209.11895},
  year={2022}
}

@article{zhang2023towards,
  title={Towards best practices of activation patching in language models: Metrics and methods},
  author={Zhang, Fred and Nanda, Neel},
  journal={arXiv preprint arXiv:2309.16042},
  year={2023}
}

@article{gould2023successor,
  title={Successor heads: Recurring, interpretable attention heads in the wild},
  author={Gould, Rhys and Ong, Euan and Ogden, George and Conmy, Arthur},
  journal={arXiv preprint arXiv:2312.09230},
  year={2023}
}

@article{hanna2024does,
  title={How does GPT-2 compute greater-than?: Interpreting mathematical abilities in a pre-trained language model},
  author={Hanna, Michael and Liu, Ollie and Variengien, Alexandre},
  journal={Advances in Neural Information Processing Systems},
  volume={36},
  year={2024}
}

@article{wang2022interpretability,
  title={Interpretability in the wild: a circuit for indirect object identification in gpt-2 small},
  author={Wang, Kevin and Variengien, Alexandre and Conmy, Arthur and Shlegeris, Buck and Steinhardt, Jacob},
  journal={arXiv preprint arXiv:2211.00593},
  year={2022}
}

@article{katz2023visit,
  title={VISIT: Visualizing and interpreting the semantic information flow of transformers},
  author={Katz, Shahar and Belinkov, Yonatan},
  journal={arXiv preprint arXiv:2305.13417},
  year={2023}
}

@article{elhage2022toy,
  title={Toy models of superposition},
  author={Elhage, Nelson and Hume, Tristan and Olsson, Catherine and Schiefer, Nicholas and Henighan, Tom and Kravec, Shauna and Hatfield-Dodds, Zac and Lasenby, Robert and Drain, Dawn and Chen, Carol and others},
  journal={arXiv preprint arXiv:2209.10652},
  year={2022}
}

@article{gao2024scaling,
  title={Scaling and evaluating sparse autoencoders},
  author={Gao, Leo and la Tour, Tom Dupr{\'e} and Tillman, Henk and Goh, Gabriel and Troll, Rajan and Radford, Alec and Sutskever, Ilya and Leike, Jan and Wu, Jeffrey},
  journal={arXiv preprint arXiv:2406.04093},
  year={2024}
}

@book{templeton2024scaling,
  title={Scaling monosemanticity: Extracting interpretable features from claude 3 sonnet},
  author={Templeton, Adly},
  year={2024},
  publisher={Anthropic}
}

@article{cunningham2023sparse,
  title={Sparse autoencoders find highly interpretable features in language models},
  author={Cunningham, Hoagy and Ewart, Aidan and Riggs, Logan and Huben, Robert and Sharkey, Lee},
  journal={arXiv preprint arXiv:2309.08600},
  year={2023}
}

@article{scherlis2022polysemanticity,
  title={Polysemanticity and capacity in neural networks},
  author={Scherlis, Adam and Sachan, Kshitij and Jermyn, Adam S and Benton, Joe and Shlegeris, Buck},
  journal={arXiv preprint arXiv:2210.01892},
  year={2022}
}

@article{bricken2023towards,
  title={Towards monosemanticity: Decomposing language models with dictionary learning},
  author={Bricken, Trenton and Templeton, Adly and Batson, Joshua and Chen, Brian and Jermyn, Adam and Conerly, Tom and Turner, Nick and Anil, Cem and Denison, Carson and Askell, Amanda and others},
  journal={Transformer Circuits Thread},
  volume={2},
  year={2023}
}

@inproceedings{yu2024interpreting,
  title={Interpreting Arithmetic Mechanism in Large Language Models through Comparative Neuron Analysis},
  author={Yu, Zeping and Ananiadou, Sophia},
  booktitle={Proceedings of the 2024 Conference on Empirical Methods in Natural Language Processing},
  pages={3293--3306},
  year={2024}
}

@article{li2024chain,
  title={Chain of thought empowers transformers to solve inherently serial problems},
  author={Li, Zhiyuan and Liu, Hong and Zhou, Denny and Ma, Tengyu},
  journal={arXiv preprint arXiv:2402.12875},
  year={2024}
}

@article{wang2024chain,
  title={Chain-of-thought reasoning without prompting},
  author={Wang, Xuezhi and Zhou, Denny},
  journal={arXiv preprint arXiv:2402.10200},
  year={2024}
}

@article{huang2023large,
  title={Large language models cannot self-correct reasoning yet},
  author={Huang, Jie and Chen, Xinyun and Mishra, Swaroop and Zheng, Huaixiu Steven and Yu, Adams Wei and Song, Xinying and Zhou, Denny},
  journal={arXiv preprint arXiv:2310.01798},
  year={2023}
}

@article{lightman2023let,
  title={Let's verify step by step},
  author={Lightman, Hunter and Kosaraju, Vineet and Burda, Yura and Edwards, Harri and Baker, Bowen and Lee, Teddy and Leike, Jan and Schulman, John and Sutskever, Ilya and Cobbe, Karl},
  journal={arXiv preprint arXiv:2305.20050},
  year={2023}
}

@article{brown2020language,
  title={Language models are few-shot learners},
  author={Brown, Tom B},
  journal={arXiv preprint arXiv:2005.14165},
  year={2020}
}

@article{patel2021nlp,
  title={Are NLP models really able to solve simple math word problems?},
  author={Patel, Arkil and Bhattamishra, Satwik and Goyal, Navin},
  journal={arXiv preprint arXiv:2103.07191},
  year={2021}
}

@article{roy2016solving,
  title={Solving general arithmetic word problems},
  author={Roy, Subhro and Roth, Dan},
  journal={arXiv preprint arXiv:1608.01413},
  year={2016}
}

@article{geva2021did,
  title={Did aristotle use a laptop? a question answering benchmark with implicit reasoning strategies},
  author={Geva, Mor and Khashabi, Daniel and Segal, Elad and Khot, Tushar and Roth, Dan and Berant, Jonathan},
  journal={Transactions of the Association for Computational Linguistics},
  volume={9},
  pages={346--361},
  year={2021},
  publisher={MIT Press One Rogers Street, Cambridge, MA 02142-1209, USA journals-info~…}
}

@article{meta2024introducing,
  title={Introducing meta llama 3: The most capable openly available llm to date},
  author={Meta, AI},
  journal={Meta AI},
  year={2024}
}

@article{dubey2024llama,
  title={The llama 3 herd of models},
  author={Dubey, Abhimanyu and Jauhri, Abhinav and Pandey, Abhinav and Kadian, Abhishek and Al-Dahle, Ahmad and Letman, Aiesha and Mathur, Akhil and Schelten, Alan and Yang, Amy and Fan, Angela and others},
  journal={arXiv preprint arXiv:2407.21783},
  year={2024}
}

@article{meta2024llama,
  title={Llama 3.2: Revolutionizing edge ai and vision with open, customizable models},
  author={Meta, AI},
  journal={Meta AI},
  year={2024}
}