@inproceedings{Chris2022,
  title={Mechanistic Interpretability, Variables, and the Importance of Interpretable Bases},
  author={Chris Olah},
  booktitle={Transformer Circuits Thread},
  year={2022}
}

@article{bricken2023towards,
  title={Towards monosemanticity: Decomposing language models with dictionary learning},
  author={Bricken, Trenton and Templeton, Adly and Batson, Joshua and Chen, Brian and Jermyn, Adam and Conerly, Tom and Turner, Nick and Anil, Cem and Denison, Carson and Askell, Amanda and others},
  journal={Transformer Circuits Thread},
  volume={2},
  year={2023}
}

@article{brown2024large,
  title={Large language monkeys: Scaling inference compute with repeated sampling},
  author={Brown, Bradley and Juravsky, Jordan and Ehrlich, Ryan and Clark, Ronald and Le, Quoc V and R{\'e}, Christopher and Mirhoseini, Azalia},
  journal={arXiv preprint arXiv:2407.21787},
  year={2024}
}

@article{chen2024self,
  title={Self-play fine-tuning converts weak language models to strong language models},
  author={Chen, Zixiang and Deng, Yihe and Yuan, Huizhuo and Ji, Kaixuan and Gu, Quanquan},
  journal={arXiv preprint arXiv:2401.01335},
  year={2024}
}

@article{cunningham2023sparse,
  title={Sparse autoencoders find highly interpretable features in language models},
  author={Cunningham, Hoagy and Ewart, Aidan and Riggs, Logan and Huben, Robert and Sharkey, Lee},
  journal={arXiv preprint arXiv:2309.08600},
  year={2023}
}

@article{dar2022analyzing,
  title={Analyzing transformers in embedding space},
  author={Dar, Guy and Geva, Mor and Gupta, Ankit and Berant, Jonathan},
  journal={arXiv preprint arXiv:2209.02535},
  year={2022}
}

@article{elhage2021mathematical,
  title={A mathematical framework for transformer circuits},
  author={Elhage, Nelson and Nanda, Neel and Olsson, Catherine and Henighan, Tom and Joseph, Nicholas and Mann, Ben and Askell, Amanda and Bai, Yuntao and Chen, Anna and Conerly, Tom and others},
  journal={Transformer Circuits Thread},
  volume={1},
  number={1},
  pages={12},
  year={2021}
}

@article{elhage2022toy,
  title={Toy models of superposition},
  author={Elhage, Nelson and Hume, Tristan and Olsson, Catherine and Schiefer, Nicholas and Henighan, Tom and Kravec, Shauna and Hatfield-Dodds, Zac and Lasenby, Robert and Drain, Dawn and Chen, Carol and others},
  journal={arXiv preprint arXiv:2209.10652},
  year={2022}
}

@inproceedings{fu2022complexity,
  title={Complexity-based prompting for multi-step reasoning},
  author={Fu, Yao and Peng, Hao and Sabharwal, Ashish and Clark, Peter and Khot, Tushar},
  booktitle={The Eleventh International Conference on Learning Representations},
  year={2022}
}

@article{gao2024scaling,
  title={Scaling and evaluating sparse autoencoders},
  author={Gao, Leo and la Tour, Tom Dupr{\'e} and Tillman, Henk and Goh, Gabriel and Troll, Rajan and Radford, Alec and Sutskever, Ilya and Leike, Jan and Wu, Jeffrey},
  journal={arXiv preprint arXiv:2406.04093},
  year={2024}
}

@article{geva2020transformer,
  title={Transformer feed-forward layers are key-value memories},
  author={Geva, Mor and Schuster, Roei and Berant, Jonathan and Levy, Omer},
  journal={arXiv preprint arXiv:2012.14913},
  year={2020}
}

@article{geva2022transformer,
  title={Transformer feed-forward layers build predictions by promoting concepts in the vocabulary space},
  author={Geva, Mor and Caciularu, Avi and Wang, Kevin Ro and Goldberg, Yoav},
  journal={arXiv preprint arXiv:2203.14680},
  year={2022}
}

@inproceedings{geva2023dissecting,
  title={Dissecting Recall of Factual Associations in Auto-Regressive Language Models},
  author={Geva, Mor and Bastings, Jasmijn and Filippova, Katja and Globerson, Amir},
  booktitle={The 2023 Conference on Empirical Methods in Natural Language Processing},
  year={2023}
}

@article{gould2023successor,
  title={Successor heads: Recurring, interpretable attention heads in the wild},
  author={Gould, Rhys and Ong, Euan and Ogden, George and Conmy, Arthur},
  journal={arXiv preprint arXiv:2312.09230},
  year={2023}
}

@article{hanna2024does,
  title={How does GPT-2 compute greater-than?: Interpreting mathematical abilities in a pre-trained language model},
  author={Hanna, Michael and Liu, Ollie and Variengien, Alexandre},
  journal={Advances in Neural Information Processing Systems},
  volume={36},
  year={2024}
}

@article{hao2023reasoning,
  title={Reasoning with language model is planning with world model},
  author={Hao, Shibo and Gu, Yi and Ma, Haodi and Hong, Joshua Jiahua and Wang, Zhen and Wang, Daisy Zhe and Hu, Zhiting},
  journal={arXiv preprint arXiv:2305.14992},
  year={2023}
}

@article{huang2023large,
  title={Large language models cannot self-correct reasoning yet},
  author={Huang, Jie and Chen, Xinyun and Mishra, Swaroop and Zheng, Huaixiu Steven and Yu, Adams Wei and Song, Xinying and Zhou, Denny},
  journal={arXiv preprint arXiv:2310.01798},
  year={2023}
}

@article{katz2023visit,
  title={VISIT: Visualizing and interpreting the semantic information flow of transformers},
  author={Katz, Shahar and Belinkov, Yonatan},
  journal={arXiv preprint arXiv:2305.13417},
  year={2023}
}

@article{li2024chain,
  title={Chain of thought empowers transformers to solve inherently serial problems},
  author={Li, Zhiyuan and Liu, Hong and Zhou, Denny and Ma, Tengyu},
  journal={arXiv preprint arXiv:2402.12875},
  year={2024}
}

@article{lightman2023let,
  title={Let's verify step by step},
  author={Lightman, Hunter and Kosaraju, Vineet and Burda, Yura and Edwards, Harri and Baker, Bowen and Lee, Teddy and Leike, Jan and Schulman, John and Sutskever, Ilya and Cobbe, Karl},
  journal={arXiv preprint arXiv:2305.20050},
  year={2023}
}

@article{meng2022locating,
  title={Locating and editing factual associations in GPT},
  author={Meng, Kevin and Bau, David and Andonian, Alex and Belinkov, Yonatan},
  journal={Advances in Neural Information Processing Systems},
  volume={35},
  pages={17359--17372},
  year={2022}
}

@inproceedings{nostalgebraist2020,
  title={Interpreting GPT: the logit lens},
  author={Nostalgebraist},
  journal={},
  year={2020}
}

@article{olsson2022context,
  title={In-context learning and induction heads},
  author={Olsson, Catherine and Elhage, Nelson and Nanda, Neel and Joseph, Nicholas and DasSarma, Nova and Henighan, Tom and Mann, Ben and Askell, Amanda and Bai, Yuntao and Chen, Anna and others},
  journal={arXiv preprint arXiv:2209.11895},
  year={2022}
}

@article{scherlis2022polysemanticity,
  title={Polysemanticity and capacity in neural networks},
  author={Scherlis, Adam and Sachan, Kshitij and Jermyn, Adam S and Benton, Joe and Shlegeris, Buck},
  journal={arXiv preprint arXiv:2210.01892},
  year={2022}
}

@article{stolfo2023mechanistic,
  title={A mechanistic interpretation of arithmetic reasoning in language models using causal mediation analysis},
  author={Stolfo, Alessandro and Belinkov, Yonatan and Sachan, Mrinmaya},
  journal={arXiv preprint arXiv:2305.15054},
  year={2023}
}

@book{templeton2024scaling,
  title={Scaling monosemanticity: Extracting interpretable features from claude 3 sonnet},
  author={Templeton, Adly},
  year={2024},
  publisher={Anthropic}
}

@article{vig2020investigating,
  title={Investigating gender bias in language models using causal mediation analysis},
  author={Vig, Jesse and Gehrmann, Sebastian and Belinkov, Yonatan and Qian, Sharon and Nevo, Daniel and Singer, Yaron and Shieber, Stuart},
  journal={Advances in neural information processing systems},
  volume={33},
  pages={12388--12401},
  year={2020}
}

@article{wang2022interpretability,
  title={Interpretability in the wild: a circuit for indirect object identification in gpt-2 small},
  author={Wang, Kevin and Variengien, Alexandre and Conmy, Arthur and Shlegeris, Buck and Steinhardt, Jacob},
  journal={arXiv preprint arXiv:2211.00593},
  year={2022}
}

@article{wang2022self,
  title={Self-consistency improves chain of thought reasoning in language models},
  author={Wang, Xuezhi and Wei, Jason and Schuurmans, Dale and Le, Quoc and Chi, Ed and Narang, Sharan and Chowdhery, Aakanksha and Zhou, Denny},
  journal={arXiv preprint arXiv:2203.11171},
  year={2022}
}

@article{wang2024chain,
  title={Chain-of-thought reasoning without prompting},
  author={Wang, Xuezhi and Zhou, Denny},
  journal={arXiv preprint arXiv:2402.10200},
  year={2024}
}

@article{wei2022chain,
  title={Chain-of-thought prompting elicits reasoning in large language models},
  author={Wei, Jason and Wang, Xuezhi and Schuurmans, Dale and Bosma, Maarten and Xia, Fei and Chi, Ed and Le, Quoc V and Zhou, Denny and others},
  journal={Advances in neural information processing systems},
  volume={35},
  pages={24824--24837},
  year={2022}
}

@article{yao2024tree,
  title={Tree of thoughts: Deliberate problem solving with large language models},
  author={Yao, Shunyu and Yu, Dian and Zhao, Jeffrey and Shafran, Izhak and Griffiths, Tom and Cao, Yuan and Narasimhan, Karthik},
  journal={Advances in Neural Information Processing Systems},
  volume={36},
  year={2024}
}

@inproceedings{yu2024interpreting,
  title={Interpreting Arithmetic Mechanism in Large Language Models through Comparative Neuron Analysis},
  author={Yu, Zeping and Ananiadou, Sophia},
  booktitle={Proceedings of the 2024 Conference on Empirical Methods in Natural Language Processing},
  pages={3293--3306},
  year={2024}
}

@inproceedings{yu2024neuron,
  title={Neuron-level knowledge attribution in large language models},
  author={Yu, Zeping and Ananiadou, Sophia},
  booktitle={Proceedings of the 2024 Conference on Empirical Methods in Natural Language Processing},
  pages={3267--3280},
  year={2024}
}

@article{zhang2023towards,
  title={Towards best practices of activation patching in language models: Metrics and methods},
  author={Zhang, Fred and Nanda, Neel},
  journal={arXiv preprint arXiv:2309.16042},
  year={2023}
}

