@inproceedings{wu2018compressed,
  title={Compressed Sensing via a Deep Convolutional Auto-encoder},
  author={Wu, Hao and Zheng, Ziyang and Li, Yong and Dai, Wenrui and Xiong, Hongkai},
  booktitle={VCIP},
  year={2018}
}

@article{medvedoff1987groups,
  title={Groups of perfect shuffles},
  author={Medvedoff, Steve and Morrison, Kent and Huxley, Aldous},
  journal={Math. Mag.},
  year={1987},
}


@article{greiner1991survey,
  title={A survey on univariate data interpolation and approximation by splines of given shape},
  author={Greiner, H},
  journal={Mathematical and computer Modelling},
  year={1991},
}


@article{savitzky1964smoothing,
  title={Smoothing and differentiation of data by simplified least squares procedures.},
  author={Savitzky, Abraham and Golay, Marcel JE},
  journal={Analytical chemistry},
  volume={36},
  number={8},
  pages={1627--1639},
  year={1964},
  publisher={ACS Publications}
}
@article{touvron2023llama,
  title={Llama 2: Open foundation and fine-tuned chat models},
  author={Touvron, Hugo and Martin, Louis and Stone, Kevin and Albert, Peter and Almahairi, Amjad and Babaei, Yasmine and Bashlykov, Nikolay and Batra, Soumya and Bhargava, Prajjwal and Bhosale, Shruti and others},
  journal={arXiv preprint arXiv:2307.09288},
  year={2023}
}

@inproceedings{arisoy2012deep,
  title={Deep neural network language models},
  author={Arisoy, Ebru and Sainath, Tara N and Kingsbury, Brian and Ramabhadran, Bhuvana},
  booktitle={Proceedings of the NAACL-HLT 2012 Workshop: Will We Ever Really Replace the N-gram Model? On the Future of Language Modeling for HLT},
  year={2012}
}
@article{radford2019language,
  title={Language models are unsupervised multitask learners},
  author={Radford, Alec and Wu, Jeffrey and Child, Rewon and Luan, David and Amodei, Dario and Sutskever, Ilya and others},
  journal={OpenAI blog},
  year={2019}
}
@article{devlin2018bert,
  title={Bert: Pre-training of deep bidirectional transformers for language understanding},
  author={Devlin, Jacob and Chang, Ming-Wei and Lee, Kenton and Toutanova, Kristina},
  journal={arXiv preprint arXiv:1810.04805},
  year={2018}
}
@article{yin2023survey,
  title={A survey on multimodal large language models},
  author={Yin, Shukang and Fu, Chaoyou and Zhao, Sirui and Li, Ke and Sun, Xing and Xu, Tong and Chen, Enhong},
  journal={arXiv preprint arXiv:2306.13549},
  year={2023}
}
@article{chowdhery2023palm,
  title={Palm: Scaling language modeling with pathways},
  author={Chowdhery, Aakanksha and Narang, Sharan and Devlin, Jacob and Bosma, Maarten and Mishra, Gaurav and Roberts, Adam and Barham, Paul and Chung, Hyung Won and Sutton, Charles and Gehrmann, Sebastian and others},
  journal={Journal of Machine Learning Research},
  year={2023}
}


@article{li2024personal,
  title={Personal llm agents: Insights and survey about the capability, efficiency and security},
  author={Li, Yuanchun and Wen, Hao and Wang, Weijun and Li, Xiangyu and Yuan, Yizhen and Liu, Guohong and Liu, Jiacheng and Xu, Wenxing and Wang, Xiang and Sun, Yi and others},
  journal={arXiv preprint arXiv:2401.05459},
  year={2024}
}

@article{kojima2022large,
  title={Large language models are zero-shot reasoners},
  author={Kojima, Takeshi and Gu, Shixiang Shane and Reid, Machel and Matsuo, Yutaka and Iwasawa, Yusuke},
  journal={NIPS},
  year={2022}
}

@article{lecun2022path,
  title={A path towards autonomous machine intelligence version 0.9. 2, 2022-06-27},
  author={LeCun, Yann},
  journal={Open Review},
  volume={62},
  year={2022}
}

@article{videoworldsimulators2024,
  title={Video generation models as world simulators},
  author={Tim Brooks and Bill Peebles and Connor Homes and Will DePue and Yufei Guo and Li Jing and David Schnurr and Joe Taylor and Troy Luhman and Eric Luhman and Clarence Ng and Ricky Wang and Aditya Ramesh},
  year={2024},
  url={https://openai.com/research/video-generation-models-as-world-simulators},
}
@article{chhaglani2022flowsense,
  title={Flowsense: Monitoring airflow in building ventilation systems using audio sensing},
  author={Chhaglani, Bhawana and Zakaria, Camellia and Lechowicz, Adam and Gummeson, Jeremy and Shenoy, Prashant},
  journal={ACM IMWUT},
  year={2022},
}
@inproceedings{li2011real,
  title={Real-time visual tracking using compressive sensing},
  author={Li, Hanxi and Shen, Chunhua and Shi, Qinfeng},
  booktitle={IEEE CVPR},
  year={2011},
}
@inproceedings{chen2016toward,
  title={Toward real-time and cooperative mobile visual sensing and sharing},
  author={Chen, Huihui and Guo, Bin and Yu, Zhiwen and Han, Qi},
  booktitle={IEEE INFOCOM},
  year={2016},
}


@inproceedings{stisen2015smart,
  title={Smart devices are different: Assessing and mitigatingmobile sensing heterogeneities for activity recognition},
  author={Stisen, Allan and Blunck, Henrik and Bhattacharya, Sourav and Prentow, Thor Siiger and Kj{\ae}rgaard, Mikkel Baun and Dey, Anind and Sonne, Tobias and Jensen, Mads M{\o}ller},
  booktitle={ACM SenSys},
  year={2015}
}

@inproceedings{yang2015deep,
  title={Deep convolutional neural networks on multichannel time series for human activity recognition.},
  author={Yang, Jianbo and Nguyen, Minh Nhut and San, Phyo Phyo and Li, Xiaoli and Krishnaswamy, Shonali},
  booktitle={Ijcai},
  year={2015},
}

@inproceedings{xu2021limu,
  title={Limu-bert: Unleashing the potential of unlabeled data for imu sensing applications},
  author={Xu, Huatao and Zhou, Pengfei and Tan, Rui and Li, Mo and Shen, Guobin},
  booktitle={ACM SenSys},
  year={2021}
}

@article{biau2016random,
  title={A random forest guided tour},
  author={Biau, G{\'e}rard and Scornet, Erwan},
  journal={Test},

  year={2016},
  publisher={Springer}
}

@article{brown2020language,
  title={Language models are few-shot learners},
  author={Brown, Tom and Mann, Benjamin and Ryder, Nick and Subbiah, Melanie and Kaplan, Jared D and Dhariwal, Prafulla and Neelakantan, Arvind and Shyam, Pranav and Sastry, Girish and Askell, Amanda and others},
  journal={NIPS},
  year={2020}
}
@inproceedings{yang2024transcompressor,
  title={TransCompressor: LLM-Powered Multimodal Data Compression for Smart Transportation},
  author={Yang, Huanqi and Wu, Rucheng and Xu, Weitao},
  booktitle={ACM MobiCom},
  year={2024}
}
@inproceedings{yang2023chirpkey,
  title={ChirpKey: a chirp-level information-based key generation scheme for LoRa networks via perturbed compressed sensing},
  author={Yang, Huanqi and Sun, Zehua and Liu, Hongbo and Xia, Xianjin and Zhang, Yu and Gu, Tao and Hancke, Gerhard and Xu, Weitao},
  booktitle={IEEE INFOCOM},
  year={2023},
}
@article{gruver2024large,
  title={Large language models are zero-shot time series forecasters},
  author={Gruver, Nate and Finzi, Marc and Qiu, Shikai and Wilson, Andrew G},
  journal={NIPS},
  year={2024}
}
@article{chen2023gatgpt,
  title={Gatgpt: A pre-trained large language model with graph attention network for spatiotemporal imputation},
  author={Chen, Yakun and Wang, Xianzhi and Xu, Guandong},
  journal={arXiv preprint arXiv:2311.14332},
  year={2023}
}
@misc{ji2024hargpt,
      title={HARGPT: Are LLMs Zero-Shot Human Activity Recognizers?}, 
      author={Sijie Ji and Xinzhe Zheng and Chenshu Wu},
      year={2024},
      eprint={2403.02727},
      archivePrefix={arXiv},
      primaryClass={cs.CL}
}
@article{yang2024you,
  title={Are You Being Tracked? Discover the Power of Zero-Shot Trajectory Tracing with LLMs!},
  author={Yang, Huanqi and Ji, Sijie and Wu, Rucheng and Xu, Weitao},
  journal={arXiv preprint arXiv:2403.06201},
  year={2024}
}
@article{jin2023time,
  title={Time-llm: Time series forecasting by reprogramming large language models},
  author={Jin, Ming and Wang, Shiyu and Ma, Lintao and Chu, Zhixuan and Zhang, James Y and Shi, Xiaoming and Chen, Pin-Yu and Liang, Yuxuan and Li, Yuan-Fang and Pan, Shirui and others},
  journal={arXiv preprint arXiv:2310.01728},
  year={2023}
}


@article{arablouei2017fast,
  title={Fast reconstruction algorithm for perturbed compressive sensing based on total least-squares and proximal splitting},
  author={Arablouei, Reza},
  journal={Signal Process},
  year={2017},
}


@article{herman2010general,
  title={General deviants: An analysis of perturbations in compressed sensing},
  author={Herman, Matthew A and Strohmer, Thomas},
  journal={IEEE J-STSP},
  year={2010},
}


@inproceedings{auto2014sarath,
author = {Chandar, A P Sarath and Lauly, Stanislas and Larochelle, Hugo and Khapra, Mitesh M and Ravindran, Balaraman and Raykar, Vikas and Saha, Amrita},
title = {An Autoencoder Approach to Learning Bilingual Word Representations},
year = {2014},
booktitle = {NIPS},
}


@article{wen2020time,
  title={Time Series Data Augmentation for Deep Learning: A Survey},
  author={Wen, Qingsong and Sun, Liang and Song, Xiaomin and Gao, Jingkun and Wang, Xue and Xu, Huan},
  journal={arXiv preprint arXiv:2002.12478},
  year={2020}
}


@article{iwana2020time,
  title={Time Series Data Augmentation for Neural Networks by Time Warping with a Discriminative Teacher},
  author={Iwana, Brian Kenji and Uchida, Seiichi},
  journal={arXiv preprint arXiv:2004.08780},
  year={2020}
}

@article{multi2015hong,  
    author={C. {Hong} and J. {Yu} and J. {Wan} and D. {Tao} and M. {Wang}},  
    journal={IEEE Transactions on Image Processing},   title={Multimodal Deep Autoencoder for Human Pose Recovery}, 
    year={2015},  
    volume={24},  
    number={12},  
    pages={5659-5670},
    publisher={IEEE}
}

@article{speech2020yu,  
    author={C. {Yu} and R. E. {Zezario} and S. -S. {Wang} and J. {Sherman} and Y. -Y. {Hsieh} and X. {Lu} and H. -M. {Wang} and Y. {Tsao}},  
    journal={IEEE/ACM Transactions on Audio, Speech, and Language Processing},   
    title={Speech Enhancement Based on Denoising Autoencoder With Multi-Branched Encoders},   
    year={2020},  
    volume={28},  
    number={},  
    pages={2756-2769}
}
    
@Misc{VehicleCybersecurity,
howpublished = {[EB/OL]},
note = {\url{https://www.nhtsa.gov/technology-innovation/vehicle-cybersecurity } Accessed 2018},
title = {Vehicle Cybersecurity},
author = {United States Department of Transportation}
}

@article{Lusurveyv2i,  
    author={Z. {Lu} and G. {Qu} and Z. {Liu}},  
    journal={IEEE Transactions on Intelligent Transportation Systems},   
    title={A Survey on Recent Advances in Vehicular Network Security, Trust, and Privacy},   
    year={2019},  
    volume={20},  
    number={2},  
    pages={760-776},
    publisher={IEEE}
    }

@article{simu2020ma,  
    author={D. {Ma} and G. {Lan} and W. {Xu} and M. {Hassan} and W. {Hu}},  
    journal={IEEE Transactions on Mobile Computing},   title={Simultaneous Energy Harvesting and Gait Recognition using Piezoelectric Energy Harvester},   
    year={2020},  
    volume={},  
    number={},  
    pages={1-1},
    publisher={IEEE}
}

@article{bilstm2005,
author = {Graves, Alex and Schmidhuber, J\"{u}rgen},
title = {Framewise Phoneme Classification with Bidirectional LSTM and Other Neural Network Architectures},
year = {2005},
journal = {IJCNN}
}

@article{birrnn1997,  
    author={M. {Schuster} and K. K. {Paliwal}},  journal={IEEE Transactions on Signal Processing},   title={Bidirectional recurrent neural networks},   year={1997},  
    volume={45},  
    number={11},  
    pages={2673-2681},
    publisher={IEEE}
    }

@article{deepplotz2018,  
    author={T. {Plötz} and Y. {Guan}},  journal={Computer},   
    title={Deep Learning for Human Activity Recognition in Mobile Computing},   
    year={2018},  
}

@inproceedings{eberz2012practical,
  title={A practical man-in-the-middle attack on signal-based key generation protocols},
  author={Eberz, Simon and Strohmeier, Martin and Wilhelm, Matthias and Martinovic, Ivan},
  booktitle={ESORICS},
  year={2012},
}


@inproceedings{liu2021bipartite,
  title={Bipartite Graph Matching Based Secret Key Generation},
  author={Liu, Hongbo and Wang, Yan and Ren, Yanzhi and Chen, Yingying},
  booktitle={IEEE INFOCOM},
  year={2021},
}


@article{rigaki2020survey,
  title={A survey of privacy attacks in machine learning},
  author={Rigaki, Maria and Garcia, Sebastian},
  journal={arXiv preprint arXiv:2007.07646},
  year={2020}
}


@inproceedings{zhang2020secret,
  title={The secret revealer: Generative model-inversion attacks against deep neural networks},
  author={Zhang, Yuheng and Jia, Ruoxi and Pei, Hengzhi and Wang, Wenxiao and Li, Bo and Song, Dawn},
  booktitle={CVPR},
  pages={253--261},
  year={2020}
}

@article{de2020overview,
  title={An overview of privacy in machine learning},
  author={De Cristofaro, Emiliano},
  journal={arXiv preprint arXiv:2005.08679},
  year={2020}
}

@inproceedings{fredrikson2015model,
  title={Model inversion attacks that exploit confidence information and basic countermeasures},
  author={Fredrikson, Matt and Jha, Somesh and Ristenpart, Thomas},
  booktitle={CCS},
  pages={1322--1333},
  year={2015}
}


@article{lstm1997,
author = {Hochreiter, Sepp and Schmidhuber, J\"{u}rgen},
title = {Long Short-Term Memory},
year = {1997},
publisher = {MIT Press},
volume = {9},
number = {8},
journal = {Neural Comput.},
pages = {1735–1780},
}
@techreport{malladi2002preventing,
  title={On preventing replay attacks on security protocols},
  author={Malladi, Sreekanth and Alves-Foss, Jim and Heckendorn, Robert B},
  year={2002},
  institution={IDAHO UNIV MOSCOW DEPT OF COMPUTER SCIENCE}
}

@article{Wu2020autokey,
author = {Wu, Yuezhong and Lin, Qi and Jia, Hong and Hassan, Mahbub and Hu, Wen},
title = {Auto-Key: Using Autoencoder to Speed Up Gait-Based Key Generation in Body Area Networks},
year = {2020},
publisher = {ACM},
volume = {4},
number = {1},
journal = {IMWUT},
pages = {1-23}
}

@inproceedings{zhang2010mobility,  
    author={J. {Zhang} and S. K. {Kasera} and N. {Patwari}},  
    booktitle={INFOCOM},   title={Mobility Assisted Secret Key Generation Using Wireless Link Signatures},   
    year={2010},  
    volume={},  
    number={},  
    pages={1-5},  
    publisher={IEEE}}

@article{miller2014survey,
  title={A survey of remote automotive attack surfaces},
  author={Miller, Charlie and Valasek, Chris},
  journal={black hat USA},
  volume={2014},
  pages={94},
  year={2014}
}
@article{patwari2009high,
  title={High-rate uncorrelated bit extraction for shared secret key generation from channel measurements},
  author={Patwari, Neal and Croft, Jessica and Jana, Suman and Kasera, Sneha K},
  journal={IEEE TMC},
  year={2009},
}


@article{biao2020v2v,  
    author={Biao, Han and Sirui, Peng and Celimuge, Wu and Xiaoyan, Wang and Baosheng, Wang},  
    journal={Sensors},   
    title={LoRa-Based Physical Layer Key Generation for Secure V2V/V2I Communications},   
    year={2020},  
    }
@inproceedings{wan2016exploiting,
  title={Exploiting wireless channel randomness to generate keys for automotive cyber-physical system security},
  author={Wan, Jiang and Lopez, Anthony Bahadir and Al Faruque, Mohammad Abdullah},
  booktitle={ICCPS},
  year={2016},
}


@article{wanAutomotive2018,
author = {Wan, Jiang and Lopez, Anthony and Faruque, Mohammad Abdullah Al},
title = {Physical Layer Key Generation: Securing Wireless Communication in Automotive Cyber-Physical Systems},
year = {2018},
journal = {TCPS},

}

@inproceedings{AImplementation2018,  
    author={A. {Sudarsono} and M. {Yuliana} and P. {Kristalina} and A. R. {Barakbah}},  
    booktitle={CANDAR},   
    title={An Implementation of Shared Key Generation Extracted from Received Signal Strength in Vehicular Ad-Hoc Communication},   
    year={2018},  
    volume={},  
    number={},  
    pages={57-65},
    publisher={IEEE}
    }

@inproceedings{revadigar2015dlink,
  title={Dlink: Dual link based radio frequency fingerprinting for wearable devices},
  author={Revadigar, Girish and Javali, Chitra and Hu, Wen and Jha, Sanjay},
  booktitle={LCN},
  pages={329--337},
  year={2015},
  organization={IEEE}
}
@article{chung2014empirical,
  title={Empirical evaluation of gated recurrent neural networks on sequence modeling},
  author={Chung, Junyoung and Gulcehre, Caglar and Cho, KyungHyun and Bengio, Yoshua},
  journal={arXiv preprint arXiv:1412.3555},
  year={2014}
}
@article{xu2021key,
  title={Key Generation for Internet of Things: A Contemporary Survey},
  author={Xu, Weitao and Zhang, Junqing and Huang, Shunqi and Luo, Chengwen and Li, Wei},
  journal={ACM Computing Surveys (CSUR)},
  volume={54},
  number={1},
  pages={1--37},
  year={2021},
  publisher={ACM New York, NY, USA}
}


@article{ali2012zero,
  title={Eliminating reconciliation cost in secret key generation for body-worn health monitoring devices},
  author={Ali, Syed Taha and Sivaraman, Vijay and Ostry, Diethelm},
  journal={TMC},
  volume={13},
  number={12},
  pages={2763--2776},
  year={2014},
  publisher={IEEE}
}

@misc{lorawan,
howpublished = {\url{https://www.lora-alliance.org/lorawan-for-developers}}
}

@incollection{keras,
  title={Introduction to keras},
  author={Ketkar, Nikhil},
  booktitle={Deep learning with Python},
  pages={97--111},
  year={2017},
  publisher={Springer}
}

@book{tensorflow,
  title={Machine learning with TensorFlow},
  author={Shukla, Nishant},
  year={2018},
  publisher={Manning Publications Co.}
}


@misc{lora,
howpublished = {\url{https://www.lora-alliance.org}}
}

@misc{Sigfox,
howpublished = {\url{https://www.sigfox.com/en}}
}

@misc{NBiot,
howpublished = {\url{https://www.u-blox.com/en/narrowband-iot-nb-iot}}
}

@misc{llorasecurity,
howpublished = {\url{https://labs.mwrinfosecurity.com/publications/lo/}}
}

@misc{lloraoverview,
howpublished = {\url{https://www.tuv.com/media/corporate/products_1/electronic_components_and_lasers/TUeV_Rheinland_Overview_LoRa_and_LoRaWANtmp.pdf}}
}

@misc{stallings2006cryptography,
  title={Cryptography and network security principles and practices 4th edition},
  author={Stallings, William},
  year={2006},
}

@article{wang2010information,
  title={Information-theoretic limits on sparse signal recovery: Dense versus sparse measurement matrices},
  author={Wang, Wei and Wainwright, Martin J and Ramchandran, Kannan},
  journal={IEEE Transactions on Information Theory},
  year={2010},
  publisher={IEEE}
}


@misc{lorawansecurity,
title={LoRaWAN Security},
howpublished = {\url{https://www.thethingsnetwork.org/docs/lorawan/security/}}
}

@misc{mdot,
howpublished = {\url{https://www.multitech.com/brands/multiconnect-mdot}}
}

@article{candes2005decoding,
  title={Decoding by linear programming},
  author={Candes, Emmanuel J and Tao, Terence},
  journal={IEEE transactions on information theory},
  volume={51},
  number={12},
  pages={4203--4215},
  year={2005},
  publisher={IEEE}
}

@article{rudelson2005geometric,
  title={Geometric approach to error-correcting codes and reconstruction of signals},
  author={Rudelson, Mark and Vershynin, Roman},
  journal={International mathematics research notices},
  volume={2005},
  number={64},
  pages={4019--4041},
  year={2005},
  publisher={Hindawi Publishing Corporation}
}

@article{mirzadeh2013secure,
  title={Secure device pairing: A survey},
  author={Mirzadeh, Shahab and Cruickshank, Haitham and Tafazolli, Rahim},
  journal={IEEE Communications Surveys \& Tutorials},
  volume={16},
  number={1},
  pages={17--40},
  year={2013},
  publisher={IEEE}
}


@inproceedings{gollakota2011physical,
  title={Physical layer wireless security made fast and channel independent},
  author={Gollakota, Shyamnath and Katabi, Dina},
  booktitle={2011 Proceedings IEEE INFOCOM},
  pages={1125--1133},
  year={2011},
  organization={IEEE}
}

@article{sundaram2019survey,
  title={A survey on lora networking: Research problems, current solutions, and open issues},
  author={Sundaram, Jothi Prasanna Shanmuga and Du, Wan and Zhao, Zhiwei},
  journal={IEEE Communications Surveys \& Tutorials},
  volume={22},
  number={1},
  pages={371--388},
  year={2019},
  publisher={IEEE}
}


@inproceedings{bor2017lora,
  title={LoRa transmission parameter selection},
  author={Bor, Martin and Roedig, Utz},
  booktitle={2017 13th International Conference on Distributed Computing in Sensor Systems (DCOSS)},
  pages={27--34},
  year={2017},
  organization={IEEE}
}


@inproceedings{mathur2008radio,
  title={Radio-telepathy: extracting a secret key from an unauthenticated wireless channel},
  author={Mathur, Suhas and Trappe, Wade and Mandayam, Narayan and Ye, Chunxuan and Reznik, Alex},
  booktitle={ACM Mobicom},
  year={2008},
}

@article{BarDaDeWa08,
author = {Baraniuk, R. and Davenport, M. and DeVore, R. and M, Wakin},
title = {{A Simple Proof of the Restricted Isometry Property for Random Matrices}},
journal = {Constr Approx},
year = {2008},
}

@article{CandesRombergTao06,
author = {Candes, E. J. and Romberg, J. and Tao, T.},
title = {{Robust uncertainty principles: exact signal reconstruction from highly incomplete frequency information}},
journal = {IEEE Transactions  on Information Theory},
year = {2006},
pages = {489--509},
rating = {0},
date-added = {2012-07-03T04:28:28GMT+00:00},
date-modified = {2012-07-03T04:28:28GMT+00:00},
uri = {\url{papers2://publication/uuid/7A63ED56-6AC3-4BCC-A855-727CB1E1E05B}}
}


@article{hall1976optimal,
  title={Optimal error bounds for cubic spline interpolation},
  author={Hall, Charles A and Meyer, W Weston},
  journal={J. Approx. Theory},
  year={1976}
}

@article{Donoho06,
  title={Compressed sensing},
  author={Donoho, David L},
  journal={IEEE Trans. Inf. Theory},
  year={2006}
}

@article{baraniuk2007compressive,
  title={Compressive sensing [lecture notes]},
  author={Baraniuk, Richard G},
  journal={IEEE signal processing magazine},
  volume={24},
  number={4},
  pages={118--121},
  year={2007},
  publisher={IEEE}
}


@article{junejo2021lora,
  title={LoRa-LiSK: A Lightweight Shared Secret Key Generation Scheme for LoRa Networks},
  author={Junejo, Aisha Kanwal and Benkhelifa, Fatma and Wong, Boon and Mccann, Julie A},
  journal={IEEE IoT-J},
  year={2021},
}


@inproceedings{xiao2007fingerprints,
  title={Fingerprints in the ether: Using the physical layer for wireless authentication},
  author={Xiao, Liang and Greenstein, Larry and Mandayam, Narayan and Trappe, Wade},
  booktitle={ICC},
  pages={4646--4651},
  year={2007},
  organization={IEEE}
}

@article{adelantado2016understanding,
  title={Understanding the limits of LoRaWAN},
  author={Adelantado, Ferran and Vilajosana, Xavier and Tuset-Peiro, Pere and Martinez, Borja and Melia, Joan},
  journal={arXiv preprint arXiv:1607.08011},
  year={2016}
}

@inproceedings{chan2003random,
  title={Random key predistribution schemes for sensor networks},
  author={Chan, Haowen and Perrig, Adrian and Song, Dawn},
  booktitle={S$\&$P},
  pages={197--213},
  year={2003},
  organization={IEEE}
}

@article{ahlswede1993common,
  title={Common randomness in information theory and cryptography. I. Secret sharing},
  author={Ahlswede, Rudolf and Csisz{\'a}r, Imre},
  journal={IEEE Transactions on Information Theory},
  volume={39},
  number={4},
  pages={1121--1132},
  year={1993},
  publisher={IEEE}
}

@inproceedings{liu2012collaborative,
  title={Collaborative secret key extraction leveraging received signal strength in mobile wireless networks},
  author={Liu, Hongbo and Yang, Jie and Wang, Yan and Chen, Yingying},
  booktitle={INFOCOM},
  year={2012}
}

@inproceedings{azimi2007robust,
  title={Robust key generation from signal envelopes in wireless networks},
  author={Azimi-Sadjadi, Babak and Kiayias, Aggelos and Mercado, Alejandra and Yener, Bulent},
  booktitle={CCS},
  pages={401--410},
  year={2007},
  organization={ACM}
}

@article{maurer1993secret,
  title={Secret key agreement by public discussion from common information},
  author={Maurer, Ueli M},
  journal={IEEE Transactions on Information Theory},
  volume={39},
  number={3},
  pages={733--742},
  year={1993},
  publisher={IEEE}
}

@inproceedings{zeng2010exploiting,
  title={Exploiting multiple-antenna diversity for shared secret key generation in wireless networks},
  author={Zeng, Kai and Wu, Daniel and Chan, An and Mohapatra, Prasant},
  booktitle={INFOCOM},
  pages={1--9},
  year={2010},
  organization={IEEE}
}

@article{aono2006ieee802,
  title={IEEE802. 15.4 ESPARSKey (Encryption scheme parasite array radiator secret key)},
  author={Aono, Tomoyuki and Higuchi, Keisuke and Ohira, Takashi and Komiyama, Bokuji and Sasaoka, Hideichi},
  journal={Electronics and Communications in Japan (Part I: Communications)},
  volume={89},
  number={12},
  pages={31--44},
  year={2006},
  publisher={Wiley Online Library}
}

@inproceedings{jana2009effectiveness,
  title={On the effectiveness of secret key extraction from wireless signal strength in real environments},
  author={Jana, Suman and Premnath, Sriram Nandha and Clark, Mike and Kasera, Sneha K and Patwari, Neal and Krishnamurthy, Srikanth V},
  booktitle={ACM Mobicom},
  year={2009},
}

@book{jakes1994microwave,
  title={Microwave mobile communications},
  author={Jakes, William C and Cox, Donald C},
  year={1994},
  publisher={Wiley-IEEE Press}
}

@article{liu2004line,
  title={On-line outlier detection and data cleaning},
  author={Liu, Hancong and Shah, Sirish and Jiang, Wei},
  journal={Computers \& chemical engineering},
  volume={28},
  number={9},
  pages={1635--1647},
  year={2004},
  publisher={Elsevier}
}

@inproceedings{wei20222,
  title={i2Key: A Cross-sensor Symmetric Key Generation System Using Inertial Measurements and Inaudible Sound},
  author={Wei, Bo and Xu, Weitao and Li, Kai and Luo, Chengwen and Zhang, Jin},
  booktitle={ACM/IEEE IPSN},
  year={2022},
}

@article{bennett1988privacy,
  title={Privacy amplification by public discussion},
  author={Bennett, Charles H and Brassard, Gilles and Robert, Jean-Marc},
  journal={SIAM journal on Computing},
  volume={17},
  number={2},
  pages={210--229},
  year={1988},
  publisher={SIAM}
}

@inproceedings{rushanan2014sok,
  title={SoK: Security and privacy in implantable medical devices and body area networks},
  author={Rushanan, Michael and Rubin, Aviel D and Kune, Denis Foo and Swanson, Colleen M},
  booktitle={S\& P},
  pages={524--539},
  year={2014},
  organization={IEEE}
}

@techreport{rukhin2001statistical,
  title={A statistical test suite for random and pseudorandom number generators for cryptographic applications},
  author={Rukhin, Andrew and Soto, Juan and Nechvatal, James and Smid, Miles and Barker, Elaine},
  year={2001},
  institution={DTIC Document}
}

@article{hassan1996cryptographic,
  title={Cryptographic key agreement for mobile radio},
  author={Hassan, Amer A and Stark, Wayne E and Hershey, John E and Chennakeshu, Sandeep},
  journal={Digital Signal Processing},
  volume={6},
  number={4},
  pages={207--212},
  year={1996},
  publisher={Elsevier}
}

@article{mukherjee2014principles,
  title={Principles of physical layer security in multiuser wireless networks: A survey},
  author={Mukherjee, Amitav and Fakoorian, S Ali A and Huang, Jing and Swindlehurst, A Lee},
  journal={IEEE Communications Surveys \& Tutorials},
  volume={16},
  number={3},
  pages={1550--1573},
  year={2014},
  publisher={IEEE}
}

@article{cachin1997linking,
  title={Linking information reconciliation and privacy amplification},
  author={Cachin, Christian and Maurer, Ueli M},
  journal={journal of Cryptology},
  volume={10},
  number={2},
  pages={97--110},
  year={1997},
  publisher={Springer}
}


@inproceedings{xi2014keep,
  title={KEEP: Fast secret key extraction protocol for D2D communication},
  author={Xi, Wei and Li, Xiang-Yang and Qian, Chen and Han, Jinsong and Tang, Shaojie and Zhao, Jizhong and Zhao, Kun},
  booktitle={IWQoS},
  pages={350--359},
  year={2014},
  organization={IEEE}
}
@article{achiam2023gpt,
  title={Gpt-4 technical report},
  author={Achiam, Josh and Adler, Steven and Agarwal, Sandhini and Ahmad, Lama and Akkaya, Ilge and Aleman, Florencia Leoni and Almeida, Diogo and Altenschmidt, Janko and Altman, Sam and Anadkat, Shyamal and others},
  journal={arXiv preprint arXiv:2303.08774},
  year={2023}
}
@inproceedings{zhang2015verification,
  title={Verification of key generation from individual OFDM subcarrier's channel response},
  author={Zhang, Junqing and Woods, Roger and Marshall, Alan and Duong, Trung Q},
  booktitle={Globecom},
  pages={1--6},
  year={2015},
  organization={IEEE}
}

@article{ye2010information,
  title={Information-theoretically secret key generation for fading wireless channels},
  author={Ye, Chunxuan and Mathur, Suhas and Reznik, Alex and Shah, Yogendra and Trappe, Wade and Mandayam, Narayan B},
  journal={TIFS},
  volume={5},
  number={2},
  pages={240--254},
  year={2010},
  publisher={IEEE}
}

@article{premnath2013secret,
  title={Secret key extraction from wireless signal strength in real environments},
  author={Premnath, Sriram Nandha and Jana, Suman and Croft, Jessica and Gowda, Prarthana Lakshmane and Clark, Mike and Kasera, Sneha Kumar and Patwari, Neal and Krishnamurthy, Srikanth V},
  journal={TMC},
  volume={12},
  number={5},
  pages={917--930},
  year={2013},
  publisher={IEEE}
}

@book{rappaport1996wireless,
  title={Wireless communications: principles and practice},
  author={Rappaport, Theodore S and others},
  volume={2},
  year={1996},
  publisher={prentice hall PTR New Jersey}
}

@article{patwari2010high,
  title={High-rate uncorrelated bit extraction for shared secret key generation from channel measurements},
  author={Patwari, Neal and Croft, Jessica and Jana, Suman and Kasera, Sneha K},
  journal={IEEE TMC},
  year={2010},
}

@article{wilhelm2013secure,
  title={Secure key generation in sensor networks based on frequency-selective channels},
  author={Wilhelm, Matthias and Martinovic, Ivan and Schmitt, Jens B},
  journal={JSAC},
  volume={31},
  number={9},
  pages={1779--1790},
  year={2013},
  publisher={IEEE}
}

@article{bennett1984quantum,
  title={Public key distribution and con tos5},
  author={Bennett, Charles H and Brassard, Gilles},
  year={1984}
}


@inproceedings{javali2014seak,
  title={SeAK: Secure authentication and key generation protocol based on dual antennas for wireless body area networks},
  author={Javali, Chitra and Revadigar, Girish and Libman, Lavy and Jha, Sanjay},
  booktitle={International Workshop on Radio Frequency Identification: Security and Privacy Issues},
  pages={74--89},
  year={2014},
  organization={Springer}
}



@inproceedings{revadigar2016secure,
  title={Secure key generation and distribution protocol for wearable devices},
  author={Revadigar, Girish and Javali, Chitra and Xu, Weitao and Hu, Wen and Jha, Sanjay},
  booktitle={Percom},
  pages={1--4},
  year={2016},
  organization={IEEE}
}


@inproceedings{kim2015freebee,
  title={Freebee: Cross-technology communication via free side-channel},
  author={Kim, Song Min and He, Tian},
  booktitle={Mobicom},
  pages={317--330},
  year={2015},
  organization={ACM}
}

@inproceedings{xu2016walkie,
  title={Walkie-talkie: Motion-assisted automatic key generation for secure on-body device communication},
  author={Xu, Weitao and Revadigar, Girish and Luo, Chengwen and Bergmann, Neil and Hu, Wen},
  booktitle={IPSN},
  pages={3},
  year={2016},
  organization={IEEE Press}
}

@article{xu2017gait,
  title={Gait-Key: A Gait-Based Shared Secret Key Generation Protocol for Wearable Devices},
  author={Xu, Weitao and Javali, Chitra and Revadigar, Girish and Luo, Chengwen and Bergmann, Neil and Hu, Wen},
  journal={TOSN},
  volume={13},
  number={1},
  pages={6},
  year={2017},
  publisher={ACM}
}

@article{bloch2008wireless,
  title={Wireless information-theoretic security},
  author={Bloch, Matthieu and Barros, Jo{\~a}o and Rodrigues, Miguel RD and McLaughlin, Steven W},
  journal={IEEE Transactions on Information Theory},
  volume={54},
  number={6},
  pages={2515--2534},
  year={2008},
  publisher={IEEE}
}

@inproceedings{yang2016secret,
  title={Secret from Muscle: Enabling Secure Pairing with Electromyography.},
  author={Yang, Lin and Wang, Wei and Zhang, Qian},
  booktitle={SenSys},
  pages={28--41},
  year={2016}
}

@article{chen2013smokegrenade,
  title={SmokeGrenade: An efficient key generation protocol with artificial interference},
  author={Chen, Dajiang and Qin, Zhen and Mao, Xufei and Yang, Panlong and Qin, Zhiguang and Wang, Ruijin},
  journal={TIFS},
  volume={8},
  number={11},
  pages={1731--1745},
  year={2013},
  publisher={IEEE}
}

@article{liu2014group,
  title={Group secret key generation via received signal strength: Protocols, achievable rates, and implementation},
  author={Liu, Hongbo and Yang, Jie and Wang, Yan and Chen, Yingying Jennifer and Koksal, Can Emre},
  journal={IEEE TMC},
  year={2014}
}

@inproceedings{rachlin2008secrecy,
  title={The secrecy of compressed sensing measurements},
  author={Rachlin, Yaron and Baron, Dror},
  booktitle={IEEE Annu. Allerton Conf. Commun. Control Comput.},
  year={2008}
}

@inproceedings{premnath2014secret,
  title={Secret key extraction using Bluetooth wireless signal strength measurements},
  author={Premnath, Sriram N and Gowda, Prarthana L and Kasera, Sneha K and Patwari, Neal and Ricci, Robert},
  booktitle={IEEE SECON},
  year={2014},
}


@article{yang2015security,
  title={On the security of compressed sensing-based signal cryptosystem},
  author={Yang, Zuyuan and Yan, Wei and Xiang, Yong},
  journal={IEEE TETC},
  volume={3},
  number={3},
  pages={363--371},
  year={2015},
  publisher={IEEE}
}

@inproceedings{candes2006compressive,
  title={Compressive sampling},
  author={Cand{\`e}s, Emmanuel J and others},
  booktitle={PICM},
  year={2006}
}


@inproceedings{marcelis2017dare,
  title={DaRe: Data Recovery through Application Layer Coding for LoRaWAN},
  author={Marcelis, Paul J and Rao, Vijay S and Prasad, R Venkatesha},
  booktitle={IoTDI},
  pages={97--108},
  year={2017},
  organization={IEEE}
}

@inproceedings{lin2017secret,
  title={Secret from Muscle: Enabling Secure Pairing with Electromyography},
  author={Lin, Yang and Wei, Wang and Qian, Zhang},
  booktitle={Sensys' 2017},
  year={2017},
  organization={ACM}
}

@article{Justesen1976complexity,
  title={On the complexity of decoding Reed-Solomon codes },
  author={J. Justesen},
  journal={IEEE Transactions on Information Theory},
  volume={2},
  pages={237--238},
  year={1976},
  publisher={IEEE}
}

@inproceedings{brik2008wireless,
  title={Wireless device identification with radiometric signatures},
  author={Brik, Vladimir and Banerjee, Suman and Gruteser, Marco and Oh, Sangho},
  booktitle={Mobicom},
  pages={116--127},
  year={2008},
  organization={ACM}
}

@article{jana2010fast,
  title={On fast and accurate detection of unauthorized wireless access points using clock skews},
  author={Jana, Suman and Kasera, Sneha K},
  journal={IEEE Transactions on Mobile Computing},
  volume={9},
  number={3},
  pages={449--462},
  year={2010},
  publisher={IEEE}
}

@inproceedings{huang2013fast,
  title={Fast secret key generation in static wireless networks: A virtual channel approach},
  author={Huang, Pengfei and Wang, Xudong},
  booktitle={INFOCOM},
  pages={2292--2300},
  year={2013},
  organization={IEEE}
}

@inproceedings{shen2014face,
  title={Face recognition on smartphones via optimised sparse representation classification},
  author={Shen, Yiran and Hu, Wen and Yang, Mingrui and Wei, Bo and Lucey, Simon and Chou, Chun Tung},
  booktitle={Proceedings of the 13th international symposium on Information processing in sensor networks},
  pages={237--248},
  year={2014},
  organization={IEEE Press}
}

@article{shen2018gaitlock,
  title={GaitLock: Protect virtual and augmented reality headsets using gait},
  author={Shen, Yiran and Wen, Hongkai and Luo, Chengwen and Xu, Weitao and Zhang, Tao and Hu, Wen and Rus, Daniela},
  journal={IEEE Transactions on Dependable and Secure Computing},
  year={2018},
  publisher={IEEE}
}

@inproceedings{tangpreamble2010,  
    author={X. {Tang} and Y. {Zhang} and Y. {Wang} and D. {Zhao} and H. {Li} and X. {Zhao}},  
    booktitle={EEI},   
    title={Performance Analysis of Preamble Detection of LoRa System},   
    year={2019},  
    volume={},  
    number={},  
    pages={175-180}}

@inproceedings{xu2018exploring,
  title={Exploring the Feasibility of Physical Layer Key Generation for LoRaWAN},
  
  booktitle={TrustCom},
  author={{Xu, Weitao and Jha, Sanjay and Hu, Wen}},
  pages={231--236},
  year={2018},
  organization={IEEE}
}

@inproceedings{ruotsalainen2018towards,
  title={Towards Wireless Secret key Agreement with LoRa Physical Layer},
  author={Ruotsalainen, Henri and Grebeniuk, Stepan},
  booktitle={ARES},
  year={2018},
  organization={ACM}
}

@article{zhang2018channel,
  title={Channel-Envelope Differencing Eliminates Secret Key Correlation: LoRa-Based Key Generation in Low Power Wide Area Networks},
  author={Zhang, Junqing and Marshall, Alan and Hanzo, Lajos},
  journal={IEEE Trans. Veh. Technol.},
  year={2018}
}

@article{wang2017weighted,
  title={A weighted sparse neighbourhood-preserving projections for face recognition},
  author={Wang, Yongxin and Zhang, Huaxiang and Yang, Feng},
  journal={IETE Journal of Research},
  volume={63},
  number={3},
  pages={358--367},
  year={2017},
  publisher={Taylor \& Francis}
}

@article{meng2014multiple,
  title={Multiple description coding with randomly and uniformly offset quantizers},
  author={Meng, Lili and Liang, Jie and Samarawickrama, Upul and Zhao, Yao and Bai, Huihui and Kaup, Andr{\'e}},
  journal={IEEE Transactions on Image Processing},
  volume={23},
  number={2},
  pages={582--595},
  year={2014},
  publisher={IEEE}
}

@article{wang2018gaussian,
  title={Gaussian field consensus: A robust nonparametric matching method for outlier rejection},
  author={Wang, Gang and Chen, Yufei and Zheng, Xiangwei},
  journal={Pattern Recognition},
  volume={74},
  pages={305--316},
  year={2018},
  publisher={Elsevier}
}

@article{wang2020improving,
  title={Improving robustness to model inversion attacks via mutual information regularization},
  author={Wang, Tianhao and Zhang, Yuheng and Jia, Ruoxi},
  journal={arXiv preprint arXiv:2009.05241},
  year={2020}
}

@article{yang2020defending,
  title={Defending model inversion and membership inference attacks via prediction purification},
  author={Yang, Ziqi and Shao, Bin and Xuan, Bohan and Chang, Ee-Chien and Zhang, Fan},
  journal={arXiv preprint arXiv:2005.03915},
  year={2020}
}

@inproceedings{wen2021defending,
  title={Defending Against Model Inversion Attack by Adversarial Examples},
  author={Wen, Jing and Yiu, Siu-Ming and Hui, Lucas CK},
  booktitle={2021 IEEE International Conference on Cyber Security and Resilience (CSR)},
  pages={551--556},
  year={2021},
  organization={IEEE}
}


@article{press1990savitzky,
  title={Savitzky-Golay smoothing filters},
  author={Press, William H and Teukolsky, Saul A},
  journal={Computers in Physics},
  volume={4},
  number={6},
  pages={669--672},
  year={1990},
  publisher={AIP}
}


%%added by weitao

@article{lavric2018performance,
  title={Performance evaluation of LoRaWAN communication scalability in large-scale wireless sensor networks},
  author={Lavric, Alexandru and Popa, Valentin},
  journal={Wireless Communications and Mobile Computing},
  volume={2018},
  year={2018},
  publisher={Hindawi}
}

@article{haque2020lora1,
  title={LoRa Architecture for V2X Communication: An Experimental Evaluation with Vehicles on the Move},
  author={Haque, Khandaker Foysal and Abdelgawad, Ahmed and Yanambaka, Venkata Prasanth and Yelamarthi, Kumar},
  journal={Sensors},
  year={2020},
}

@inproceedings{haque2020lora,
  title={A LoRa Based Reliable and Low Power Vehicle to Everything (V2X) Communication Architecture},
  author={{Haque, Khandaker Foysal and Abdelgawad, Ahmed and Yanambaka, Venkata P and Yelamarthi, Kumar}},
  booktitle={iSES},
  year={2020},
}

@inproceedings{cheung2019autonomous,
  title={Autonomous vehicle communication in v2x network with lora protocol},
  author={Cheung, YauKa and Qiu, Meikang and Liu, Meiqin},
  booktitle={ICSCC},
  year={2019},
}

@article{junejo2020privacy,
  title={A Privacy-Preserving Attack-Resistant Trust Model for Internet of Vehicles Ad Hoc Networks},
  author={Junejo, Muhammad Haleem and Ab Rahman, Ab Al-Hadi and Shaikh, Riaz Ahmed and Mohamad Yusof, Kamaludin and Memon, Imran and Fazal, Hadiqua and Kumar, Dileep},
  journal={Scientific Programming},
  volume={2020},
  year={2020},
  publisher={Hindawi}
}

@article{balevi2020autoencoder,
  title={Autoencoder-based error correction coding for one-bit quantization},
  author={Balevi, Eren and Andrews, Jeffrey G},
  journal={IEEE Transactions on Communications},
  volume={68},
  number={6},
  pages={3440--3451},
  year={2020},
  publisher={IEEE}
}


@article{ruotsalainen2019experimental,
  title={Experimental investigation on wireless key generation for low-power wide-area networks},
  author={Ruotsalainen, Henri and Zhang, Junqing and Grebeniuk, Stepan},
  journal={IEEE IoT-J},
  year={2019}
}


@ARTICLE{Jiaophysical2019,  
author={Jiao, Long and Wang, Ning and Wang, Pu and Alipour-Fanid, Amir and Tang, Jie and Zeng, Kai},  
journal={IEEE WC},   
title={Physical Layer Key Generation in 5G Wireless Networks},   
year={2019},  
}

@ARTICLE{Aonowireless2005,  
author={Aono, T. and Higuchi, K. and Ohira, T. and Komiyama, B. and Sasaoka, H.},  
journal={IEEE TAP},   
title={Wireless secret key generation exploiting reactance-domain scalar response of multipath fading channels},   
year={2005},  
}


@article{li2019physical,
  title={Physical layer key generation in 5G and beyond wireless communications: Challenges and opportunities},
  author={Li, Guyue and Sun, Chen and Zhang, Junqing and Jorswieck, Eduard and Xiao, Bin and Hu, Aiqun},
  journal={Entropy},
  volume={21},
  number={5},
  pages={497},
  year={2019},
  publisher={Multidisciplinary Digital Publishing Institute}
}


@article{xie2018genewave,
  title={GeneWave: Fast authentication and key agreement on commodity mobile devices},
  author={Xie, Pengjin and Feng, Jingchao and Cao, Zhichao and Wang, Jiliang},
  journal={TON},
  volume={26},
  number={4},
  pages={1688--1700},
  year={2018},
  publisher={IEEE Press}
}


@inproceedings{lu2019free,
  title={FREE: A Fast and Robust Key Extraction Mechanism via Inaudible Acoustic Signal},
  author={Lu, Youjing and Wu, Fan and Tang, Shaojie and Kong, Linghe and Chen, Guihai},
  booktitle={Mobihoc},
  year={2019},
}




@book{simon2005digital,
  title={Digital communication over fading channels},
  author={Simon, Marvin K and Alouini, Mohamed-Slim},
  year={2005},
}

@inproceedings{brassard1993secret,
  title={Secret-key reconciliation by public discussion},
  author={Brassard, Gilles and Salvail, Louis},
  booktitle={EUROCRYPT},
  year={1993},
}

@article{zhang2016key,
  title={Key generation from wireless channels: A review},
  author={Zhang, Junqing and Duong, Trung Q and Marshall, Alan and Woods, Roger},
  journal={IEEE access},
  volume={4},
  pages={614--626},
  year={2016},
  publisher={IEEE}
}

@article{hasrouny2017vanet,
  title={VANet security challenges and solutions: A survey},
  author={Hasrouny, Hamssa and Samhat, Abed Ellatif and Bassil, Carole and Laouiti, Anis},
  journal={Vehicular Communications},
  year={2017},
}

@inproceedings{gafencu2017overview,
  title={An overview of security aspects and solutions in VANETs},
  author={Gafencu, Lucian-Paul and Scripcariu, Lumini{\c{t}}a and Bogdan, Ion},
  booktitle={ISSCS},
  year={2017},
}

%%new
@article{sun2022recent,
  title={Recent advances in lora: A comprehensive survey},
  author={Sun, Zehua and Yang, Huanqi and Liu, Kai and Yin, Zhimeng and Li, Zhenjiang and Xu, Weitao},
  journal={ACM TOSN},
  year={2022}
}

@inproceedings{xu2021pyramid,
  title={Pyramid: Real-time lora collision decoding with peak tracking},
  author={Xu, Zhenqiang and Xie, Pengjin and Wang, Jiliang},
  booktitle={IEEE INFOCOM},
  year={2021}
}

@inproceedings{tong2020colora,
  title={CoLoRa: Enabling Multi-Packet Reception in LoRa},
  author={Tong, Shuai and Xu, Zhenqiang and Wang, Jiliang},
  booktitle={IEEE INFOCOM},
  year={2020}
}

@inproceedings{li2021nelora,
  title={NELoRa: Towards Ultra-low SNR LoRa Communication with Neural-enhanced Demodulation},
  author={Li, Chenning and Guo, Hanqing and Tong, Shuai and Zeng, Xiao and Cao, Zhichao and Zhang, Mi and Yan, Qiben and Xiao, Li and Wang, Jiliang and Liu, Yunhao},
  booktitle={ACM SenSys},
  year={2021}
}

@inproceedings{gamage2020lmac,
  title={Lmac: Efficient carrier-sense multiple access for lora},
  author={Gamage, Amalinda and Liando, Jansen Christian and Gu, Chaojie and Tan, Rui and Li, Mo},
  booktitle={ACM MobiCom},
  year={2020}
}

@article{gu2021attack,
  title={Attack-aware synchronization-free data timestamping in lorawan},
  author={Gu, Chaojie and Jiang, Linshan and Tan, Rui and Li, Mo and Huang, Jun},
  journal={ACM TOSN},
  year={2021}
}

@inproceedings{hou2021jamming,
  title={Jamming of LoRa PHY and Countermeasure},
  author={{Hou, Ningning and Xia, Xianjin and Zheng, Yuanqing}},
  booktitle={IEEE INFOCOM},
  year={2021}
}

@article{gu2019one,
  title={One-hop out-of-band control planes for multi-hop wireless sensor networks},
  author={Gu, Chaojie and Tan, Rui and Lou, Xin},
  journal={ACM TOSN},
  year={2019}
}

@inproceedings{xi2016instant,
  title={Instant and Robust Authentication and Key Agreement among Mobile Devices},
  author={Xi, Wei and Qian, Chen and Han, Jinsong and Zhao, Kun and Zhong, Sheng and Li, Xiang-Yang and Zhao, Jizhong},
  booktitle={ACM CCS},
  year={2016}
}

@inproceedings{liu2013fast,
  title={Fast and practical secret key extraction by exploiting channel response},
  author={Liu, Hongbo and Wang, Yang and Yang, Jie and Chen, Yingying},
  booktitle={IEEE INFOCOM},
  year={2013}
}

@article{xulorakey,
  title={LoRa-Key: Secure key generation system for LoRa-based network},
  author={Xu, Weitao and Jha, Sanjay and Hu, Wen},
  journal={IEEE IoT-J},
  year={2018}
}

@inproceedings{jiayaoipsn,
author = {Gao, Jiayao and Xu, Weitao and Kanhere, Salil and Jha, Sanjay and Kim, Jun Young and Huang, Walter and Hu, Wen},
title = {A Novel Model-Based Security Scheme for LoRa Key Generation},
booktitle = {ACM/IEEE IPSN},
year = {2021}
}

@inproceedings{yang2022vehicle,
  title={Vehicle-Key: A Secret Key Establishment Scheme for LoRa-enabled IoV Communications},
  author={Yang, Huanqi and Liu, Hongbo and Luo, Chengwen and Wu, Yuezhong and Li, Wei and Zomaya, Albert Y. and Song, Linqi and Xu, Weitao},
  booktitle={IEEE ICDCS},
  year={2022}
}

@inproceedings{wang2011fast,
  title={Fast and scalable secret key generation exploiting channel phase randomness in wireless networks},
  author={Wang, Qian and Su, Hai and Ren, Kui and Kim, Kwangjo},
  booktitle={IEEE INFOCOM},
  year={2011}
}

@inproceedings{lin2019h2b,
  title={H2B: Heartbeat-based secret key generation using piezo vibration sensors},
  author={Lin, Qi and Xu, Weitao and Liu, Jun and Khamis, Abdelwahed and Hu, Wen and Hassan, Mahbub and Seneviratne, Aruna},
  booktitle={ACM/IEEE IPSN},
  year={2019}
}

@inproceedings{weitaoInaudibelKey,
author = {Xu, Weitao and Li, Zhenjiang and Xue, Wanli and Yu, Xiaotong and Wei, Bo and Wang, Jia and Luo, Chengwen and Li, Wei and Zomaya, Albert Y.},
title = {InaudibleKey: Generic Inaudible Acoustic Signal Based Key Agreement Protocol for Mobile Devices},
year = {2021},
booktitle = {ACM/IEEE IPSN}
}

@inproceedings{xue2017kryptein,
  title={Kryptein: a compressive-sensing-based encryption scheme for the internet of things},
  author={Xue, Wanli and Luo, Chenwen and Lan, Guohao and Rana, Rajib and Hu, Wen and Seneviratne, Aruna},
  booktitle={ACM/IEEE IPSN},
  year={2017}
}

@inproceedings{dautov2013establishing,
  title={Establishing secure measurement matrix for compressed sensing using wireless physical layer security},
  author={Dautov, Ruslan and Tsouri, Gill R},
  booktitle={IEEE ICNC},
  year={2013}
}

@article{shim2015survey,
  title={A survey of public-key cryptographic primitives in wireless sensor networks},
  author={Shim, Kyung-Ah},
  journal={IEEE Communications Surveys \& Tutorials},
  year={2015}
}

@inproceedings{ren2022lorawan,
  title={Is LoRaWAN Really Wide? Fine-grained LoRa Link-level Measurement in An Urban Environment},
  author={Ren, Yidong and Liu, Li and Li, Chenning and Cao, Zhichao and Chen, Shigang},
  booktitle={IEEE ICNP},
  year={2022},
}
@article{hou2022cloaklora,
  title={Cloaklora: A covert channel over lora phy},
  author={Hou, Ningning and Xia, Xianjin and Zheng, Yuanqing},
  journal={IEEE/ACM ToN},
  year={2022},
}


@article{ge2019towards,
  title={Towards achieving keyword search over dynamic encrypted cloud data with symmetric-key based verification},
  author={Ge, Xinrui and Yu, Jia and Zhang, Hanlin and Hu, Chengyu and Li, Zengpeng and Qin, Zhan and Hao, Rong},
  journal={IEEE TDSCM},
  year={2019}
}

@article{kim2017dual,
  title={A dual key-based activation scheme for secure LoRaWAN},
  author={Kim, Jaehyu and Song, JooSeok},
  journal={WCMC},
  year={2017}
}

@inproceedings{tomasin2017security,
  title={Security analysis of lorawan join procedure for internet of things networks},
  author={Tomasin, Stefano and Zulian, Simone and Vangelista, Lorenzo},
  booktitle={IEEE WCNCW},
  year={2017}
}

@inproceedings{wang2020slora,
  title={SLoRa: towards secure LoRa communications with fine-grained physical layer features},
  author={Wang, Xiong and Kong, Linghe and Wu, Zucheng and Cheng, Long and Xu, Chenren and Chen, Guihai},
  booktitle={ACM SenSys},
  year={2020}
}

@inproceedings{al2021deeplora,
  title={DeepLoRa: Fingerprinting LoRa Devices at Scale Through Deep Learning and Data Augmentation},
  author={Al-Shawabka, Amani and Pietraski, Philip and Pattar, Sudhir B and Restuccia, Francesco and Melodia, Tommaso},
  booktitle={ACM MobiHoc},
  year={2021}
}

@inproceedings{shen2021radio,
  title={Radio frequency fingerprint identification for LoRa using spectrogram and CNN},
  author={Shen, Guanxiong and Zhang, Junqing and Marshall, Alan and Peng, Linning and Wang, Xianbin},
  booktitle={IEEE INFOCOM},
  year={2021}
}

@article{li2022lora,
  title={Lora networking techniques for large-scale and long-term iot: A down-to-top survey},
  author={Li, Chenning and Cao, Zhichao},
  journal={ACM CSUR},
  year={2022}
}