@ARTICLE{Aonowireless2005,  
author={Aono, T. and Higuchi, K. and Ohira, T. and Komiyama, B. and Sasaoka, H.},  
journal={IEEE TAP},   
title={Wireless secret key generation exploiting reactance-domain scalar response of multipath fading channels},   
year={2005},  
}

@article{achiam2023gpt,
  title={Gpt-4 technical report},
  author={Achiam, Josh and Adler, Steven and Agarwal, Sandhini and Ahmad, Lama and Akkaya, Ilge and Aleman, Florencia Leoni and Almeida, Diogo and Altenschmidt, Janko and Altman, Sam and Anadkat, Shyamal and others},
  journal={arXiv preprint arXiv:2303.08774},
  year={2023}
}

@inproceedings{al2021deeplora,
  title={DeepLoRa: Fingerprinting LoRa Devices at Scale Through Deep Learning and Data Augmentation},
  author={Al-Shawabka, Amani and Pietraski, Philip and Pattar, Sudhir B and Restuccia, Francesco and Melodia, Tommaso},
  booktitle={ACM MobiHoc},
  year={2021}
}

@inproceedings{arisoy2012deep,
  title={Deep neural network language models},
  author={Arisoy, Ebru and Sainath, Tara N and Kingsbury, Brian and Ramabhadran, Bhuvana},
  booktitle={Proceedings of the NAACL-HLT 2012 Workshop: Will We Ever Really Replace the N-gram Model? On the Future of Language Modeling for HLT},
  year={2012}
}

@article{chen2023gatgpt,
  title={Gatgpt: A pre-trained large language model with graph attention network for spatiotemporal imputation},
  author={Chen, Yakun and Wang, Xianzhi and Xu, Guandong},
  journal={arXiv preprint arXiv:2311.14332},
  year={2023}
}

@article{chowdhery2023palm,
  title={Palm: Scaling language modeling with pathways},
  author={Chowdhery, Aakanksha and Narang, Sharan and Devlin, Jacob and Bosma, Maarten and Mishra, Gaurav and Roberts, Adam and Barham, Paul and Chung, Hyung Won and Sutton, Charles and Gehrmann, Sebastian and others},
  journal={Journal of Machine Learning Research},
  year={2023}
}

@inproceedings{dautov2013establishing,
  title={Establishing secure measurement matrix for compressed sensing using wireless physical layer security},
  author={Dautov, Ruslan and Tsouri, Gill R},
  booktitle={IEEE ICNC},
  year={2013}
}

@article{devlin2018bert,
  title={Bert: Pre-training of deep bidirectional transformers for language understanding},
  author={Devlin, Jacob and Chang, Ming-Wei and Lee, Kenton and Toutanova, Kristina},
  journal={arXiv preprint arXiv:1810.04805},
  year={2018}
}

@article{gruver2024large,
  title={Large language models are zero-shot time series forecasters},
  author={Gruver, Nate and Finzi, Marc and Qiu, Shikai and Wilson, Andrew G},
  journal={NIPS},
  year={2024}
}

@inproceedings{hou2021jamming,
  title={Jamming of LoRa PHY and Countermeasure},
  author={{Hou, Ningning and Xia, Xianjin and Zheng, Yuanqing}},
  booktitle={IEEE INFOCOM},
  year={2021}
}

@article{hou2022cloaklora,
  title={Cloaklora: A covert channel over lora phy},
  author={Hou, Ningning and Xia, Xianjin and Zheng, Yuanqing},
  journal={IEEE/ACM ToN},
  year={2022},
}

@misc{ji2024hargpt,
      title={HARGPT: Are LLMs Zero-Shot Human Activity Recognizers?}, 
      author={Sijie Ji and Xinzhe Zheng and Chenshu Wu},
      year={2024},
      eprint={2403.02727},
      archivePrefix={arXiv},
      primaryClass={cs.CL}
}

@inproceedings{jiayaoipsn,
author = {Gao, Jiayao and Xu, Weitao and Kanhere, Salil and Jha, Sanjay and Kim, Jun Young and Huang, Walter and Hu, Wen},
title = {A Novel Model-Based Security Scheme for LoRa Key Generation},
booktitle = {ACM/IEEE IPSN},
year = {2021}
}

@article{jin2023time,
  title={Time-llm: Time series forecasting by reprogramming large language models},
  author={Jin, Ming and Wang, Shiyu and Ma, Lintao and Chu, Zhixuan and Zhang, James Y and Shi, Xiaoming and Chen, Pin-Yu and Liang, Yuxuan and Li, Yuan-Fang and Pan, Shirui and others},
  journal={arXiv preprint arXiv:2310.01728},
  year={2023}
}

@article{kim2017dual,
  title={A dual key-based activation scheme for secure LoRaWAN},
  author={Kim, Jaehyu and Song, JooSeok},
  journal={WCMC},
  year={2017}
}

@article{li2022lora,
  title={Lora networking techniques for large-scale and long-term iot: A down-to-top survey},
  author={Li, Chenning and Cao, Zhichao},
  journal={ACM CSUR},
  year={2022}
}

@inproceedings{lin2019h2b,
  title={H2B: Heartbeat-based secret key generation using piezo vibration sensors},
  author={Lin, Qi and Xu, Weitao and Liu, Jun and Khamis, Abdelwahed and Hu, Wen and Hassan, Mahbub and Seneviratne, Aruna},
  booktitle={ACM/IEEE IPSN},
  year={2019}
}

@inproceedings{liu2013fast,
  title={Fast and practical secret key extraction by exploiting channel response},
  author={Liu, Hongbo and Wang, Yang and Yang, Jie and Chen, Yingying},
  booktitle={IEEE INFOCOM},
  year={2013}
}

@inproceedings{premnath2014secret,
  title={Secret key extraction using Bluetooth wireless signal strength measurements},
  author={Premnath, Sriram N and Gowda, Prarthana L and Kasera, Sneha K and Patwari, Neal and Ricci, Robert},
  booktitle={IEEE SECON},
  year={2014},
}

@article{radford2019language,
  title={Language models are unsupervised multitask learners},
  author={Radford, Alec and Wu, Jeffrey and Child, Rewon and Luan, David and Amodei, Dario and Sutskever, Ilya and others},
  journal={OpenAI blog},
  year={2019}
}

@article{ruotsalainen2019experimental,
  title={Experimental investigation on wireless key generation for low-power wide-area networks},
  author={Ruotsalainen, Henri and Zhang, Junqing and Grebeniuk, Stepan},
  journal={IEEE IoT-J},
  year={2019}
}

@inproceedings{shen2021radio,
  title={Radio frequency fingerprint identification for LoRa using spectrogram and CNN},
  author={Shen, Guanxiong and Zhang, Junqing and Marshall, Alan and Peng, Linning and Wang, Xianbin},
  booktitle={IEEE INFOCOM},
  year={2021}
}

@article{sun2022recent,
  title={Recent advances in lora: A comprehensive survey},
  author={Sun, Zehua and Yang, Huanqi and Liu, Kai and Yin, Zhimeng and Li, Zhenjiang and Xu, Weitao},
  journal={ACM TOSN},
  year={2022}
}

@inproceedings{tomasin2017security,
  title={Security analysis of lorawan join procedure for internet of things networks},
  author={Tomasin, Stefano and Zulian, Simone and Vangelista, Lorenzo},
  booktitle={IEEE WCNCW},
  year={2017}
}

@article{touvron2023llama,
  title={Llama 2: Open foundation and fine-tuned chat models},
  author={Touvron, Hugo and Martin, Louis and Stone, Kevin and Albert, Peter and Almahairi, Amjad and Babaei, Yasmine and Bashlykov, Nikolay and Batra, Soumya and Bhargava, Prajjwal and Bhosale, Shruti and others},
  journal={arXiv preprint arXiv:2307.09288},
  year={2023}
}

@inproceedings{wang2011fast,
  title={Fast and scalable secret key generation exploiting channel phase randomness in wireless networks},
  author={Wang, Qian and Su, Hai and Ren, Kui and Kim, Kwangjo},
  booktitle={IEEE INFOCOM},
  year={2011}
}

@inproceedings{wang2020slora,
  title={SLoRa: towards secure LoRa communications with fine-grained physical layer features},
  author={Wang, Xiong and Kong, Linghe and Wu, Zucheng and Cheng, Long and Xu, Chenren and Chen, Guihai},
  booktitle={ACM SenSys},
  year={2020}
}

@inproceedings{xi2016instant,
  title={Instant and Robust Authentication and Key Agreement among Mobile Devices},
  author={Xi, Wei and Qian, Chen and Han, Jinsong and Zhao, Kun and Zhong, Sheng and Li, Xiang-Yang and Zhao, Jizhong},
  booktitle={ACM CCS},
  year={2016}
}

@inproceedings{xue2017kryptein,
  title={Kryptein: a compressive-sensing-based encryption scheme for the internet of things},
  author={Xue, Wanli and Luo, Chenwen and Lan, Guohao and Rana, Rajib and Hu, Wen and Seneviratne, Aruna},
  booktitle={ACM/IEEE IPSN},
  year={2017}
}

@article{xulorakey,
  title={LoRa-Key: Secure key generation system for LoRa-based network},
  author={Xu, Weitao and Jha, Sanjay and Hu, Wen},
  journal={IEEE IoT-J},
  year={2018}
}

@inproceedings{yang2022vehicle,
  title={Vehicle-Key: A Secret Key Establishment Scheme for LoRa-enabled IoV Communications},
  author={Yang, Huanqi and Liu, Hongbo and Luo, Chengwen and Wu, Yuezhong and Li, Wei and Zomaya, Albert Y. and Song, Linqi and Xu, Weitao},
  booktitle={IEEE ICDCS},
  year={2022}
}

@inproceedings{yang2024transcompressor,
  title={TransCompressor: LLM-Powered Multimodal Data Compression for Smart Transportation},
  author={Yang, Huanqi and Wu, Rucheng and Xu, Weitao},
  booktitle={ACM MobiCom},
  year={2024}
}

@article{yang2024you,
  title={Are You Being Tracked? Discover the Power of Zero-Shot Trajectory Tracing with LLMs!},
  author={Yang, Huanqi and Ji, Sijie and Wu, Rucheng and Xu, Weitao},
  journal={arXiv preprint arXiv:2403.06201},
  year={2024}
}

@article{zhang2016key,
  title={Key generation from wireless channels: A review},
  author={Zhang, Junqing and Duong, Trung Q and Marshall, Alan and Woods, Roger},
  journal={IEEE access},
  volume={4},
  pages={614--626},
  year={2016},
  publisher={IEEE}
}

@article{zhang2018channel,
  title={Channel-Envelope Differencing Eliminates Secret Key Correlation: LoRa-Based Key Generation in Low Power Wide Area Networks},
  author={Zhang, Junqing and Marshall, Alan and Hanzo, Lajos},
  journal={IEEE Trans. Veh. Technol.},
  year={2018}
}

