@article{abbe_inc,
	title={Transformers learn through gradual rank increase},
	author={Abbe, Emmanuel and Bengio, Samy and Boix-Adsera, Enric and Littwin, Etai and Susskind, Joshua},
	journal={Advances in Neural Information Processing Systems},
	year={2024}
}

@InProceedings{abbe_msp,
	title = 	 {The merged-staircase property: a necessary and nearly sufficient condition for {SGD} learning of sparse functions on two-layer neural networks},
	author =       {Abbe, Emmanuel and Adsera, Enric Boix and Misiakiewicz, Theodor},
	booktitle = 	 {Proceedings of Thirty Fifth Conference on Learning Theory},
	year = 	 {2022}
}

@inproceedings{abbe_sgd,
	title={{SGD} learning on neural networks: {L}eap complexity and saddle-to-saddle dynamics},
	author={Abbe, Emmanuel and Adsera, Enric Boix and Misiakiewicz, Theodor},
	booktitle={The Thirty Sixth Annual Conference on Learning Theory},
	year={2023}
}

@inproceedings{chizat_lazy,
	author = {Chizat, L\'{e}na\"{\i}c and Oyallon, Edouard and Bach, Francis},
	booktitle = {Advances in Neural Information Processing Systems},
	title = {On Lazy Training in Differentiable Programming},
	year = {2019}
}

@inproceedings{cohen_mtx_fct,
	author = {Arora, Sanjeev and Cohen, Nadav and Hu, Wei and Luo, Yuping},
	booktitle = {Advances in Neural Information Processing Systems},
	title = {Implicit Regularization in Deep Matrix Factorization},
	year = {2019}
}

@inproceedings{damian_reps,
	title={Neural networks can learn representations with gradient descent},
	author={Damian, Alexandru and Lee, Jason and Soltanolkotabi, Mahdi},
	booktitle={Conference on Learning Theory},
	year={2022}
}

@article{dln_sparse,
	title={Implicit regularization for optimal sparse recovery},
	author={Vaskevicius, Tomas and Kanade, Varun and Rebeschini, Patrick},
	journal={Advances in Neural Information Processing Systems},
	year={2019}
}

@inproceedings{gf_orth,
	title={Gradient flow dynamics of shallow {R}e{LU} networks for square loss and orthogonal inputs},
	author={Etienne Boursier and Loucas Pillaud-Vivien and Nicolas Flammarion},
	booktitle={Advances in Neural Information Processing Systems},
	year={2022}
}

@article{gidel_incr,
	title={Implicit regularization of discrete gradient dynamics in linear neural networks},
	author={Gidel, Gauthier and Bach, Francis and Lacoste-Julien, Simon},
	journal={Advances in Neural Information Processing Systems},
	year={2019}
}

@inproceedings{guna_mtx_fct,
	author = {Gunasekar, Suriya and Woodworth, Blake E and Bhojanapalli, Srinadh and Neyshabur, Behnam and Srebro, Nati},
	booktitle = {Advances in Neural Information Processing Systems},
	pages = {},
	title = {Implicit Regularization in Matrix Factorization},
	year = {2017}
}

@article{jacot_sd,
	title={Saddle-to-saddle dynamics in deep linear networks: {S}mall initialization training, symmetry, and sparsity},
	author={Jacot, Arthur and Ged, Fran{\c{c}}ois and {\c{S}}im{\c{s}}ek, Berfin and Hongler, Cl{\'e}ment and Gabriel, Franck},
	journal={arXiv preprint arXiv:2106.15933},
	year={2021}
}

@InProceedings{lee_saddle,
	title = 	 {Understanding Incremental Learning of Gradient Descent: {A} Fine-grained Analysis of Matrix Sensing},
	author =       {Jin, Jikai and Li, Zhiyuan and Lyu, Kaifeng and Du, Simon Shaolei and Lee, Jason D.},
	booktitle = 	 {Proceedings of the 40th International Conference on Machine Learning},
	year = 	 {2023}
}

@inproceedings{lyu_resolving,
	title={Towards Resolving the Implicit Bias of Gradient Descent for Matrix Factorization: {G}reedy Low-Rank Learning},
	author={Li, Zhiyuan and Luo, Yuping and Lyu, Kaifeng},
	booktitle={International Conference on Learning Representations},
	year={2021}
}

@inproceedings{lyu_simp,
	author = {Lyu, Kaifeng and Li, Zhiyuan and Wang, Runzhe and Arora, Sanjeev},
	booktitle = {Advances in Neural Information Processing Systems},
	title = {Gradient Descent on Two-layer Nets: {M}argin Maximization and Simplicity Bias},
	year = {2021}
}

@inproceedings{mahdi_ib,
	author = {St\"{o}ger, Dominik and Soltanolkotabi, Mahdi},
	booktitle = {Advances in Neural Information Processing Systems},
	title = {Small random initialization is akin to spectral learning: {O}ptimization and generalization guarantees for overparameterized low-rank matrix reconstruction},
	year = {2021}
}

@article{montanari_saddle,
	title={Learning time-scales in two-layers neural networks},
	author={Berthier, Rapha{\"e}l and Montanari, Andrea and Zhou, Kangjie},
	journal={arXiv preprint arXiv:2303.00055},
	year={2023}
}

@inproceedings{pesme_sd,
	title={Saddle-to-Saddle Dynamics in Diagonal Linear Networks},
	author={Scott Pesme and Nicolas Flammarion},
	booktitle={Thirty-seventh Conference on Neural Information Processing Systems},
	year={2023}
}

@InProceedings{srebro_ib,
	title = 	 {Kernel and Rich Regimes in Overparametrized Models},
	author =       {Woodworth, Blake and Gunasekar, Suriya and Lee, Jason D. and Moroshko, Edward and Savarese, Pedro and Golan, Itay and Soudry, Daniel and Srebro, Nathan},
	booktitle = 	 {Proceedings of Thirty Third Conference on Learning Theory},
	pages = 	 {3635--3673},
	year = 	 {2020}
}

@inproceedings{wang_saddle,
	title={Understanding Multi-phase Optimization Dynamics and Rich Nonlinear Behaviors of {R}e{LU} Networks},
	author={Mingze Wang and Chao Ma},
	booktitle={Thirty-seventh Conference on Neural Information Processing Systems},
	year={2023}
}

