@article{bhat2023zoedepth,
 title={ZoeDepth: Zero-shot Transfer by Combining Relative and Metric Depth},
 author={Bhat, Shariq Farooq and Birkl, Reiner and Wofk, Diana and Wonka, Peter and M{\"u}ller, Matthias},
 journal={arXiv preprint arXiv:2302.12288},
 year={2023}
}

@article{kerbl20233d,
 title={3D Gaussian Splatting for Real-Time Radiance Field Rendering},
 author={Kerbl, Bernhard and Kopanas, Georgios and Leimk{\"u}hler, Thomas and Drettakis, George},
 journal={ACM Trans. Graph.},
 volume={42},
 number={4},
 pages={139--1},
 year={2023}
}

@inproceedings{li2024dngaussian,
 title={DNGaussian: Optimizing Sparse-view 3D Gaussian Radiance Fields with Global-local Depth Normalization},
 author={Li, Jiahe and Zhang, Jiawei and Bai, Xiao and Zheng, Jin and Ning, Xin and Zhou, Jun and Gu, Lin},
 booktitle={Proceedings of the IEEE/CVF Conference on Computer Vision and Pattern Recognition},
 pages={20775--20785},
 year={2024}
}

@article{liu2024endogaussian,
 title={EndoGaussian: Real-time Gaussian Splatting for Dynamic Endoscopic Scene Reconstruction},
 author={Liu, Yifan and Li, Chenxin and Yang, Chen and Yuan, Yixuan},
 journal={arXiv preprint arXiv:2401.12561},
 year={2024}
}

@article{mildenhall2021nerf,
 title={NeRF: Representing Scenes as Neural Radiance Fields for View Synthesis},
 author={Mildenhall, Ben and Srinivasan, Pratul P and Tancik, Matthew and Barron, Jonathan T and Ramamoorthi, Ravi and Ng, Ren},
 journal={Communications of the ACM},
 volume={65},
 number={1},
 pages={99--106},
 year={2021},
 publisher={ACM New York, NY, USA}
}

@article{mueller2019image,
 title={Image-to-Image Translation for Enhanced Feature Matching, Image Retrieval and Visual Localization},
 author={Mueller, Markus S and Sattler, Torsten and Pollefeys, Marc and Jutzi, Boris},
 journal={ISPRS Annals of the Photogrammetry, Remote Sensing and Spatial Information Sciences},
 volume={4},
 pages={111--119},
 year={2019},
 publisher={Copernicus}
}

@inproceedings{ranftl2021vision,
 title={Vision Transformers for Dense Prediction},
 author={Ranftl, Ren{\'e} and Bochkovskiy, Alexey and Koltun, Vladlen},
 booktitle={Proceedings of the IEEE/CVF International Conference on Computer Vision},
 pages={12179--12188},
 year={2021}
}

@article{tomasi1992shape,
 title={Shape and Motion from Image Streams under Orthography: A Factorization Method},
 author={Tomasi, Carlo and Kanade, Takeo},
 journal={International Journal of Computer Vision},
 volume={9},
 pages={137--154},
 year={1992},
 publisher={Springer}
}

@article{turkulainen2024dn,
 title={DN-Splatter: Depth and Normal Priors for Gaussian Splatting and Meshing},
 author={Turkulainen, Matias and Ren, Xuqian and Melekhov, Iaroslav and Seiskari, Otto and Rahtu, Esa and Kannala, Juho},
 journal={arXiv preprint arXiv:2403.17822},
 year={2024}
}

@article{ullman1979interpretation,
 title={The Interpretation of Structure from Motion},
 author={Ullman, Shimon},
 journal={Proceedings of the Royal Society of London. Series B. Biological Sciences},
 volume={203},
 number={1153},
 pages={405--426},
 year={1979},
 publisher={The Royal Society London}
}

@article{yang2024depth,
 title={Depth Anything V2},
 author={Yang, Lihe and Kang, Bingyi and Huang, Zilong and Zhao, Zhen and Xu, Xiaogang and Feng, Jiashi and Zhao, Hengshuang},
 journal={arXiv preprint arXiv:2406.09414},
 year={2024}
}

@article{zhu2023fsgs,
 title={FSGS: Real-time Few-shot View Synthesis using Gaussian Splatting},
 author={Zhu, Zehao and Fan, Zhiwen and Jiang, Yifan and Wang, Zhangyang},
 journal={arXiv preprint arXiv:2312.00451},
 year={2023}
}

