@comment{jabref-meta: databaseType:bibtex;}

@inproceedings{chung2024depth,
 title={Depth-regularized Optimization for 3D Gaussian Splatting in Few-shot Images},
 author={Chung, Jaeyoung and Oh, Jeongtaek and Lee, Kyoung Mu},
 booktitle={Proceedings of the IEEE/CVF Conference on Computer Vision and Pattern Recognition},
 pages={811--820},
 year={2024}
}

@inproceedings{huang20242d,
 title={2D Gaussian Splatting for Geometrically Accurate Radiance Fields},
 author={Huang, Binbin and Yu, Zehao and Chen, Anpei and Geiger, Andreas and Gao, Shenghua},
 booktitle={ACM SIGGRAPH 2024 Conference Papers},
 pages={1--11},
 year={2024}
}

@article{yang2024depth,
 title={Depth Anything V2},
 author={Yang, Lihe and Kang, Bingyi and Huang, Zilong and Zhao, Zhen and Xu, Xiaogang and Feng, Jiashi and Zhao, Hengshuang},
 journal={arXiv preprint arXiv:2406.09414},
 year={2024}
}

@inproceedings{wysocki2023scan2lod3,
 title={Scan2LoD3: Reconstructing Semantic 3D Building Models at LoD3 using Ray Casting and Bayesian Networks},
 author={Wysocki, Olaf and Xia, Yan and Wysocki, Magdalena and Grilli, Eleonora and Hoegner, Ludwig and Cremers, Daniel and Stilla, Uwe},
 booktitle={Proceedings of the IEEE/CVF Conference on Computer Vision and Pattern Recognition},
 pages={6548--6558},
 year={2023}
}

@inproceedings{li2024dngaussian,
 title={DNGaussian: Optimizing Sparse-view 3D Gaussian Radiance Fields with Global-local Depth Normalization},
 author={Li, Jiahe and Zhang, Jiawei and Bai, Xiao and Zheng, Jin and Ning, Xin and Zhou, Jun and Gu, Lin},
 booktitle={Proceedings of the IEEE/CVF Conference on Computer Vision and Pattern Recognition},
 pages={20775--20785},
 year={2024}
}

@article{zhu2023fsgs,
 title={FSGS: Real-time Few-shot View Synthesis using Gaussian Splatting},
 author={Zhu, Zehao and Fan, Zhiwen and Jiang, Yifan and Wang, Zhangyang},
 journal={arXiv preprint arXiv:2312.00451},
 year={2023}
}

@article{liu2024endogaussian,
 title={EndoGaussian: Real-time Gaussian Splatting for Dynamic Endoscopic Scene Reconstruction},
 author={Liu, Yifan and Li, Chenxin and Yang, Chen and Yuan, Yixuan},
 journal={arXiv preprint arXiv:2401.12561},
 year={2024}
}

@article{kerbl20233d,
 title={3D Gaussian Splatting for Real-Time Radiance Field Rendering},
 author={Kerbl, Bernhard and Kopanas, Georgios and Leimk{\"u}hler, Thomas and Drettakis, George},
 journal={ACM Trans. Graph.},
 volume={42},
 number={4},
 pages={139--1},
 year={2023}
}

@article{turkulainen2024dn,
 title={DN-Splatter: Depth and Normal Priors for Gaussian Splatting and Meshing},
 author={Turkulainen, Matias and Ren, Xuqian and Melekhov, Iaroslav and Seiskari, Otto and Rahtu, Esa and Kannala, Juho},
 journal={arXiv preprint arXiv:2403.17822},
 year={2024}
}

@article{petrovska2024vision,
 title={Vision through Obstacles: 3D Geometric Reconstruction and Evaluation of Neural Radiance Fields (NeRFs)},
 author={Petrovska, Ivana and Jutzi, Boris},
 journal={Remote Sensing},
 volume={16},
 number={7},
 pages={1188},
 year={2024},
 publisher={MDPI}
}

@article{jager2024hologs,
 title={HoloGS: Instant Depth-based 3D Gaussian Splatting with Microsoft HoloLens 2},
 author={J{\"a}ger, Miriam and Kapler, Theodor and Fe{\ss}enbecker, Michael and Birkelbach, Felix and Hillemann, Markus and Jutzi, Boris},
 journal={arXiv preprint arXiv:2405.02005},
 year={2024}
}

@inproceedings{jensen2014large,
 title={Large Scale Multi-view Stereopsis Evaluation},
 author={Jensen, Rasmus and Dahl, Anders and Vogiatzis, George and Tola, Engin and Aan{\ae}s, Henrik},
 booktitle={Proceedings of the IEEE Conference on Computer Vision and Pattern Recognition},
 pages={406--413},
 year={2014}
}

@article{knapitsch2017tanks,
 title={Tanks and Temples: Benchmarking Large-scale Scene Reconstruction},
 author={Knapitsch, Arno and Park, Jaesik and Zhou, Qian-Yi and Koltun, Vladlen},
 journal={ACM Transactions on Graphics (ToG)},
 volume={36},
 number={4},
 pages={1--13},
 year={2017},
 publisher={ACM New York, NY, USA}
}

@article{mildenhall2021nerf,
 title={NeRF: Representing Scenes as Neural Radiance Fields for View Synthesis},
 author={Mildenhall, Ben and Srinivasan, Pratul P and Tancik, Matthew and Barron, Jonathan T and Ramamoorthi, Ravi and Ng, Ren},
 journal={Communications of the ACM},
 volume={65},
 number={1},
 pages={99--106},
 year={2021},
 publisher={ACM New York, NY, USA}
}

@article{ullman1979interpretation,
 title={The Interpretation of Structure from Motion},
 author={Ullman, Shimon},
 journal={Proceedings of the Royal Society of London. Series B. Biological Sciences},
 volume={203},
 number={1153},
 pages={405--426},
 year={1979},
 publisher={The Royal Society London}
}

@inproceedings{schonberger2016structure,
 title={Structure-from-Motion Revisited},
 author={Schonberger, Johannes L and Frahm, Jan-Michael},
 booktitle={Proceedings of the IEEE Conference on Computer Vision and Pattern Recognition},
 pages={4104--4113},
 year={2016}
}

@article{tomasi1992shape,
 title={Shape and Motion from Image Streams under Orthography: A Factorization Method},
 author={Tomasi, Carlo and Kanade, Takeo},
 journal={International Journal of Computer Vision},
 volume={9},
 pages={137--154},
 year={1992},
 publisher={Springer}
}

@article{bhat2023zoedepth,
 title={ZoeDepth: Zero-shot Transfer by Combining Relative and Metric Depth},
 author={Bhat, Shariq Farooq and Birkl, Reiner and Wofk, Diana and Wonka, Peter and M{\"u}ller, Matthias},
 journal={arXiv preprint arXiv:2302.12288},
 year={2023}
}

@inproceedings{yang2024depthv1,
 title={Depth Anything: Unleashing the Power of Large-scale Unlabeled Data},
 author={Yang, Lihe and Kang, Bingyi and Huang, Zilong and Xu, Xiaogang and Feng, Jiashi and Zhao, Hengshuang},
 booktitle={Proceedings of the IEEE/CVF Conference on Computer Vision and Pattern Recognition},
 pages={10371--10381},
 year={2024}
}

@inproceedings{ranftl2021vision,
 title={Vision Transformers for Dense Prediction},
 author={Ranftl, Ren{\'e} and Bochkovskiy, Alexey and Koltun, Vladlen},
 booktitle={Proceedings of the IEEE/CVF International Conference on Computer Vision},
 pages={12179--12188},
 year={2021}
}

@article{mueller2019image,
 title={Image-to-Image Translation for Enhanced Feature Matching, Image Retrieval and Visual Localization},
 author={Mueller, Markus S and Sattler, Torsten and Pollefeys, Marc and Jutzi, Boris},
 journal={ISPRS Annals of the Photogrammetry, Remote Sensing and Spatial Information Sciences},
 volume={4},
 pages={111--119},
 year={2019},
 publisher={Copernicus}
}

@article{urban2017lafida,
 title={LaFiDa: A Laserscanner Multi-fisheye Camera Dataset},
 author={Urban, Steffen and Jutzi, Boris},
 journal={Journal of Imaging},
 volume={3},
 number={1},
 pages={5},
 year={2017},
 publisher={MDPI}
}

@article{lague2013accurate,
 title={Accurate 3D Comparison of Complex Topography with Terrestrial Laser Scanner: Application to the Rangitikei Canyon (NZ)},
 author={Lague, Dimitri and Brodu, Nicolas and Leroux, J{\'e}r{\^o}me},
 journal={ISPRS Journal of Photogrammetry and Remote Sensing},
 volume={82},
 pages={10--26},
 year={2013},
 publisher={Elsevier}
}








@article{smith1987,
	Author = {Smith, J.},
	Journal = {Photogrammetria},
	Pages = {47--56},
	Title = {Close range photogrammetry for analyzing distressed trees},
	Volume = {42},
	Number = {1},
	Year = {1987}}

@article{michalis2008,
	Author = {P. Michalis and I. Dowman},
	Journal = {Photogrammetric Engineering \& Remote Sensing},
	Pages = {303--309},
	Title = {A Generic Model for Along-Track Stereo Sensors Using Rigorous Orbit Mechanics},
	Volume = {74},
	Number = {3},
	Year = {2008}}

@inbook{foerstner2016,
	Address = {Cham},
	Author = {F{\"o}rstner, W. and Wrobel, B.},
	Publisher = {Springer Nature},
	Title = {Photogrammetric Computer Vision},
	Year = {2016}}

@inproceedings{smith2000,
	Author = {J. Smith},
	Booktitle = {Int. Arch. Photogramm. Remote Sens. Spatial Inf. Sci.},
	Pages = {456--469},
	Title = {Remote sensing to predict volcano outbursts},
	Volume = {XXVII-B1},
	Year = {2000}}

@article{maas2017,
	Author = {Maas, A. and Rottensteiner, F. and Heipke, C.},
	Journal = {ISPRS Ann. Photogramm. Remote Sens. Spatial Inf. Sci.},
	Volume = {IV-1/W1},
	Pages = {215--222},
	Url = {doi.org/10.5194/isprs-annals-IV-1-W1-215-2017},
	Title = {Classification under label noise using outdated maps},
	Year = {2017}}

@article{chan2017,
	Author = {K. L. Chan and K. Qin},
	Journal = {Int. Arch. Photogramm. Remote Sens. Spatial Inf. Sci.},
	Volume = {XLII-2/W7},
	Pages = {29--36},
	Url = {doi.org/10.5194/isprs-archives-XLII-2-W7-29-2017},
	Title = {Biomass burning related pollution and their contributions to the air quality in Hong Kong},
	Year = {2017}}

@misc{dubayah2013,
	Author = {Dubayah, R.O. and Swatantran, A. and Huang, W. and Duncanson, L. and Trang, H. and Johnson, K. and Dunne, J.O. and Hurtt, G.C.},
	Howpublished = {ORNL DAAC, Oak Ridge, Tennessee, USA. doi.org/10.3334/ORNLDAAC/1523},
	Title = {{CMS: LiDAR-derived Biomass, Canopy Height and Cover, Sonoma County, California, 2013}},
	Year = {2017}}

@misc{grass2017,
	Author = {{GRASS Development Team}},
	Howpublished = {Open Source Geospatial Foundation. grass.osgeo.org (20 September 2017)},
	Title = {{Geographic Resources Analysis Support System (GRASS) Software}},
	Year = {2017}}

@misc{grass2015,
	Author = {{GRASS Development Team}},
	Howpublished = {Open Source Geospatial Foundation. grass.osgeo.org (1 June 2017)},
	Title = {{Geographic Resources Analysis Support System (GRASS) Software, Version 6.4}},
	Year = {2015}}

@misc{lennert2017,
	Author = {Lennert, M. and {GRASS Development Team}},
	Howpublished = {Open Source Geospatial Foundation. grass.osgeo.org/grass7/manuals/addons/i.segment.stats.html (1 June 2017)},
	Title = {{Addon i.segment.stats. Geographic Resources Analysis Support System (GRASS) Software, Version 7.2}},
	Year = {2017}}


@misc{gago2016,
	Author = {Gago-Silva, A.},
	Howpublished = {doi.org/10.6084/m9.figshare.3188950},
	Title = {{GRASS GIS in Grid Environment}},
	Year = {2016}}

@misc{smith1987rep,
	Author = {Smith, J.},
	Howpublished = {Report KRL-01234, Kennedy Research Laboratories, Arlington, VA, USA.},
	Title = {{Economic printing of color orthophotos}},
	Year = {1987}}
