%%%%%%%%%%%%%%%%
% Introduction %
%%%%%%%%%%%%%%%%

% social engineering
@Article{fi11040089,
  AUTHOR={Salahdine, Fatima and Kaabouch, Naima},
  TITLE={Social Engineering Attacks: A Survey},
  JOURNAL={Future Internet},
  VOLUME={11},
  YEAR={2019},
  NUMBER={4},
  ARTICLE-NUMBER={89},
  URL={https://www.mdpi.com/1999-5903/11/4/89},
  ISSN={1999-5903},
  DOI={10.3390/fi11040089}
}

% VPT
@inproceedings{pruthi-etal-2019-combating,
    title = "Combating Adversarial Misspellings with Robust Word Recognition",
    author = "Pruthi, Danish  and
      Dhingra, Bhuwan  and
      Lipton, Zachary C.",
    editor = "Korhonen, Anna  and
      Traum, David  and
      M{\`a}rquez, Llu{\'\i}s",
    booktitle = "Proceedings of the 57th Annual Meeting of the Association for Computational Linguistics",
    month = jul,
    year = "2019",
    address = "Florence, Italy",
    publisher = "Association for Computational Linguistics",
    url = "https://aclanthology.org/P19-1561",
    doi = "10.18653/v1/P19-1561",
    pages = "5582--5591",
}

@INPROCEEDINGS{boucher2022bad,
  author={Boucher, Nicholas and Shumailov, Ilia and Anderson, Ross and Papernot, Nicolas},
  booktitle={2022 IEEE Symposium on Security and Privacy (SP)}, 
  title={Bad Characters: Imperceptible NLP Attacks}, 
  year={2022},
  volume={},
  number={},
  pages={1987-2004},
  keywords={Visualization;Toxicology;Systematics;Social networking (online);Perturbation methods;Taxonomy;Natural language processing;adversarial machine learning;NLP;text-based models;text encodings;search engines},
  doi={10.1109/SP46214.2022.9833641}
}

@inproceedings{seth-etal-2023-learning,
    title = "Learning the Legibility of Visual Text Perturbations",
    author = "Seth, Dev  and
      Stureborg, Rickard  and
      Pruthi, Danish  and
      Dhingra, Bhuwan",
    editor = "Vlachos, Andreas  and
      Augenstein, Isabelle",
    booktitle = "Proceedings of the 17th Conference of the European Chapter of the Association for Computational Linguistics",
    month = may,
    year = "2023",
    address = "Dubrovnik, Croatia",
    publisher = "Association for Computational Linguistics",
    url = "https://aclanthology.org/2023.eacl-main.238",
    doi = "10.18653/v1/2023.eacl-main.238",
    pages = "3260--3273",
}

@misc{unicode,
  author={{Unicode Consortium}},
  title={{Unicode Utilities: Confusables}},
  howpublished="\url{https://www.unicode.org/Public/security/15.0.0/confusables.txt}",
  year={2022}, 
  note="[Online; accessed 30-April-2023]"
}

% homnoglyph attack on spam
@INPROCEEDINGS{deng2020weaponizing,
  author={Deng, Perry and Linsky, Cooper and Wright, Matthew},
  booktitle={2020 IEEE International Conference on Intelligence and Security Informatics (ISI)}, 
  title={Weaponizing Unicodes with Deep Learning -Identifying Homoglyphs with Weakly Labeled Data}, 
  year={2020},
  volume={},
  number={},
  pages={1-6},
  keywords={Measurement;Visualization;Weapons;Plagiarism;Predictive models;Security;Software development management;homoglyphs;unicode;cybersecurity},
  doi={10.1109/ISI49825.2020.9280538}
}
@article{julis2020spam,
  title={Spam detection in SMS using machine learning through textmining},
  author={Julis, M Rubin and Alagesan, S},
  journal={Internat{\i}onal Journal Of Sc{\i}ent{\i}f{\i}c \& Technology Research},
  volume={9},
  number={02},
  year={2020}
}

% restoring methods
@inproceedings{suzuki2019shamfinder,
author = {Suzuki, Hiroaki and Chiba, Daiki and Yoneya, Yoshiro and Mori, Tatsuya and Goto, Shigeki},
title = {ShamFinder: An Automated Framework for Detecting IDN Homographs},
year = {2019},
isbn = {9781450369480},
publisher = {Association for Computing Machinery},
address = {New York, NY, USA},
url = {https://doi.org/10.1145/3355369.3355587},
doi = {10.1145/3355369.3355587},
booktitle = {Proceedings of the Internet Measurement Conference},
pages = {449–462},
numpages = {14},
keywords = {Unicode, IDN homograph, Homoglyph, DNS},
location = {Amsterdam, Netherlands},
series = {IMC '19}
}
@article{sawabe2019detection,
  title={Detection Method of Homograph Internationalized Domain Names with OCR},
  author={Yuta Sawabe and Daiki Chiba and Mitsuaki Akiyama and Shigeki Goto},
  journal={Journal of Information Processing},
  volume={27},
  number={ },
  pages={536-544},
  year={2019},
  doi={10.2197/ipsjjip.27.536}
}
@article{imam2022ocr,
  title = {OCR post-correction for detecting adversarial text images},
  journal = {Journal of Information Security and Applications},
  volume = {66},
  pages = {103170},
  year = {2022},
  issn = {2214-2126},
  doi = {https://doi.org/10.1016/j.jisa.2022.103170},
  url = {https://www.sciencedirect.com/science/article/pii/S2214212622000552},
  author = {Niddal H. Imam and Vassilios G. Vassilakis and Dimitris Kolovos},
  keywords = {Deep learning, Spam image, OCR, Text recognition, Text classification, Adversarial text attack}
}
@inproceedings{keller2021bert,
    title = "{BERT}-Defense: A Probabilistic Model Based on {BERT} to Combat Cognitively Inspired Orthographic Adversarial Attacks",
    author = "Keller, Yannik  and
      Mackensen, Jan  and
      Eger, Steffen",
    editor = "Zong, Chengqing  and
      Xia, Fei  and
      Li, Wenjie  and
      Navigli, Roberto",
    booktitle = "Findings of the Association for Computational Linguistics: ACL-IJCNLP 2021",
    month = aug,
    year = "2021",
    address = "Online",
    publisher = "Association for Computational Linguistics",
    url = "https://aclanthology.org/2021.findings-acl.141",
    doi = "10.18653/v1/2021.findings-acl.141",
    pages = "1616--1629",
}

% TextBugger
@inproceedings{li2019textbugger,
  title = "TEXTBUGGER: Generating Adversarial Text Against Real-world Applications",
  author = "Jinfeng Li and Shouling Ji and Tianyu Du and Bo Li and Ting Wang",
  note = "Publisher Copyright: {\textcopyright} NDSS 2019.All rights reserved.; 26th Annual Network and Distributed System Security Symposium, NDSS 2019 ; Conference date: 24-02-2019 Through 27-02-2019",
  year = "2019",
  doi = "10.14722/ndss.2019.23138",
  language = "English (US)",
  series = "26th Annual Network and Distributed System Security Symposium, NDSS 2019",
  publisher = "The Internet Society",
  booktitle = "26th Annual Network and Distributed System Security Symposium, NDSS 2019",
}

% Viper
@inproceedings{eger2019viper,
    title = "Text Processing Like Humans Do: Visually Attacking and Shielding {NLP} Systems",
    author = {Eger, Steffen  and
      {\c{S}}ahin, G{\"o}zde G{\"u}l  and
      R{\"u}ckl{\'e}, Andreas  and
      Lee, Ji-Ung  and
      Schulz, Claudia  and
      Mesgar, Mohsen  and
      Swarnkar, Krishnkant  and
      Simpson, Edwin  and
      Gurevych, Iryna},
    editor = "Burstein, Jill  and
      Doran, Christy  and
      Solorio, Thamar",
    booktitle = "Proceedings of the 2019 Conference of the North {A}merican Chapter of the Association for Computational Linguistics: Human Language Technologies, Volume 1 (Long and Short Papers)",
    month = jun,
    year = "2019",
    address = "Minneapolis, Minnesota",
    publisher = "Association for Computational Linguistics",
    url = "https://aclanthology.org/N19-1165",
    doi = "10.18653/v1/N19-1165",
    pages = "1634--1647"
}

% bitcoinabuse
@misc{bitcoinabuse,
  author={{Bitcoin Abuse}},
  title={{Bitcoin Abuse Database}},
  howpublished="\url{https://www.bitcoinabuse.com}",
  year={2023}, 
  note="[Online; accessed 30-April-2023]"
}


%%%%%%%%%%%%%%%%
% Related Work %
%%%%%%%%%%%%%%%%

% IDN homoglyph attack
@INPROCEEDINGS{elsayed2018large,
  author={Elsayed, Yahia and Shosha, Ahmed},
  booktitle={2018 APWG Symposium on Electronic Crime Research (eCrime)}, 
  title={Large scale detection of IDN domain name masquerading}, 
  year={2018},
  volume={},
  number={},
  pages={1-11},
  keywords={Homoglyph;homograph;domain names;DNS;security;IDNA;spoofing;phishing},
  doi={10.1109/ECRIME.2018.8376212}
}
@INPROCEEDINGS{yazdani2020case,
  author={Yazdani, Ramin and van der Toorn, Olivier and Sperotto, Anna},
  booktitle={2020 IEEE European Symposium on Security and Privacy Workshops (EuroS\&PW)}, 
  title={A Case of Identity: Detection of Suspicious IDN Homograph Domains Using Active DNS Measurements}, 
  year={2020},
  volume={},
  number={},
  pages={559-564},
  keywords={Phishing;Security;Browsers;Visualization;Standards;Blacklisting;Web pages;homoglyph;IDN;homograph attacks;suspicious domains;active DNS measurements},
  doi={10.1109/EuroSPW51379.2020.00082}
}
@Article{almuhaideb2022homoglyph,
  AUTHOR = {Almuhaideb, Abdullah M. and Aslam, Nida and Alabdullatif, Almaha and Altamimi, Sarah and Alothman, Shooq and Alhussain, Amnah and Aldosari, Waad and Alsunaidi, Shikah J. and Alissa, Khalid A.},
  TITLE = {Homoglyph Attack Detection Model Using Machine Learning and Hash Function},
  JOURNAL = {Journal of Sensor and Actuator Networks},
  VOLUME = {11},
  YEAR = {2022},
  NUMBER = {3},
  ARTICLE-NUMBER = {54},
  URL = {https://www.mdpi.com/2224-2708/11/3/54},
  ISSN = {2224-2708},
  DOI = {10.3390/jsan11030054}
}

% sentiment analysis
@article{pang2008opinion,
  url = {http://dx.doi.org/10.1561/1500000011},
  year = {2008},
  volume = {2},
  journal = {Foundations and Trends® in Information Retrieval},
  title = {Opinion Mining and Sentiment Analysis},
  doi = {10.1561/1500000011},
  issn = {1554-0669},
  number = {1–2},
  pages = {1-135},
  author = {Bo Pang and Lillian Lee}
}

% malicious content detection
@article{hou2010malicious,
  title = {Malicious web content detection by machine learning},
  journal = {Expert Systems with Applications},
  volume = {37},
  number = {1},
  pages = {55-60},
  year = {2010},
  issn = {0957-4174},
  doi = {https://doi.org/10.1016/j.eswa.2009.05.023},
  url = {https://www.sciencedirect.com/science/article/pii/S095741740900445X},
  author = {Yung-Tsung Hou and Yimeng Chang and Tsuhan Chen and Chi-Sung Laih and Chia-Mei Chen},
  keywords = {Dynamic HTML, Malicious webpage, Machine learning}
}

% BERT
@inproceedings{devlin2019bert,
    title = "{BERT}: Pre-training of Deep Bidirectional Transformers for Language Understanding",
    author = "Devlin, Jacob  and
      Chang, Ming-Wei  and
      Lee, Kenton  and
      Toutanova, Kristina",
    editor = "Burstein, Jill  and
      Doran, Christy  and
      Solorio, Thamar",
    booktitle = "Proceedings of the 2019 Conference of the North {A}merican Chapter of the Association for Computational Linguistics: Human Language Technologies, Volume 1 (Long and Short Papers)",
    month = jun,
    year = "2019",
    address = "Minneapolis, Minnesota",
    publisher = "Association for Computational Linguistics",
    url = "https://aclanthology.org/N19-1423",
    doi = "10.18653/v1/N19-1423",
    pages = "4171--4186"
}

% GPT
@article{radford2018improving,
  title={Improving language understanding by generative pre-training},
  author={Radford, Alec and Narasimhan, Karthik and Salimans, Tim and Sutskever, Ilya},
  year={2018},
}

% GPT-4
@misc{openai2023gpt4,
    title={GPT-4 Technical Report}, 
    author={OpenAI},
    year={2023},
    eprint={2303.08774},
    archivePrefix={arXiv},
    primaryClass={cs.CL}
}


%%%%%%%%%%%%%%%%%%%
% Data Collection %
%%%%%%%%%%%%%%%%%%%

% Flair
@inproceedings{akbik2019flair,
  title={{FLAIR}: An easy-to-use framework for state-of-the-art {NLP}},
  author={Akbik, Alan and Bergmann, Tanja and Blythe, Duncan and Rasul, Kashif and Schweter, Stefan and Vollgraf, Roland},
  booktitle={{NAACL} 2019, 2019 Annual Conference of the North American Chapter of the Association for Computational Linguistics (Demonstrations)},
  pages={54--59},
  year={2019}
}

% spell checker based on Levenshtein Distance
@misc{norvig2016how,
  author={Norvig, P.},
  title={{How to write a spelling corrector}},
  howpublished="\url{https://norvig.com/spell-correct.html}",
  year={2016}, 
  note="[Online; accessed 4-May-2023]"
}
@inproceedings{lison2016opensubtitles2016,
    title = "{O}pen{S}ubtitles2016: Extracting Large Parallel Corpora from Movie and {TV} Subtitles",
    author = {Lison, Pierre  and
      Tiedemann, J{\"o}rg},
    editor = "Calzolari, Nicoletta  and
      Choukri, Khalid  and
      Declerck, Thierry  and
      Goggi, Sara  and
      Grobelnik, Marko  and
      Maegaard, Bente  and
      Mariani, Joseph  and
      Mazo, Helene  and
      Moreno, Asuncion  and
      Odijk, Jan  and
      Piperidis, Stelios",
    booktitle = "Proceedings of the Tenth International Conference on Language Resources and Evaluation ({LREC}'16)",
    month = may,
    year = "2016",
    address = "Portoro{\v{z}}, Slovenia",
    publisher = "European Language Resources Association (ELRA)",
    url = "https://aclanthology.org/L16-1147",
    pages = "923--929",
}


%%%%%%%%%%%%%%
% Experiment %
%%%%%%%%%%%%%%

% Pytesseract OCR
@misc{pytesseract,
	title = {madmaze/pytesseract},
	copyright = {Apache-2.0},
	url = {https://github.com/madmaze/pytesseract},
	abstract = {A Python wrapper for Google Tesseract},
	urldate = {2024-07-30},
	author = {Lee, Matthias A.},
	month = jul,
	year = {2024},
	note = {original-date: 2010-10-27T23:02:49Z},
}

% Pyspellchecker
@misc{pyspellchecker,
	title = {barrust/pyspellchecker},
	copyright = {MIT},
	url = {https://github.com/barrust/pyspellchecker},
	abstract = {Pure Python Spell Checking http://pyspellchecker.readthedocs.io/en/latest/},
	urldate = {2024-07-30},
	author = {Barrus, Tyler},
	month = jul,
	year = {2024},
	note = {original-date: 2018-02-24T01:21:50Z},
	keywords = {levenshtein-distance, python, python-spell-checking, spellcheck, spellchecker, spelling-checker},
}

% Transformers
@inproceedings{wolf-etal-2020-transformers,
    title = "Transformers: State-of-the-Art Natural Language Processing",
    author = "Wolf, Thomas  and
      Debut, Lysandre  and
      Sanh, Victor  and
      Chaumond, Julien  and
      Delangue, Clement  and
      Moi, Anthony  and
      Cistac, Pierric  and
      Rault, Tim  and
      Louf, Remi  and
      Funtowicz, Morgan  and
      Davison, Joe  and
      Shleifer, Sam  and
      von Platen, Patrick  and
      Ma, Clara  and
      Jernite, Yacine  and
      Plu, Julien  and
      Xu, Canwen  and
      Le Scao, Teven  and
      Gugger, Sylvain  and
      Drame, Mariama  and
      Lhoest, Quentin  and
      Rush, Alexander",
    editor = "Liu, Qun  and
      Schlangen, David",
    booktitle = "Proceedings of the 2020 Conference on Empirical Methods in Natural Language Processing: System Demonstrations",
    month = oct,
    year = "2020",
    address = "Online",
    publisher = "Association for Computational Linguistics",
    url = "https://aclanthology.org/2020.emnlp-demos.6",
    doi = "10.18653/v1/2020.emnlp-demos.6",
    pages = "38--45",
}

% Noto Sans Runic
@misc{notofontsrunic,
	title = {notofonts/runic},
	copyright = {OFL-1.1},
	url = {https://github.com/notofonts/runic},
	abstract = {Noto Runic},
	urldate = {2024-07-31},
	author = {Simon Cozens and The Noto Project Authors and Google Font Contributors},
	publisher = {Noto Fonts},
	month = mar,
	year = {2024},
	note = {original-date: 2022-06-20T22:10:47Z},
}

% GoNotoCurrent
@misc{go-noto-universal,
	title = {satbyy/go-noto-universal},
	url = {https://github.com/satbyy/go-noto-universal},
	abstract = {Noto fonts go universal! Download pan-Unicode, merged Noto fonts according to time of usage (current, ancient) or geographical region (South Asia, SE Asia, Africa-MiddleEast, Europe-Americas).},
	urldate = {2024-07-30},
	author = {B, Satish},
	month = jul,
	year = {2024},
	note = {original-date: 2021-12-10T17:48:27Z},
	keywords = {fonts, noto, unicode},
}

% OpenAttack
@inproceedings{zeng-etal-2021-openattack,
    title = "{O}pen{A}ttack: An Open-source Textual Adversarial Attack Toolkit",
    author = "Zeng, Guoyang  and
      Qi, Fanchao  and
      Zhou, Qianrui  and
      Zhang, Tingji  and
      Ma, Zixian  and
      Hou, Bairu  and
      Zang, Yuan  and
      Liu, Zhiyuan  and
      Sun, Maosong",
    editor = "Ji, Heng  and
      Park, Jong C.  and
      Xia, Rui",
    booktitle = "Proceedings of the 59th Annual Meeting of the Association for Computational Linguistics and the 11th International Joint Conference on Natural Language Processing: System Demonstrations",
    month = aug,
    year = "2021",
    address = "Online",
    publisher = "Association for Computational Linguistics",
    url = "https://aclanthology.org/2021.acl-demo.43",
    doi = "10.18653/v1/2021.acl-demo.43",
    pages = "363--371",
}


%%%%%%%%%%%%%%%%%%%%%%%%%%%%%%%%%%%%%%%%
%%%%%%%%%%%%%%%% unused %%%%%%%%%%%%%%%%
%%%%%%%%%%%%%%%%%%%%%%%%%%%%%%%%%%%%%%%%

% nlp adversarial attack
@article{zhang2020adversarial,
  title={Adversarial attacks on deep-learning models in natural language processing: A survey},
  author={Zhang, Wei Emma and Sheng, Quan Z and Alhazmi, Ahoud and Li, Chenliang},
  journal={ACM Transactions on Intelligent Systems and Technology (TIST)},
  volume={11},
  number={3},
  pages={1--41},
  year={2020},
  publisher={ACM New York, NY, USA},
}

% homoglyph attack detection
@inproceedings{alvi2017plagiarism,
  title={Plagiarism detection in texts obfuscated with homoglyphs},
  author={Alvi, Faisal and Stevenson, Mark and Clough, Paul},
  booktitle={Advances in Information Retrieval: 39th European Conference on IR Research, ECIR 2017, Aberdeen, UK, April 8-13, 2017, Proceedings 39},
  pages={669--675},
  year={2017},
  month=apr,
  organization={Springer},
  address="Aberdeen, UK",
}
@inproceedings{qiu2010detect,
  title={Detect visual spoofing in unicode-based text},
  author={Qiu, Bite and Fang, Ning and Wenyin, Liu},
  booktitle={2010 20th International Conference on Pattern Recognition},
  pages={1949--1952},
  year={2010},
  month=aug,
  organization={IEEE},
  address="Istanbul, Turkey",
}

% MLM
@inproceedings{salazar2020masked,
  title={Masked Language Model Scoring},
  author={Salazar, Julian and Liang, Davis and Nguyen, Toan Q and Kirchhoff, Katrin},
  booktitle={Proceedings of the 58th Annual Meeting of the Association for Computational Linguistics},
  pages={2699--2712},
  year={2020},
  month=jul,
  address="Online",
}
@article{dong2019unified,
  title={Unified language model pre-training for natural language understanding and generation},
  author={Dong, Li and Yang, Nan and Wang, Wenhui and Wei, Furu and Liu, Xiaodong and Wang, Yu and Gao, Jianfeng and Zhou, Ming and Hon, Hsiao-Wuen},
  journal={Advances in neural information processing systems},
  volume={32},
  year={2019}
}
@article{liu2019roberta,
  title={Roberta: A robustly optimized bert pretraining approach},
  author={Liu, Yinhan and Ott, Myle and Goyal, Naman and Du, Jingfei and Joshi, Mandar and Chen, Danqi and Levy, Omer and Lewis, Mike and Zettlemoyer, Luke and Stoyanov, Veselin},
  journal={arXiv preprint arXiv:1907.11692},
  year={2019}
}
@article{he2020deberta,
  title={Deberta: Decoding-enhanced bert with disentangled attention},
  author={He, Pengcheng and Liu, Xiaodong and Gao, Jianfeng and Chen, Weizhu},
  journal={arXiv preprint arXiv:2006.03654},
  year={2020}
}

% pre-training datasets
@inproceedings{merity2016pointer,
  title={Pointer Sentinel Mixture Models},
  author={Merity, Stephen and Xiong, Caiming and Bradbury, James and Socher, Richard},
  booktitle={International Conference on Learning Representations},
  year={2017},
  month=apr,
  address="Toulon, France"
}
@InProceedings{zhu2015bookcorpus,
    title={Aligning Books and Movies: Towards Story-Like Visual Explanations by Watching Movies and Reading Books},
    author={Zhu, Yukun and Kiros, Ryan and Zemel, Rich and Salakhutdinov, Ruslan and Urtasun, Raquel and Torralba, Antonio and Fidler, Sanja},
    booktitle={The IEEE International Conference on Computer Vision (ICCV)},
    month={December},
    year={2015, Dec. 13-16},
   address="Santiago, Chile"
}

% NLP adversarial datasets
@inproceedings{gao2018deepwordbug,
  title={Black-box generation of adversarial text sequences to evade deep learning classifiers},
  author={Gao, Ji and Lanchantin, Jack and Soffa, Mary Lou and Qi, Yanjun},
  booktitle={2018 IEEE Security and Privacy Workshops (SPW)},
  pages={50--56},
  year={2018},
  organization={IEEE},
  month=may,
  address="San Francisco, CA, USA",
}

% prompt-based learning
@inproceedings{petroni2019language,
  title={Language Models as Knowledge Bases?},
  author={Petroni, Fabio and Rockt{\"a}schel, Tim and Riedel, Sebastian and Lewis, Patrick and Bakhtin, Anton and Wu, Yuxiang and Miller, Alexander},
  booktitle={Proceedings of the 2019 Conference on Empirical Methods in Natural Language Processing and the 9th International Joint Conference on Natural Language Processing (EMNLP-IJCNLP)},
  pages={2463--2473},
  year={2019},
  month=nov,
  address="Hong Kong, China"
}
@inproceedings{gao2021making,
  title={Making Pre-trained Language Models Better Few-shot Learners},
  author={Gao, Tianyu and Fisch, Adam and Chen, Danqi},
  booktitle={Proceedings of the 59th Annual Meeting of the Association for Computational Linguistics and the 11th International Joint Conference on Natural Language Processing (Volume 1: Long Papers)},
  pages={3816--3830},
  year={2021},
  month=aug,
  address="Online"
}
@inproceedings{schick2021s,
  title={It’s Not Just Size That Matters: Small Language Models Are Also Few-Shot Learners},
  author={Schick, Timo and Sch{\"u}tze, Hinrich},
  booktitle={Proceedings of the 2021 Conference of the North American Chapter of the Association for Computational Linguistics: Human Language Technologies},
  pages={2339--2352},
  year={2021},
  month=jun,
  address="Online"
}
@inproceedings{sun2022nsp,
  title={NSP-BERT: A Prompt-based Few-Shot Learner through an Original Pre-training Task——Next Sentence Prediction},
  author={Sun, Yi and Zheng, Yu and Hao, Chao and Qiu, Hangping},
  booktitle={Proceedings of the 29th International Conference on Computational Linguistics},
  pages={3233--3250},
  year={2022},
  month=oct,
  address="Gyeongju, Republic of Korea"
}

% Character-level BERT variants
@inproceedings{el2020characterbert,
  title={CharacterBERT: Reconciling ELMo and BERT for Word-Level Open-Vocabulary Representations From Characters},
  author={El Boukkouri, Hicham and Ferret, Olivier and Lavergne, Thomas and Noji, Hiroshi and Zweigenbaum, Pierre and Tsujii, Jun’ichi},
  booktitle={Proceedings of the 28th International Conference on Computational Linguistics},
  pages={6903--6915},
  month=dec,
  year={2020},
  address="Barcelona, Spain (Online)",
}
@inproceedings{ma2020charbert,
  title={CharBERT: Character-aware Pre-trained Language Model},
  author={Ma, Wentao and Cui, Yiming and Si, Chenglei and Liu, Ting and Wang, Shijin and Hu, Guoping},
  booktitle={Proceedings of the 28th International Conference on Computational Linguistics},
  pages={39--50},
  month=dec,
  year={2020},
  address="Barcelona, Spain (Online)",
}

% Adversarial Attack Defense using Lanugage Model
@inproceedings{le2022shield,
  title={SHIELD: Defending Textual Neural Networks against Multiple Black-Box Adversarial Attacks with Stochastic Multi-Expert Patcher},
  author={Le, Thai and Park, Noseong and Lee, Dongwon},
  booktitle={Proceedings of the 60th Annual Meeting of the Association for Computational Linguistics (Volume 1: Long Papers)},
  pages={6661--6674},
  month=may,
  year={2022},
  address="Dublin, Ireland",
}

% Adversarial Attack
@inproceedings{goodfellow2015explaining,
  title={Explaining and Harnessing Adversarial Examples},
  author={Ian J. Goodfellow and Jonathon Shlens and Christian Szegedy},
  booktitle={3rd International Conference on Learning Representations},
  month=may,
  year={2015},
  address="San Diego, California"
}

%Gephi algorithm
@inproceedings{hu2005efficient,
  title={Efficient, high-quality force-directed graph drawing},
  author={Yifan Hu},
  booktitle={10th International Mathematica Symposium},
  year={2005},
  pages={37--71},
  address={Banff, Canada}
}

%Gephi 
@article{bastian2009gephi,
  title={Gephi: an open source software for exploring and manipulating networks},
  author={Bastian, Mathieu and Heymann, Sebastien and Jacomy, Mathieu},
  journal={ICWSM},
  volume={3},
  pages={361--362},
  year={2009}
}


