@Article{almuhaideb2022homoglyph,
  AUTHOR = {Almuhaideb, Abdullah M. and Aslam, Nida and Alabdullatif, Almaha and Altamimi, Sarah and Alothman, Shooq and Alhussain, Amnah and Aldosari, Waad and Alsunaidi, Shikah J. and Alissa, Khalid A.},
  TITLE = {Homoglyph Attack Detection Model Using Machine Learning and Hash Function},
  JOURNAL = {Journal of Sensor and Actuator Networks},
  VOLUME = {11},
  YEAR = {2022},
  NUMBER = {3},
  ARTICLE-NUMBER = {54},
  URL = {https://www.mdpi.com/2224-2708/11/3/54},
  ISSN = {2224-2708},
  DOI = {10.3390/jsan11030054}
}

@inproceedings{devlin2019bert,
    title = "{BERT}: Pre-training of Deep Bidirectional Transformers for Language Understanding",
    author = "Devlin, Jacob  and
      Chang, Ming-Wei  and
      Lee, Kenton  and
      Toutanova, Kristina",
    editor = "Burstein, Jill  and
      Doran, Christy  and
      Solorio, Thamar",
    booktitle = "Proceedings of the 2019 Conference of the North {A}merican Chapter of the Association for Computational Linguistics: Human Language Technologies, Volume 1 (Long and Short Papers)",
    month = jun,
    year = "2019",
    address = "Minneapolis, Minnesota",
    publisher = "Association for Computational Linguistics",
    url = "https://aclanthology.org/N19-1423",
    doi = "10.18653/v1/N19-1423",
    pages = "4171--4186"
}

@INPROCEEDINGS{elsayed2018large,
  author={Elsayed, Yahia and Shosha, Ahmed},
  booktitle={2018 APWG Symposium on Electronic Crime Research (eCrime)}, 
  title={Large scale detection of IDN domain name masquerading}, 
  year={2018},
  volume={},
  number={},
  pages={1-11},
  keywords={Homoglyph;homograph;domain names;DNS;security;IDNA;spoofing;phishing},
  doi={10.1109/ECRIME.2018.8376212}
}

@article{hou2010malicious,
  title = {Malicious web content detection by machine learning},
  journal = {Expert Systems with Applications},
  volume = {37},
  number = {1},
  pages = {55-60},
  year = {2010},
  issn = {0957-4174},
  doi = {https://doi.org/10.1016/j.eswa.2009.05.023},
  url = {https://www.sciencedirect.com/science/article/pii/S095741740900445X},
  author = {Yung-Tsung Hou and Yimeng Chang and Tsuhan Chen and Chi-Sung Laih and Chia-Mei Chen},
  keywords = {Dynamic HTML, Malicious webpage, Machine learning}
}

@article{imam2022ocr,
  title = {OCR post-correction for detecting adversarial text images},
  journal = {Journal of Information Security and Applications},
  volume = {66},
  pages = {103170},
  year = {2022},
  issn = {2214-2126},
  doi = {https://doi.org/10.1016/j.jisa.2022.103170},
  url = {https://www.sciencedirect.com/science/article/pii/S2214212622000552},
  author = {Niddal H. Imam and Vassilios G. Vassilakis and Dimitris Kolovos},
  keywords = {Deep learning, Spam image, OCR, Text recognition, Text classification, Adversarial text attack}
}

@inproceedings{keller2021bert,
    title = "{BERT}-Defense: A Probabilistic Model Based on {BERT} to Combat Cognitively Inspired Orthographic Adversarial Attacks",
    author = "Keller, Yannik  and
      Mackensen, Jan  and
      Eger, Steffen",
    editor = "Zong, Chengqing  and
      Xia, Fei  and
      Li, Wenjie  and
      Navigli, Roberto",
    booktitle = "Findings of the Association for Computational Linguistics: ACL-IJCNLP 2021",
    month = aug,
    year = "2021",
    address = "Online",
    publisher = "Association for Computational Linguistics",
    url = "https://aclanthology.org/2021.findings-acl.141",
    doi = "10.18653/v1/2021.findings-acl.141",
    pages = "1616--1629",
}

@inproceedings{li2019textbugger,
  title = "TEXTBUGGER: Generating Adversarial Text Against Real-world Applications",
  author = "Jinfeng Li and Shouling Ji and Tianyu Du and Bo Li and Ting Wang",
  note = "Publisher Copyright: {\textcopyright} NDSS 2019.All rights reserved.; 26th Annual Network and Distributed System Security Symposium, NDSS 2019 ; Conference date: 24-02-2019 Through 27-02-2019",
  year = "2019",
  doi = "10.14722/ndss.2019.23138",
  language = "English (US)",
  series = "26th Annual Network and Distributed System Security Symposium, NDSS 2019",
  publisher = "The Internet Society",
  booktitle = "26th Annual Network and Distributed System Security Symposium, NDSS 2019",
}

@article{pang2008opinion,
  url = {http://dx.doi.org/10.1561/1500000011},
  year = {2008},
  volume = {2},
  journal = {Foundations and Trends® in Information Retrieval},
  title = {Opinion Mining and Sentiment Analysis},
  doi = {10.1561/1500000011},
  issn = {1554-0669},
  number = {1–2},
  pages = {1-135},
  author = {Bo Pang and Lillian Lee}
}

@article{radford2018improving,
  title={Improving language understanding by generative pre-training},
  author={Radford, Alec and Narasimhan, Karthik and Salimans, Tim and Sutskever, Ilya},
  year={2018},
}

@article{sawabe2019detection,
  title={Detection Method of Homograph Internationalized Domain Names with OCR},
  author={Yuta Sawabe and Daiki Chiba and Mitsuaki Akiyama and Shigeki Goto},
  journal={Journal of Information Processing},
  volume={27},
  number={ },
  pages={536-544},
  year={2019},
  doi={10.2197/ipsjjip.27.536}
}

@inproceedings{suzuki2019shamfinder,
author = {Suzuki, Hiroaki and Chiba, Daiki and Yoneya, Yoshiro and Mori, Tatsuya and Goto, Shigeki},
title = {ShamFinder: An Automated Framework for Detecting IDN Homographs},
year = {2019},
isbn = {9781450369480},
publisher = {Association for Computing Machinery},
address = {New York, NY, USA},
url = {https://doi.org/10.1145/3355369.3355587},
doi = {10.1145/3355369.3355587},
booktitle = {Proceedings of the Internet Measurement Conference},
pages = {449–462},
numpages = {14},
keywords = {Unicode, IDN homograph, Homoglyph, DNS},
location = {Amsterdam, Netherlands},
series = {IMC '19}
}

@INPROCEEDINGS{yazdani2020case,
  author={Yazdani, Ramin and van der Toorn, Olivier and Sperotto, Anna},
  booktitle={2020 IEEE European Symposium on Security and Privacy Workshops (EuroS\&PW)}, 
  title={A Case of Identity: Detection of Suspicious IDN Homograph Domains Using Active DNS Measurements}, 
  year={2020},
  volume={},
  number={},
  pages={559-564},
  keywords={Phishing;Security;Browsers;Visualization;Standards;Blacklisting;Web pages;homoglyph;IDN;homograph attacks;suspicious domains;active DNS measurements},
  doi={10.1109/EuroSPW51379.2020.00082}
}

