@article{ksieniewicz2022stream,
  title={Stream-learn—Open-source Python library for difficult data stream batch analysis},
  author={Ksieniewicz, Pawel and Zyblewski, Pawel},
  journal={Neurocomputing},
  volume={478},
  pages={11--21},
  year={2022},
  publisher={Elsevier}
}

@inproceedings{klikowski2022concept,
  title={Concept drift detector based on centroid distance analysis},
  author={Klikowski, Jakub},
  booktitle={2022 International Joint Conference on Neural Networks (IJCNN)},
  pages={1--8},
  year={2022},
  organization={IEEE}
}

@article{komorniczak2024metafeatures,
  title={On metafeatures’ ability of implicit concept identification},
  author={Komorniczak, Joanna and Ksieniewicz, Pawe{\l}},
  journal={Machine Learning},
  volume={113},
  number={10},
  pages={7931--7966},
  year={2024},
  publisher={Springer}
}

@article{baier2021detecting,
  title={Detecting concept drift with neural network model uncertainty},
  author={Baier, Lucas and Schl{\"o}r, Tim and Sch{\"o}ffer, Jakob and K{\"u}hl, Niklas},
  journal={arXiv preprint arXiv:2107.01873},
  year={2021}
}

@article{demvsar2018detecting,
  title={Detecting concept drift in data streams using model explanation},
  author={Dem{\v{s}}ar, Jaka and Bosni{\'c}, Zoran},
  journal={Expert Systems with Applications},
  volume={92},
  pages={546--559},
  year={2018},
  publisher={Elsevier}
}

@article{lindstrom2013drift,
  title={Drift detection using uncertainty distribution divergence},
  author={Lindstrom, Patrick and Mac Namee, Brian and Delany, Sarah Jane},
  journal={Evolving Systems},
  volume={4},
  pages={13--25},
  year={2013},
  publisher={Springer}
}

@article{gozuaccik2021concept,
  title={Concept learning using one-class classifiers for implicit drift detection in evolving data streams},
  author={G{\"o}z{\"u}a{\c{c}}{\i}k, {\"O}mer and Can, Fazli},
  journal={Artificial Intelligence Review},
  volume={54},
  number={5},
  pages={3725--3747},
  year={2021},
  publisher={Springer}
}

@article{sethi2015don,
  title={Don’t pay for validation: Detecting drifts from unlabeled data using margin density},
  author={Sethi, Tegjyot Singh and Kantardzic, Mehmed},
  journal={Procedia Computer Science},
  volume={53},
  pages={103--112},
  year={2015},
  publisher={Elsevier}
}

@inproceedings{gunasekara2024recurrent,
  title={Recurrent concept drifts on data streams},
  author={Gunasekara, Nuwan and Pfahringer, Bernhard and Gomes, Heitor Murilo and Bifet, Albert and Sing, Yun},
  booktitle={Proceedings of the Thirty-Third International Joint Conference on Artificial Intelligence, IJCAI-24},
  pages={8029--8037},
  year={2024}
}


@inproceedings{bifet2007learning,
  title={Learning from time-changing data with adaptive windowing},
  author={Bifet, Albert and Gavalda, Ricard},
  booktitle={Proceedings of the 2007 SIAM international conference on data mining},
  pages={443--448},
  year={2007},
  organization={SIAM}
}

@inproceedings{baena2006early,
  title={Early drift detection method},
  author={Baena-Garc{\i}a, Manuel and del Campo-{\'A}vila, Jos{\'e} and Fidalgo, Raul and Bifet, Albert and Gavalda, Ricard and Morales-Bueno, Rafael},
  booktitle={Fourth international workshop on knowledge discovery from data streams},
  volume={6},
  pages={77--86},
  year={2006},
  organization={Citeseer}
}

@inproceedings{gama2004learning,
  title={Learning with drift detection},
  author={Gama, Joao and Medas, Pedro and Castillo, Gladys and Rodrigues, Pedro},
  booktitle={Advances in Artificial Intelligence--SBIA 2004: 17th Brazilian Symposium on Artificial Intelligence, Sao Luis, Maranhao, Brazil, September 29-Ocotber 1, 2004. Proceedings 17},
  pages={286--295},
  year={2004},
  organization={Springer}
}

@inproceedings{halstead2021fingerprinting,
  title={Fingerprinting concepts in data streams with supervised and unsupervised meta-information},
  author={Halstead, Ben and Koh, Yun Sing and Riddle, Patricia and Pechenizkiy, Mykola and Bifet, Albert and Pears, Russel},
  booktitle={2021 IEEE 37th International Conference on Data Engineering (ICDE)},
  pages={1056--1067},
  year={2021},
  organization={IEEE}
}

@article{lobo2020spiking,
  title={Spiking neural networks and online learning: An overview and perspectives},
  author={Lobo, Jesus L and Del Ser, Javier and Bifet, Albert and Kasabov, Nikola},
  journal={Neural Networks},
  volume={121},
  pages={88--100},
  year={2020},
  publisher={Elsevier}
}

@article{komorniczak2024structuring,
  title={Structuring the Processing Frameworks for Data Stream Evaluation and Application},
  author={Komorniczak, Joanna and Ksieniewicz, Pawe{\l} and Zyblewski, Pawe{\l}},
  journal={arXiv preprint arXiv:2411.06799},
  year={2024}
}

@article{lobo2018evolving,
  title={Evolving spiking neural networks for online learning over drifting data streams},
  author={Lobo, Jesus L and La{\~n}a, Ibai and Del Ser, Javier and Bilbao, Miren Nekane and Kasabov, Nikola},
  journal={Neural Networks},
  volume={108},
  pages={1--19},
  year={2018},
  publisher={Elsevier}
}

@article{stapor2021design,
  title={How to design the fair experimental classifier evaluation},
  author={Stapor, Katarzyna and Ksieniewicz, Pawe{\l} and Garc{\'\i}a, Salvador and Wo{\'z}niak, Micha{\l}},
  journal={Applied Soft Computing},
  volume={104},
  pages={107219},
  year={2021},
  publisher={Elsevier}
}

@article{hinder2024one,
  title={One or two things we know about concept drift—a survey on monitoring in evolving environments. Part A: detecting concept drift},
  author={Hinder, Fabian and Vaquet, Valerie and Hammer, Barbara},
  journal={Frontiers in Artificial Intelligence},
  volume={7},
  pages={1330257},
  year={2024},
  publisher={Frontiers Media SA}
}

@inproceedings{bifet2017classifier,
  title={Classifier concept drift detection and the illusion of progress},
  author={Bifet, Albert},
  booktitle={Artificial Intelligence and Soft Computing: 16th International Conference, ICAISC 2017, Zakopane, Poland, June 11-15, 2017, Proceedings, Part II 16},
  pages={715--725},
  year={2017},
  organization={Springer}
}

@article{gao2018understanding,
  title={Understanding and enhancement of internal clustering validation indexes for categorical data},
  author={Gao, Xuedong and Yang, Minghan},
  journal={Algorithms},
  volume={11},
  number={11},
  pages={177},
  year={2018},
  publisher={MDPI}
}

@article{souza2020challenges,
  title={Challenges in benchmarking stream learning algorithms with real-world data},
  author={Souza, Vinicius MA and dos Reis, Denis M and Maletzke, Andre G and Batista, Gustavo EAPA},
  journal={Data Mining and Knowledge Discovery},
  volume={34},
  number={6},
  pages={1805--1858},
  year={2020},
  publisher={Springer}
}

@article{rachwal2023determining,
  title={Determining the quality of a dataset in clustering terms},
  author={Rachwa{\l}, Alicja and Pop{\l}awska, Emilia and Gorgol, Izolda and Cieplak, Tomasz and Pliszczuk, Damian and Skowron, {\L}ukasz and Rymarczyk, Tomasz},
  journal={Applied Sciences},
  volume={13},
  number={5},
  pages={2942},
  year={2023},
  publisher={MDPI}
}

@inproceedings{komorniczak2021prior,
  title={Prior probability estimation in dynamically imbalanced data streams},
  author={Komorniczak, Joanna and Zyblewski, Pawe{\l} and Ksieniewicz, Pawe{\l}},
  booktitle={2021 International Joint Conference on Neural Networks (IJCNN)},
  pages={1--7},
  year={2021},
  organization={IEEE}
}

@article{webb2016characterizing,
  title={Characterizing concept drift},
  author={Webb, Geoffrey I and Hyde, Roy and Cao, Hong and Nguyen, Hai Long and Petitjean, Francois},
  journal={Data Mining and Knowledge Discovery},
  volume={30},
  number={4},
  pages={964--994},
  year={2016},
  publisher={Springer}
}

@incollection{gama2010knowledge,
  title={Knowledge discovery from data streams},
  author={Gama, Joao and Rodrigues, Pedro Pereira and Spinosa, Eduardo and Carvalho, Andre},
  booktitle={Web Intelligence and Security},
  pages={125--138},
  year={2010},
  publisher={IOS Press}
}

@article{gama2014survey,
  title={A survey on concept drift adaptation},
  author={Gama, Jo{\~a}o and {\v{Z}}liobait{\.e}, Indr{\.e} and Bifet, Albert and Pechenizkiy, Mykola and Bouchachia, Abdelhamid},
  journal={ACM computing surveys (CSUR)},
  volume={46},
  number={4},
  pages={1--37},
  year={2014},
  publisher={ACM New York, NY, USA}
}

@article{gemaque2020overview,
  title={An overview of unsupervised drift detection methods},
  author={Gemaque, Rosana Noronha and Costa, Albert Fran{\c{c}}a Josu{\'a} and Giusti, Rafael and Dos Santos, Eulanda Miranda},
  journal={Wiley Interdisciplinary Reviews: Data Mining and Knowledge Discovery},
  volume={10},
  number={6},
  pages={e1381},
  year={2020},
  publisher={Wiley Online Library}
}

@article{komorniczak2023complexity,
  title={Complexity-based drift detection for nonstationary data streams},
  author={Komorniczak, Joanna and Ksieniewicz, Pawel},
  journal={Neurocomputing},
  volume={552},
  pages={126554},
  year={2023},
  publisher={Elsevier}
}

@article{micevska2021sddm,
  title={SDDM: an interpretable statistical concept drift detection method for data streams},
  author={Micevska, Simona and Awad, Ahmed and Sakr, Sherif},
  journal={Journal of intelligent information systems},
  volume={56},
  number={3},
  pages={459--484},
  year={2021},
  publisher={Springer}
}

@inproceedings{hulten2001mining,
  title={Mining time-changing data streams},
  author={Hulten, Geoff and Spencer, Laurie and Domingos, Pedro},
  booktitle={Proceedings of the seventh ACM SIGKDD international conference on Knowledge discovery and data mining},
  pages={97--106},
  year={2001}
}

@article{grzenda2020delayed,
  title={Delayed labelling evaluation for data streams},
  author={Grzenda, Maciej and Gomes, Heitor Murilo and Bifet, Albert},
  journal={Data Mining and Knowledge Discovery},
  volume={34},
  number={5},
  pages={1237--1266},
  year={2020},
  publisher={Springer}
}

@article{pigni2016digital,
  title={Digital data streams: Creating value from the real-time flow of big data},
  author={Pigni, Federico and Piccoli, Gabriele and Watson, Richard},
  journal={California Management Review},
  volume={58},
  number={3},
  pages={5--25},
  year={2016},
  publisher={SAGE Publications Sage CA: Los Angeles, CA}
}

@inproceedings{bifet2015efficient,
  title={Efficient online evaluation of big data stream classifiers},
  author={Bifet, Albert and de Francisci Morales, Gianmarco and Read, Jesse and Holmes, Geoff and Pfahringer, Bernhard},
  booktitle={Proceedings of the 21th ACM SIGKDD international conference on knowledge discovery and data mining},
  pages={59--68},
  year={2015}
}

@article{agrahari2022adaptive,
  title={Adaptive PCA-based feature drift detection using statistical measure},
  author={Agrahari, Supriya and Singh, Anil Kumar},
  journal={Cluster Computing},
  volume={25},
  number={6},
  pages={4481--4494},
  year={2022},
  publisher={Springer}
}

@book{gonzales1987digital,
  title={Digital image processing},
  author={Gonzales, Rafael C and Wintz, Paul},
  year={1987},
  publisher={Addison-Wesley Longman Publishing Co., Inc.}
}

@article{halstead2023combining,
  title={Combining diverse meta-features to accurately identify recurring concept drift in data streams},
  author={Halstead, Ben and Koh, Yun Sing and Riddle, Patricia and Pechenizkiy, Mykola and Bifet, Albert},
  journal={ACM Transactions on Knowledge Discovery from Data},
  volume={17},
  number={8},
  pages={1--36},
  year={2023},
  publisher={ACM New York, NY}
}

@article{agrahari2022concept,
  title={Concept drift detection in data stream mining: A literature review},
  author={Agrahari, Supriya and Singh, Anil Kumar},
  journal={Journal of King Saud University-Computer and Information Sciences},
  volume={34},
  number={10},
  pages={9523--9540},
  year={2022},
  publisher={Elsevier}
}

@inproceedings{shahapure2020cluster,
  title={Cluster quality analysis using silhouette score},
  author={Shahapure, Ketan Rajshekhar and Nicholas, Charles},
  booktitle={2020 IEEE 7th international conference on data science and advanced analytics (DSAA)},
  pages={747--748},
  year={2020},
  organization={IEEE}
}

@inproceedings{zyblewski2020dynamic,
  title={Dynamic Classifier Selection for Data with Skewed Class Distribution Using Imbalance Ratio and Euclidean Distance},
  author={Zyblewski, Pawe{\l} and Wo{\'z}niak, Micha{\l}},
  booktitle={Computational Science--ICCS 2020: 20th International Conference, Amsterdam, The Netherlands, June 3--5, 2020, Proceedings, Part IV 20},
  pages={59--73},
  year={2020},
  organization={Springer}
}

@article{amigo2009comparison,
  title={A comparison of extrinsic clustering evaluation metrics based on formal constraints},
  author={Amig{\'o}, Enrique and Gonzalo, Julio and Artiles, Javier and Verdejo, Felisa},
  journal={Information retrieval},
  volume={12},
  pages={461--486},
  year={2009},
  publisher={Springer}
}

@inproceedings{verleysen2005curse,
  title={The curse of dimensionality in data mining and time series prediction},
  author={Verleysen, Michel and Fran{\c{c}}ois, Damien},
  booktitle={International work-conference on artificial neural networks},
  pages={758--770},
  year={2005},
  organization={Springer}
}

@article{krawczyk2017ensemble,
  title={Ensemble learning for data stream analysis: A survey},
  author={Krawczyk, Bartosz and Minku, Leandro L and Gama, Jo{\~a}o and Stefanowski, Jerzy and Wo{\'z}niak, Micha{\l}},
  journal={Information Fusion},
  volume={37},
  pages={132--156},
  year={2017},
  publisher={Elsevier}
}

@article{ksieniewicz2023processing,
  title={Processing data stream with chunk-similarity model selection},
  author={Ksieniewicz, Pawel},
  journal={Applied Intelligence},
  volume={53},
  number={7},
  pages={7931--7956},
  year={2023},
  publisher={Springer}
}

@article{minku2011ddd,
  title={DDD: A new ensemble approach for dealing with concept drift},
  author={Minku, Leandro L and Yao, Xin},
  journal={IEEE transactions on knowledge and data engineering},
  volume={24},
  number={4},
  pages={619--633},
  year={2011},
  publisher={IEEE}
}


@inproceedings{bifet2010leveraging,
  title={Leveraging bagging for evolving data streams},
  author={Bifet, Albert and Holmes, Geoff and Pfahringer, Bernhard},
  booktitle={Machine Learning and Knowledge Discovery in Databases: European Conference, ECML PKDD 2010, Barcelona, Spain, September 20-24, 2010, Proceedings, Part I 21},
  pages={135--150},
  year={2010},
  organization={Springer}
}

@book{oza2001online,
  title={Online ensemble learning},
  author={Oza, Nikunj Chandrakant and Russell, Stuart},
  year={2001},
  publisher={University of California, Berkeley}
}

@inproceedings{bifet2009improving,
  title={Improving adaptive bagging methods for evolving data streams},
  author={Bifet, Albert and Holmes, Geoff and Pfahringer, Bernhard and Gavalda, Ricard},
  booktitle={Advances in Machine Learning: First Asian Conference on Machine Learning, ACML 2009, Nanjing, China, November 2-4, 2009. Proceedings 1},
  pages={23--37},
  year={2009},
  organization={Springer}
}

@article{lu2018learning,
  title={Learning under concept drift: A review},
  author={Lu, Jie and Liu, Anjin and Dong, Fan and Gu, Feng and Gama, Joao and Zhang, Guangquan},
  journal={IEEE transactions on knowledge and data engineering},
  volume={31},
  number={12},
  pages={2346--2363},
  year={2018},
  publisher={IEEE}
}

@book{wozniak2013hybrid,
  title={Hybrid classifiers: methods of data, knowledge, and classifier combination},
  author={Wozniak, Michal},
  volume={519},
  year={2013},
  publisher={Springer}
}

@article{vallim2014proposal,
  title={Proposal of a new stability concept to detect changes in unsupervised data streams},
  author={Vallim, Rosane MM and De Mello, Rodrigo F},
  journal={Expert systems with applications},
  volume={41},
  number={16},
  pages={7350--7360},
  year={2014},
  publisher={Elsevier}
}

@article{da2017multidimensional,
  title={Multidimensional surrogate stability to detect data stream concept drift},
  author={da Costa, Fausto G and Duarte, Felipe SLG and Vallim, Rosane MM and de Mello, Rodrigo F},
  journal={Expert Systems with Applications},
  volume={87},
  pages={15--29},
  year={2017},
  publisher={Elsevier}
}

@inproceedings{cavalcante2016fedd,
  title={Fedd: Feature extraction for explicit concept drift detection in time series},
  author={Cavalcante, Rodolfo C and Minku, Leandro L and Oliveira, Adriano LI},
  booktitle={2016 International joint conference on neural networks (IJCNN)},
  pages={740--747},
  year={2016},
  organization={IEEE}
}


@inproceedings{sobolewski2013comparable,
  title={Comparable study of statistical tests for virtual concept drift detection},
  author={Sobolewski, Piotr and Wo{\'z}niak, Micha{\l}},
  booktitle={Proceedings of the 8th International Conference on Computer Recognition Systems CORES 2013},
  pages={329--337},
  year={2013},
  organization={Springer}
}


@inproceedings{guo2023meta,
  title={Meta-feature-based Concept Evolution Detection on Feature Streams},
  author={Guo, Yufeng and Zhou, Peng and Zhang, Yanping and Jiang, Xin},
  booktitle={2023 8th International Conference on Intelligent Computing and Signal Processing (ICSP)},
  pages={1995--1998},
  year={2023},
  organization={IEEE}
}

@inproceedings{dos2016fast,
  title={Fast unsupervised online drift detection using incremental kolmogorov-smirnov test},
  author={Dos Reis, Denis Moreira and Flach, Peter and Matwin, Stan and Batista, Gustavo},
  booktitle={Proceedings of the 22nd ACM SIGKDD international conference on knowledge discovery and data mining},
  pages={1545--1554},
  year={2016}
}

@misc{goodfellow2016deep,
  title={Deep learning},
  author={Goodfellow, Ian},
  year={2016},
  publisher={MIT press}
}


@article{rivolli2022meta,
  title={Meta-features for meta-learning},
  author={Rivolli, Adriano and Garcia, Lu{\'\i}s PF and Soares, Carlos and Vanschoren, Joaquin and de Carvalho, Andr{\'e} CPLF},
  journal={Knowledge-Based Systems},
  volume={240},
  pages={108101},
  year={2022},
  publisher={Elsevier}
}

@inproceedings{bensusan2000discovering,
  title={Discovering task neighbourhoods through landmark learning performances},
  author={Bensusan, Hilan and Giraud-Carrier, Christophe},
  booktitle={European Conference on Principles of Data Mining and Knowledge Discovery},
  pages={325--330},
  year={2000},
  organization={Springer}
}

@inproceedings{engels1998using,
  title={Using a data metric for preprocessing advice for data mining applications.},
  author={Engels, Robert and Theusinger, Christiane},
  booktitle={ECAI},
  volume={98},
  pages={23--28},
  year={1998},
  organization={Citeseer}
}

@inproceedings{castiello2005meta,
  title={Meta-data: Characterization of input features for meta-learning},
  author={Castiello, Ciro and Castellano, Giovanna and Fanelli, Anna Maria},
  booktitle={International conference on modeling decisions for artificial intelligence},
  pages={457--468},
  year={2005},
  organization={Springer}
}

@book{michie1995machine,
  title={Machine learning, neural and statistical classification},
  author={Michie, Donald and Spiegelhalter, David J and Taylor, Charles C and Campbell, John},
  year={1995},
  publisher={Ellis Horwood}
}

@inproceedings{kalousis2000model,
  title={Model selection via meta-learning: a comparative study},
  author={Kalousis, Alexandros and Hilario, Melanie},
  booktitle={Proceedings 12th IEEE Internationals Conference on Tools with Artificial Intelligence. ICTAI 2000},
  pages={406--413},
  year={2000},
  organization={IEEE}
}


@article{lorena2019complex,
  title={How complex is your classification problem? a survey on measuring classification complexity},
  author={Lorena, Ana C and Garcia, Lu{\'\i}s PF and Lehmann, Jens and Souto, Marcilio CP and Ho, Tin Kam},
  journal={ACM Computing Surveys (CSUR)},
  volume={52},
  number={5},
  pages={1--34},
  year={2019},
  publisher={ACM New York, NY, USA}
}

@article{bezdek1998some,
  title={Some new indexes of cluster validity},
  author={Bezdek, James C and Pal, Nikhil R},
  journal={IEEE Transactions on Systems, Man, and Cybernetics, Part B (Cybernetics)},
  volume={28},
  number={3},
  pages={301--315},
  year={1998},
  publisher={IEEE}
}

@article{pimentel2019new,
  title={A new data characterization for selecting clustering algorithms using meta-learning},
  author={Pimentel, Bruno Almeida and De Carvalho, Andre CPLF},
  journal={Information Sciences},
  volume={477},
  pages={203--219},
  year={2019},
  publisher={Elsevier}
}