@inproceedings{bifet2007learning,
  title={Learning from time-changing data with adaptive windowing},
  author={Bifet, Albert and Gavalda, Ricard},
  booktitle={Proceedings of the 2007 SIAM international conference on data mining},
  pages={443--448},
  year={2007},
  organization={SIAM}
}

@inproceedings{bifet2009improving,
  title={Improving adaptive bagging methods for evolving data streams},
  author={Bifet, Albert and Holmes, Geoff and Pfahringer, Bernhard and Gavalda, Ricard},
  booktitle={Advances in Machine Learning: First Asian Conference on Machine Learning, ACML 2009, Nanjing, China, November 2-4, 2009. Proceedings 1},
  pages={23--37},
  year={2009},
  organization={Springer}
}

@inproceedings{cavalcante2016fedd,
  title={Fedd: Feature extraction for explicit concept drift detection in time series},
  author={Cavalcante, Rodolfo C and Minku, Leandro L and Oliveira, Adriano LI},
  booktitle={2016 International joint conference on neural networks (IJCNN)},
  pages={740--747},
  year={2016},
  organization={IEEE}
}

@article{da2017multidimensional,
  title={Multidimensional surrogate stability to detect data stream concept drift},
  author={da Costa, Fausto G and Duarte, Felipe SLG and Vallim, Rosane MM and de Mello, Rodrigo F},
  journal={Expert Systems with Applications},
  volume={87},
  pages={15--29},
  year={2017},
  publisher={Elsevier}
}

@inproceedings{gama2004learning,
  title={Learning with drift detection},
  author={Gama, Joao and Medas, Pedro and Castillo, Gladys and Rodrigues, Pedro},
  booktitle={Advances in Artificial Intelligence--SBIA 2004: 17th Brazilian Symposium on Artificial Intelligence, Sao Luis, Maranhao, Brazil, September 29-Ocotber 1, 2004. Proceedings 17},
  pages={286--295},
  year={2004},
  organization={Springer}
}

@incollection{gama2010knowledge,
  title={Knowledge discovery from data streams},
  author={Gama, Joao and Rodrigues, Pedro Pereira and Spinosa, Eduardo and Carvalho, Andre},
  booktitle={Web Intelligence and Security},
  pages={125--138},
  year={2010},
  publisher={IOS Press}
}

@article{gozuaccik2021concept,
  title={Concept learning using one-class classifiers for implicit drift detection in evolving data streams},
  author={G{\"o}z{\"u}a{\c{c}}{\i}k, {\"O}mer and Can, Fazli},
  journal={Artificial Intelligence Review},
  volume={54},
  number={5},
  pages={3725--3747},
  year={2021},
  publisher={Springer}
}

@article{grzenda2020delayed,
  title={Delayed labelling evaluation for data streams},
  author={Grzenda, Maciej and Gomes, Heitor Murilo and Bifet, Albert},
  journal={Data Mining and Knowledge Discovery},
  volume={34},
  number={5},
  pages={1237--1266},
  year={2020},
  publisher={Springer}
}

@inproceedings{gunasekara2024recurrent,
  title={Recurrent concept drifts on data streams},
  author={Gunasekara, Nuwan and Pfahringer, Bernhard and Gomes, Heitor Murilo and Bifet, Albert and Sing, Yun},
  booktitle={Proceedings of the Thirty-Third International Joint Conference on Artificial Intelligence, IJCAI-24},
  pages={8029--8037},
  year={2024}
}

@inproceedings{guo2023meta,
  title={Meta-feature-based Concept Evolution Detection on Feature Streams},
  author={Guo, Yufeng and Zhou, Peng and Zhang, Yanping and Jiang, Xin},
  booktitle={2023 8th International Conference on Intelligent Computing and Signal Processing (ICSP)},
  pages={1995--1998},
  year={2023},
  organization={IEEE}
}

@article{halstead2023combining,
  title={Combining diverse meta-features to accurately identify recurring concept drift in data streams},
  author={Halstead, Ben and Koh, Yun Sing and Riddle, Patricia and Pechenizkiy, Mykola and Bifet, Albert},
  journal={ACM Transactions on Knowledge Discovery from Data},
  volume={17},
  number={8},
  pages={1--36},
  year={2023},
  publisher={ACM New York, NY}
}

@inproceedings{klikowski2022concept,
  title={Concept drift detector based on centroid distance analysis},
  author={Klikowski, Jakub},
  booktitle={2022 International Joint Conference on Neural Networks (IJCNN)},
  pages={1--8},
  year={2022},
  organization={IEEE}
}

@article{komorniczak2023complexity,
  title={Complexity-based drift detection for nonstationary data streams},
  author={Komorniczak, Joanna and Ksieniewicz, Pawel},
  journal={Neurocomputing},
  volume={552},
  pages={126554},
  year={2023},
  publisher={Elsevier}
}

@article{komorniczak2024metafeatures,
  title={On metafeatures’ ability of implicit concept identification},
  author={Komorniczak, Joanna and Ksieniewicz, Pawe{\l}},
  journal={Machine Learning},
  volume={113},
  number={10},
  pages={7931--7966},
  year={2024},
  publisher={Springer}
}

@article{komorniczak2024structuring,
  title={Structuring the Processing Frameworks for Data Stream Evaluation and Application},
  author={Komorniczak, Joanna and Ksieniewicz, Pawe{\l} and Zyblewski, Pawe{\l}},
  journal={arXiv preprint arXiv:2411.06799},
  year={2024}
}

@article{krawczyk2017ensemble,
  title={Ensemble learning for data stream analysis: A survey},
  author={Krawczyk, Bartosz and Minku, Leandro L and Gama, Jo{\~a}o and Stefanowski, Jerzy and Wo{\'z}niak, Micha{\l}},
  journal={Information Fusion},
  volume={37},
  pages={132--156},
  year={2017},
  publisher={Elsevier}
}

@article{ksieniewicz2023processing,
  title={Processing data stream with chunk-similarity model selection},
  author={Ksieniewicz, Pawel},
  journal={Applied Intelligence},
  volume={53},
  number={7},
  pages={7931--7956},
  year={2023},
  publisher={Springer}
}

@article{lobo2020spiking,
  title={Spiking neural networks and online learning: An overview and perspectives},
  author={Lobo, Jesus L and Del Ser, Javier and Bifet, Albert and Kasabov, Nikola},
  journal={Neural Networks},
  volume={121},
  pages={88--100},
  year={2020},
  publisher={Elsevier}
}

@article{lorena2019complex,
  title={How complex is your classification problem? a survey on measuring classification complexity},
  author={Lorena, Ana C and Garcia, Lu{\'\i}s PF and Lehmann, Jens and Souto, Marcilio CP and Ho, Tin Kam},
  journal={ACM Computing Surveys (CSUR)},
  volume={52},
  number={5},
  pages={1--34},
  year={2019},
  publisher={ACM New York, NY, USA}
}

@article{sethi2015don,
  title={Don’t pay for validation: Detecting drifts from unlabeled data using margin density},
  author={Sethi, Tegjyot Singh and Kantardzic, Mehmed},
  journal={Procedia Computer Science},
  volume={53},
  pages={103--112},
  year={2015},
  publisher={Elsevier}
}

@inproceedings{sobolewski2013comparable,
  title={Comparable study of statistical tests for virtual concept drift detection},
  author={Sobolewski, Piotr and Wo{\'z}niak, Micha{\l}},
  booktitle={Proceedings of the 8th International Conference on Computer Recognition Systems CORES 2013},
  pages={329--337},
  year={2013},
  organization={Springer}
}

@article{webb2016characterizing,
  title={Characterizing concept drift},
  author={Webb, Geoffrey I and Hyde, Roy and Cao, Hong and Nguyen, Hai Long and Petitjean, Francois},
  journal={Data Mining and Knowledge Discovery},
  volume={30},
  number={4},
  pages={964--994},
  year={2016},
  publisher={Springer}
}

@book{wozniak2013hybrid,
  title={Hybrid classifiers: methods of data, knowledge, and classifier combination},
  author={Wozniak, Michal},
  volume={519},
  year={2013},
  publisher={Springer}
}

