@inproceedings{DBLP:conf/aaai/LiuRGCXTL23,
  author       = {Yang Liu and
                  Yu Rong and
                  Zhuoning Guo and
                  Nuo Chen and
                  Tingyang Xu and
                  Fugee Tsung and
                  Jia Li},
  title        = {Human Mobility Modeling during the {COVID-19} Pandemic via Deep Graph
                  Diffusion Infomax},
  booktitle    = {AAAI},
  pages        = {14347--14355},
  year         = {2023}
}

@inproceedings{DBLP:conf/iclr/LiuCZXZT0R24,
  author       = {Yang Liu and
                  Jiashun Cheng and
                  Haihong Zhao and
                  Tingyang Xu and
                  Peilin Zhao and
                  Fugee Tsung and
                  Jia Li and
                  Yu Rong},
  title        = {{SEGNO:} Generalizing Equivariant Graph Neural Networks with Physical
                  Inductive Biases},
  booktitle    = {ICLR},
  year         = {2024}
}

@inproceedings{DBLP:conf/kdd/ZhengLL0R24,
  author       = {Zinan Zheng and
                  Yang Liu and
                  Jia Li and
                  Jianhua Yao and
                  Yu Rong},
  title        = {Relaxing Continuous Constraints of Equivariant Graph Neural Networks
                  for Broad Physical Dynamics Learning},
  booktitle    = {KDD},
  pages        = {4548--4558},
  year         = {2024}
}

@article{DBLP:journals/corr/abs-1912-12180,
  author       = {Jonathan Ho and
                  Nal Kalchbrenner and
                  Dirk Weissenborn and
                  Tim Salimans},
  title        = {Axial Attention in Multidimensional Transformers},
  journal      = {CoRR},
  volume       = {abs/1912.12180},
  year         = {2019}
}

@article{DBLP:journals/tkde/LiuCHPZT22,
  author       = {Yang Liu and
                  Liang Chen and
                  Xiangnan He and
                  Jiaying Peng and
                  Zibin Zheng and
                  Jie Tang},
  title        = {Modelling High-Order Social Relations for Item Recommendation},
  journal      = {{IEEE} Trans. Knowl. Data Eng.},
  volume       = {34},
  number       = {9},
  pages        = {4385--4397},
  year         = {2022}
}

@article{bi2023accurate,
  title={Accurate medium-range global weather forecasting with 3D neural networks},
  author={Bi, Kaifeng and Xie, Lingxi and Zhang, Hengheng and Chen, Xin and Gu, Xiaotao and Tian, Qi},
  journal={Nature},
  volume={619},
  number={7970},
  pages={533--538},
  year={2023},
  publisher={Nature Publishing Group UK London}
}

@inproceedings{bonev2023spherical,
  title={Spherical fourier neural operators: Learning stable dynamics on the sphere},
  author={Bonev, Boris and Kurth, Thorsten and Hundt, Christian and Pathak, Jaideep and Baust, Maximilian and Kashinath, Karthik and Anandkumar, Anima},
  booktitle={ICML},
  pages={2806--2823},
  year={2023}
}

@inproceedings{chen2016xgboost,
  title={Xgboost: A scalable tree boosting system},
  author={Chen, Tianqi and Guestrin, Carlos},
  booktitle={KDD},
  pages={785--794},
  year={2016}
}

@article{chen2023fengwu,
  title={Fengwu: Pushing the skillful global medium-range weather forecast beyond 10 days lead},
  author={Chen, Kang and Han, Tao and Gong, Junchao and Bai, Lei and Ling, Fenghua and Luo, Jing-Jia and Chen, Xi and Ma, Leiming and Zhang, Tianning and Su, Rui and others},
  journal={arXiv preprint arXiv:2304.02948},
  year={2023}
}

@article{chen2023fuxi,
  title={FuXi: A cascade machine learning forecasting system for 15-day global weather forecast},
  author={Chen, Lei and Zhong, Xiaohui and Zhang, Feng and Cheng, Yuan and Xu, Yinghui and Qi, Yuan and Li, Hao},
  journal={npj Climate and Atmospheric Science},
  volume={6},
  number={1},
  pages={190},
  year={2023}
}

@article{chen2024machine,
  title={A machine learning model that outperforms conventional global subseasonal forecast models},
  author={Chen, Lei and Zhong, Xiaohui and Li, Hao and Wu, Jie and Lu, Bo and Chen, Deliang and Xie, Shang-Ping and Wu, Libo and Chao, Qingchen and Lin, Chensen and others},
  journal={Nature Communications},
  volume={15},
  number={1},
  pages={6425},
  year={2024}
}

@article{dosovitskiy2020image,
  title={An image is worth 16x16 words: Transformers for image recognition at scale},
  author={Dosovitskiy, Alexey},
  journal={arXiv preprint arXiv:2010.11929},
  year={2020}
}

@inproceedings{guibas2021efficient,
  title={Efficient token mixing for transformers via adaptive fourier neural operators},
  author={Guibas, John and Mardani, Morteza and Li, Zongyi and Tao, Andrew and Anandkumar, Anima and Catanzaro, Bryan},
  booktitle={ICLR},
  year={2021}
}

@article{harbola2019one,
  title={One dimensional convolutional neural network architectures for wind prediction},
  author={Harbola, Shubhi and Coors, Volker},
  journal={Energy Conversion and Management},
  volume={195},
  pages={70--75},
  year={2019}
}

@inproceedings{he2022learning,
  title={Learning and dynamical models for sub-seasonal climate forecasting: Comparison and collaboration},
  author={He, Sijie and Li, Xinyan and Trenary, Laurie and Cash, Benjamin A and DelSole, Timothy and Banerjee, Arindam},
  booktitle={AAAI},
  volume={36},
  number={4},
  pages={4495--4503},
  year={2022}
}

@article{hersbach2020era5,
  title={The ERA5 global reanalysis},
  author={Hersbach, Hans and Bell, Bill and Berrisford, Paul and Hirahara, Shoji and Hor{\'a}nyi, Andr{\'a}s and Mu{\~n}oz-Sabater, Joaqu{\'\i}n and Nicolas, Julien and Peubey, Carole and Radu, Raluca and Schepers, Dinand and others},
  journal={Quarterly Journal of the Royal Meteorological Society},
  volume={146},
  number={730},
  pages={1999--2049},
  year={2020}
}

@article{hurrell2013community,
  title={The community earth system model: a framework for collaborative research},
  author={Hurrell, James W and Holland, Marika M and Gent, Peter R and Ghan, Steven and Kay, Jennifer E and Kushner, Paul J and Lamarque, J-F and Large, William G and Lawrence, D and Lindsay, Keith and others},
  journal={Bulletin of the American Meteorological Society},
  volume={94},
  number={9},
  pages={1339--1360},
  year={2013}
}

@inproceedings{hwang2019improving,
  title={Improving subseasonal forecasting in the western US with machine learning},
  author={Hwang, Jessica and Orenstein, Paulo and Cohen, Judah and Pfeiffer, Karl and Mackey, Lester},
  booktitle={KDD},
  pages={2325--2335},
  year={2019}
}

@article{keisler2022forecasting,
  title={Forecasting global weather with graph neural networks},
  author={Keisler, Ryan},
  journal={arXiv preprint arXiv:2202.07575},
  year={2022}
}

@article{lam2022graphcast,
  title={GraphCast: Learning skillful medium-range global weather forecasting},
  author={Lam, Remi and Sanchez-Gonzalez, Alvaro and Willson, Matthew and Wirnsberger, Peter and Fortunato, Meire and Alet, Ferran and Ravuri, Suman and Ewalds, Timo and Eaton-Rosen, Zach and Hu, Weihua and others},
  journal={arXiv preprint arXiv:2212.12794},
  year={2022}
}

@article{li2020fourier,
  title={Fourier neural operator for parametric partial differential equations},
  author={Li, Zongyi and Kovachki, Nikola and Azizzadenesheli, Kamyar and Liu, Burigede and Bhattacharya, Kaushik and Stuart, Andrew and Anandkumar, Anima},
  journal={arXiv preprint arXiv:2010.08895},
  year={2020}
}

@article{li2024cafa,
  title={CaFA: Global Weather Forecasting with Factorized Attention on Sphere},
  author={Li, Zijie and Zhou, Anthony and Patil, Saurabh and Farimani, Amir Barati},
  journal={arXiv preprint arXiv:2405.07395},
  year={2024}
}

@inproceedings{nguyen2023climax,
  title={ClimaX: A foundation model for weather and climate},
  author={Nguyen, Tung and Brandstetter, Johannes and Kapoor, Ashish and Gupta, Jayesh K and Grover, Aditya},
  booktitle={ICML},
  pages={25904--25938},
  year={2023}
}

@article{pathak2022fourcastnet,
  title={Fourcastnet: A global data-driven high-resolution weather model using adaptive fourier neural operators},
  author={Pathak, Jaideep and Subramanian, Shashank and Harrington, Peter and Raja, Sanjeev and Chattopadhyay, Ashesh and Mardani, Morteza and Kurth, Thorsten and Hall, David and Li, Zongyi and Azizzadenesheli, Kamyar and others},
  journal={arXiv preprint arXiv:2202.11214},
  year={2022}
}

@article{rasp2020weatherbench,
  title={WeatherBench: a benchmark data set for data-driven weather forecasting},
  author={Rasp, Stephan and Dueben, Peter D and Scher, Sebastian and Weyn, Jonathan A and Mouatadid, Soukayna and Thuerey, Nils},
  journal={Journal of Advances in Modeling Earth Systems},
  volume={12},
  number={11},
  pages={e2020MS002203},
  year={2020}
}

@article{rasp2021data,
  title={Data-driven medium-range weather prediction with a resnet pretrained on climate simulations: A new model for weatherbench},
  author={Rasp, Stephan and Thuerey, Nils},
  journal={Journal of Advances in Modeling Earth Systems},
  volume={13},
  number={2},
  pages={e2020MS002405},
  year={2021}
}

@article{salcedo2016monthly,
  title={Monthly prediction of air temperature in Australia and New Zealand with machine learning algorithms},
  author={Deo, RC},
  journal={Theoretical and applied climatology},
  volume={125},
  pages={13--25},
  year={2016}
}

@article{scher2018toward,
  title={Toward data-driven weather and climate forecasting: Approximating a simple general circulation model with deep learning},
  author={Scher, Sebastian},
  journal={Geophysical Research Letters},
  volume={45},
  number={22},
  pages={12--616},
  year={2018}
}

@article{shi2015convolutional,
  title={Convolutional LSTM network: A machine learning approach for precipitation nowcasting},
  author={Shi, Xingjian and Chen, Zhourong and Wang, Hao and Yeung, Dit-Yan and Wong, Wai-Kin and Woo, Wang-chun},
  journal={NIPS},
  volume={28},
  year={2015}
}

@article{vaswani2017attention,
  title={Attention is all you need},
  author={Vaswani, A},
  journal={NeurIPS},
  year={2017}
}

@article{verma2024climode,
  title={Climode: Climate and weather forecasting with physics-informed neural odes},
  author={Verma, Yogesh and Heinonen, Markus and Garg, Vikas},
  journal={arXiv preprint arXiv:2404.10024},
  year={2024}
}

@book{wedi2015modelling,
  title={The modelling infrastructure of the Integrated Forecasting System: Recent advances and future challenges},
  author={Wedi, NP and Bauer, P and Denoninck, W and Diamantakis, M and Hamrud, M and Kuhnlein, C and Malardel, S and Mogensen, K and Mozdzynski, G and Smolarkiewicz, PK},
  year={2015},
  publisher={European Centre for Medium-Range Weather Forecasts}
}

@article{weyn2019can,
  title={Can machines learn to predict weather? Using deep learning to predict gridded 500-hPa geopotential height from historical weather data},
  author={Weyn, Jonathan A and Durran, Dale R and Caruana, Rich},
  journal={Journal of Advances in Modeling Earth Systems},
  volume={11},
  number={8},
  pages={2680--2693},
  year={2019}
}

@article{weyn2020improving,
  title={Improving data-driven global weather prediction using deep convolutional neural networks on a cubed sphere},
  author={Weyn, Jonathan A and Durran, Dale R and Caruana, Rich},
  journal={Journal of Advances in Modeling Earth Systems},
  volume={12},
  number={9},
  pages={e2020MS002109},
  year={2020}
}

@article{weyn2021sub,
  title={Sub-seasonal forecasting with a large ensemble of deep-learning weather prediction models},
  author={Weyn, Jonathan A and Durran, Dale R and Caruana, Rich and Cresswell-Clay, Nathaniel},
  journal={Journal of Advances in Modeling Earth Systems},
  volume={13},
  number={7},
  pages={e2021MS002502},
  year={2021}
}

