% Use this file for citations not found in the ACL Anthology (contained in "anthology.bib").

@article{dwork2014algorithmic,
  title={The algorithmic foundations of differential privacy},
  author={Dwork, Cynthia and Roth, Aaron and others},
  journal={Foundations and Trends{\textregistered} in Theoretical Computer Science},
  volume={9},
  number={3--4},
  pages={211--407},
  year={2014},
  publisher={Now Publishers, Inc.}
}
@inproceedings{beimel2010bounds,
  title={Bounds on the sample complexity for private learning and private data release},
  author={Beimel, Amos and Kasiviswanathan, Shiva Prasad and Nissim, Kobbi},
  booktitle={Theory of Cryptography Conference},
  pages={437--454},
  year={2010},
  organization={Springer}
}
@inproceedings{bassily2014private,
  title={Private empirical risk minimization: Efficient algorithms and tight error bounds},
  author={Bassily, Raef and Smith, Adam and Thakurta, Abhradeep},
  booktitle={2014 IEEE 55th Annual Symposium on Foundations of Computer Science},
  pages={464--473},
  year={2014},
  organization={IEEE}
}
@inproceedings{abadi2016deep,
  title={Deep learning with differential privacy},
  author={Abadi, Martin and Chu, Andy and Goodfellow, Ian and McMahan, H Brendan and Mironov, Ilya and Talwar, Kunal and Zhang, Li},
  booktitle={Proceedings of the 2016 ACM SIGSAC conference on computer and communications security},
  pages={308--318},
  year={2016}
}
@article{warner1965randomized,
  title={Randomized response: A survey technique for eliminating evasive answer bias},
  author={Warner, Stanley L},
  journal={Journal of the American statistical association},
  volume={60},
  number={309},
  pages={63--69},
  year={1965},
  publisher={Taylor \& Francis}
}
@book{APA:83,
    author  = {{American Psychological Association}},
    title   = {Publications Manual},
    year    = "1983",
    publisher = {American Psychological Association},
    address = {Washington, DC}
}

@article{Chandra:81,
	author = {Ashok K. Chandra and Dexter C. Kozen and Larry J. Stockmeyer},
	year = "1981",
	title = {Alternation},
	journal = {Journal of the Association for Computing Machinery},
	volume = "28",
	number = "1",
	pages = "114--133",
	doi = "10.1145/322234.322243",
}

@inproceedings{andrew2007scalable,
  title={Scalable training of {L1}-regularized log-linear models},
  author={Andrew, Galen and Gao, Jianfeng},
  booktitle={Proceedings of the 24th International Conference on Machine Learning},
  pages={33--40},
  year={2007},
}

@book{Gusfield:97,
    author  = {Dan Gusfield},
    title   = {Algorithms on Strings, Trees and Sequences},
    year    = "1997",
    publisher = {Cambridge University Press},
    address = {Cambridge, UK}
}

@article{rasooli-tetrault-2015,
    author    = {Mohammad Sadegh Rasooli and Joel R. Tetreault},
    title     = {Yara Parser: {A} Fast and Accurate Dependency Parser},
    journal   = {Computing Research Repository},
    volume    = {arXiv:1503.06733},
    year      = {2015},
    url       = {http://arxiv.org/abs/1503.06733},
    note    = {version 2}
}

@article{Ando2005,
	Acmid = {1194905},
	Author = {Ando, Rie Kubota and Zhang, Tong},
	Issn = {1532-4435},
	Issue_Date = {12/1/2005},
	Journal = {Journal of Machine Learning Research},
	Month = dec,
	Numpages = {37},
	Pages = {1817--1853},
	Publisher = {JMLR.org},
	Title = {A Framework for Learning Predictive Structures from Multiple Tasks and Unlabeled Data},
	Volume = {6},
	Year = {2005}
}

@inproceedings{userleveldp,
  title={User-level differentially private stochastic convex optimization: Efficient algorithms with optimal rates},
  author={Liu, Daogao and Asi, Hilal},
  booktitle={International Conference on Artificial Intelligence and Statistics},
  pages={4240--4248},
  year={2024},
  organization={PMLR}
}

@inproceedings{klrlhf,
  title={Iterative preference learning from human feedback: Bridging theory and practice for rlhf under kl-constraint},
  author={Xiong, Wei and Dong, Hanze and Ye, Chenlu and Wang, Ziqi and Zhong, Han and Ji, Heng and Jiang, Nan and Zhang, Tong},
  booktitle={Forty-first International Conference on Machine Learning},
  year={2024}
}

@inproceedings{rewarddp,
  title={Differentially private reward estimation with preference feedback},
  author={Chowdhury, Sayak Ray and Zhou, Xingyu and Natarajan, Nagarajan},
  booktitle={International Conference on Artificial Intelligence and Statistics},
  pages={4843--4851},
  year={2024},
  organization={PMLR}
}


@inproceedings{kwise,
  title={Principled reinforcement learning with human feedback from pairwise or k-wise comparisons},
  author={Zhu, Banghua and Jordan, Michael and Jiao,Jiantao },
  booktitle={International Conference on Machine Learning},
  year={2023},
  organization={PMLR}
}

@inproceedings{rdpo,
  title={Provably robust DPO: Aligning language models with noisy feedback},
  author={Chowdhury, Sayak Ray and Kini, Anush and Natarajan, Nagarajan},
  booktitle={arXiv preprint arXiv:2403.00409},
  year={2024}
}

@article{tropp2015,
  title={An introduction to matrix concentration inequalities},
  author={Tropp, Joel A.},
  journal={Foundations and Trends in Machine Learning},
  year={2015}
}

@article{scsgd,
  title={Making gradient descent optimal for strongly convex stochastic optimization},
  author={Rakhlin, Alexander and Shamir, Ohad and Sridharan, Karthik},
  journal={arXiv preprint arXiv:1109.5647},
  year={2011}
}

@article{rlhfdp23,
  title={Privately aligning language models with reinforcement learning},
  author={Wu, Fan and Inan, Huseyin A and Backurs, Arturs and Chandrasekaran, Varun and Kulkarni, Janardhan and Sim, Robert},
  journal={arXiv preprint arXiv:2310.16960},
  year={2023}
}
@inproceedings{hu2022high,
  title={High dimensional differentially private stochastic optimization with heavy-tailed data},
  author={Hu, Lijie and Ni, Shuo and Xiao, Hanshen and Wang, Di},
  booktitle={Proceedings of the 41st ACM SIGMOD-SIGACT-SIGAI Symposium on Principles of Database Systems},
  pages={227--236},
  year={2022}
}
@inproceedings{xiao2023theory,
  title={A theory to instruct differentially-private learning via clipping bias reduction},
  author={Xiao, Hanshen and Xiang, Zihang and Wang, Di and Devadas, Srinivas},
  booktitle={2023 IEEE Symposium on Security and Privacy (SP)},
  pages={2170--2189},
  year={2023},
  organization={IEEE}
}
@article{shen2023differentially,
  title={Differentially private non-convex learning for multi-layer neural networks},
  author={Shen, Hanpu and Wang, Cheng-Long and Xiang, Zihang and Ying, Yiming and Wang, Di},
  journal={arXiv preprint arXiv:2310.08425},
  year={2023}
}
@inproceedings{wang2019differentially1,
  title={Differentially private empirical risk minimization with non-convex loss functions},
  author={Wang, Di and Chen, Changyou and Xu, Jinhui},
  booktitle={International Conference on Machine Learning},
  pages={6526--6535},
  year={2019},
  organization={PMLR}
}
@article{su2024faster,
  title={Faster rates of differentially private stochastic convex optimization},
  author={Su, Jinyan and Hu, Lijie and Wang, Di},
  journal={Journal of Machine Learning Research},
  volume={25},
  number={114},
  pages={1--41},
  year={2024}
}
@inproceedings{wang2019differentially,
  title={Differentially private empirical risk minimization with smooth non-convex loss functions: A non-stationary view},
  author={Wang, Di and Xu, Jinhui},
  booktitle={Proceedings of the AAAI Conference on Artificial Intelligence},
  volume={33},
  number={01},
  pages={1182--1189},
  year={2019}
}
@article{zhang2024locate,
  title={Locate-then-edit for Multi-hop Factual Recall under Knowledge Editing},
  author={Zhang, Zhuoran and Li, Yongxiang and Kan, Zijian and Cheng, Keyuan and Hu, Lijie and Wang, Di},
  journal={arXiv preprint arXiv:2410.06331},
  year={2024}
}
@article{wang2017differentially,
  title={Differentially private empirical risk minimization revisited: Faster and more general},
  author={Wang, Di and Ye, Minwei and Xu, Jinhui},
  journal={Advances in Neural Information Processing Systems},
  volume={30},
  year={2017}
}
@inproceedings{chengmulti,
  title={Multi-hop Question Answering under Temporal Knowledge Editing},
  author={Cheng, Keyuan and Lin, Gang and Fei, Haoyang and Zhai, Yuxuan and Yu, Lu and Ali, Muhammad Asif and Hu, Lijie and Wang, Di},
  booktitle={First Conference on Language Modeling}
}
@inproceedings{yangmodel,
  title={Model Autophagy Analysis to Explicate Self-consumption within Human-AI Interactions},
  author={Yang, Shu and Ali, Muhammad Asif and Yu, Lu and Hu, Lijie and Wang, Di},
  booktitle={First Conference on Language Modeling}
}
@inproceedings{hong2024dissecting,
  title={Dissecting Fine-Tuning Unlearning in Large Language Models},
  author={Hong, Yihuai and Zou, Yuelin and Hu, Lijie and Zeng, Ziqian and Wang, Di and Yang, Haiqin},
  booktitle={Proceedings of the 2024 Conference on Empirical Methods in Natural Language Processing},
  pages={3933--3941},
  year={2024}
}
@inproceedings{huang2024private,
  title={Private Language Models via Truncated Laplacian Mechanism},
  author={Huang, Tianhao and Yang, Tao and Habernal, Ivan and Hu, Lijie and Wang, Di},
  booktitle={Proceedings of the 2024 Conference on Empirical Methods in Natural Language Processing},
  pages={3980--3993},
  year={2024}
}
@inproceedings{hu2024differentially,
  title={Differentially Private Natural Language Models: Recent Advances and Future Directions},
  author={Hu, Lijie and Habernal, Ivan and Shen, Lei and Wang, Di},
  booktitle={Findings of the Association for Computational Linguistics: EACL 2024},
  pages={478--499},
  year={2024}
}
@inproceedings{
PROPSdp,
title={Aligning Large Language Models With Preference Privacy},
author={Noel Teku and Fengwei Tian and Payel Bhattacharjee and Souradip Chakraborty and Amrit Singh Bedi and Ravi Tandon},
year={2025},
url={https://openreview.net/forum?id=nHmaQf2wJC}
}
@article{userlevelrdplhf,
  title={Mind the privacy unit! user-level differential privacy for language model fine-tuning},
  author={Chua, Lynn and Ghazi, Badih and Huang, Yangsibo and Kamath, Pritish and Kumar, Ravi and Liu, Daogao and Manurangsi, Pasin and Sinha, Amer and Zhang, Chiyuan},
  journal={arXiv preprint arXiv:2406.14322},
  year={2024}
}

@article{userleveldp1,
  title={Learning with user-level privacy},
  author={Levy, Daniel and Sun, Ziteng and Amin, Kareem and Kale, Satyen and Kulesza, Alex and Mohri, Mehryar and Suresh, Ananda Theertha},
  journal={Advances in Neural Information Processing Systems},
  volume={34},
  pages={12466--12479},
  year={2021}
}

@inproceedings{dp1,
  title={Calibrating noise to sensitivity in private data analysis},
  author={Dwork, Cynthia and McSherry, Frank and Nissim, Kobbi and Smith, Adam},
  booktitle={Theory of Cryptography: Third Theory of Cryptography Conference, TCC 2006, New York, NY, USA, March 4-7, 2006. Proceedings 3},
  pages={265--284},
  year={2006},
  organization={Springer}
}

@article{corruptionrlhf,
  title={Corruption Robust Offline Reinforcement Learning with Human Feedback},
  author={Mandal, Debmalya and Nika, Andi and Kamalaruban, Parameswaran and Singla, Adish and Radanovi{\'c}, Goran},
  journal={arXiv preprint arXiv:2402.06734},
  year={2024}
}

@article{privacysurvey,
  title={On protecting the data privacy of large language models (llms): A survey},
  author={Yan, Biwei and Li, Kun and Xu, Minghui and Dong, Yueyan and Zhang, Yue and Ren, Zhaochun and Cheng, Xiuzhen},
  journal={arXiv preprint arXiv:2403.05156},
  year={2024}
}

@article{llmprivacy1,
  title={Llm-rec: Personalized recommendation via prompting large language models},
  author={Lyu, Hanjia and Jiang, Song and Zeng, Hanqing and Xia, Yinglong and Wang, Qifan and Zhang, Si and Chen, Ren and Leung, Christopher and Tang, Jiajie and Luo, Jiebo},
  journal={arXiv preprint arXiv:2307.15780},
  year={2023}
}

@inproceedings{llmprivacy2,
  title={Leveraging large language models for sequential recommendation},
  author={Harte, Jesse and Zorgdrager, Wouter and Louridas, Panos and Katsifodimos, Asterios and Jannach, Dietmar and Fragkoulis, Marios},
  booktitle={Proceedings of the 17th ACM Conference on Recommender Systems},
  year={2023}
}

@article{robustrl,
  title={Robust reinforcement learning from corrupted human feedback},
  author={Bukharin, Alexander and Hong, Ilgee and Jiang, Haoming and Li, Zichong and Zhang, Qingru and Zhang, Zixuan and Zhao, Tuo},
  journal={arXiv preprint arXiv:2406.15568},
  year={2024}
}

@inproceedings{userleveldp2,
  title={User-level private stochastic convex optimization with optimal rates},
  author={Bassily, Raef and Sun, Ziteng},
  booktitle={International Conference on Machine Learning},
  pages={1838--1851},
  year={2023},
  organization={PMLR}
}

@article{dpobetter,
  title={Is dpo superior to ppo for llm alignment? a comprehensive study},
  author={Xu, Shusheng and Fu, Wei and Gao, Jiaxuan and Ye, Wenjie and Liu, Weilin and Mei, Zhiyu and Wang, Guangju and Yu, Chao and Wu, Yi},
  journal={arXiv preprint arXiv:2404.10719},
  year={2024}
}

@article{dpo,
  title={Direct preference optimization: Your language model is secretly a reward model},
  author={Rafailov, Rafael and Sharma, Archit and Mitchell, Eric and Manning, Christopher D and Ermon, Stefano and Finn, Chelsea},
  journal={Advances in Neural Information Processing Systems},
  volume={36},
  year={2024}
}

@misc{chatgpt,
  author = {{OpenAI}},
  title = {Introducing {ChatGPT}},
  year = {2022},
  month = {November},
  url = {https://openai.com/blog/chatgpt},
}

@misc{claude,
  author = {{Antropic}},
  title = {Claude},
  year = {2023},
  month = {July},
  url = {https://claude.ai/chats},
}

@article{ouyang2022,
  title={Training language models to follow instructions with human feedback},
  author={Ouyang, Long and Wu, Jeffrey and Jiang, Xu and Almeida, Diogo and Wainwright, Carroll and Mishkin, Pamela and Zhang, Chong and Agarwal, Sandhini and Slama, Katarina and Ray, Alex and others},
  journal={Advances in neural information processing systems},
  volume={35},
  pages={27730--27744},
  year={2022}
}

@article{labeldp,
  title={Deep learning with label differential privacy},
  author={Ghazi, Badih and Golowich, Noah and Kumar, Ravi and Manurangsi, Pasin and Zhang, Chiyuan},
  journal={Advances in neural information processing systems},
  volume={34},
  pages={27131--27145},
  year={2021}
}

@article{yin2022near,
  title={Near-optimal offline reinforcement learning with linear representation: Leveraging variance information with pessimism},
  author={Yin, Ming and Duan, Yaqi and Wang, Mengdi and Wang, Yu-Xiang},
  journal={arXiv preprint arXiv:2203.05804},
  year={2022}
}

@book{zhang2023,
  title={Mathematical analysis of machine learning algorithms},
  author={Zhang, Tong},
  year={2023},
  publisher={Cambridge University Press}
}

@article{li2023multi,
  title={Multi-step jailbreaking privacy attacks on chatgpt},
  author={Li, Haoran and Guo, Dadi and Fan, Wei and Xu, Mingshi and Huang, Jie and Meng, Fanpu and Song, Yangqiu},
  journal={arXiv preprint arXiv:2304.05197},
  year={2023}
}

@article{wu2023precedent,
  title={Precedent-enhanced legal judgment prediction with llm and domain-model collaboration},
  author={Wu, Yiquan and Zhou, Siying and Liu, Yifei and Lu, Weiming and Liu, Xiaozhong and Zhang, Yating and Sun, Changlong and Wu, Fei and Kuang, Kun},
  journal={arXiv preprint arXiv:2310.09241},
  year={2023}
}

@article{chalkidis2023retrieval,
  title={Retrieval-augmented multi-label text classification},
  author={Chalkidis, Ilias and Kementchedjhieva, Yova},
  journal={arXiv preprint arXiv:2305.13058},
  year={2023}
}

@article{yuan2024continued,
  title={A continued pretrained llm approach for automatic medical note generation},
  author={Yuan, Dong and Rastogi, Eti and Naik, Gautam and Rajagopal, Sree Prasanna and Goyal, Sagar and Zhao, Fen and Chintagunta, Bharath and Ward, Jeff},
  journal={arXiv preprint arXiv:2403.09057},
  year={2024}
}

@article{garcia2024medical,
  title={Medical mT5: an open-source multilingual text-to-text LLM for the medical domain},
  author={Garc{\'\i}a-Ferrero, Iker and Agerri, Rodrigo and Salazar, Aitziber Atutxa and Cabrio, Elena and de la Iglesia, Iker and Lavelli, Alberto and Magnini, Bernardo and Molinet, Benjamin and Ramirez-Romero, Johana and Rigau, German and others},
  journal={arXiv preprint arXiv:2404.07613},
  year={2024}
}

@article{thirunavukarasu2023large,
  title={Large language models in medicine},
  author={Thirunavukarasu, Arun James and Ting, Darren Shu Jeng and Elangovan, Kabilan and Gutierrez, Laura and Tan, Ting Fang and Ting, Daniel Shu Wei},
  journal={Nature medicine},
  volume={29},
  number={8},
  pages={1930--1940},
  year={2023},
  publisher={Nature Publishing Group US New York}
}

@inproceedings{nam2024using,
  title={Using an llm to help with code understanding},
  author={Nam, Daye and Macvean, Andrew and Hellendoorn, Vincent and Vasilescu, Bogdan and Myers, Brad},
  booktitle={Proceedings of the IEEE/ACM 46th International Conference on Software Engineering},
  pages={1--13},
  year={2024}
}

@inproceedings{ross2023programmer,
  title={The programmer’s assistant: Conversational interaction with a large language model for software development},
  author={Ross, Steven I and Martinez, Fernando and Houde, Stephanie and Muller, Michael and Weisz, Justin D},
  booktitle={Proceedings of the 28th International Conference on Intelligent User Interfaces},
  pages={491--514},
  year={2023}
}

@inproceedings{kazemitabaar2024codeaid,
  title={Codeaid: Evaluating a classroom deployment of an llm-based programming assistant that balances student and educator needs},
  author={Kazemitabaar, Majeed and Ye, Runlong and Wang, Xiaoning and Henley, Austin Zachary and Denny, Paul and Craig, Michelle and Grossman, Tovi},
  booktitle={Proceedings of the CHI Conference on Human Factors in Computing Systems},
  pages={1--20},
  year={2024}
}

@article{ghazi2024user,
  title={User-level differential privacy with few examples per user},
  author={Ghazi, Badih and Kamath, Pritish and Kumar, Ravi and Manurangsi, Pasin and Meka, Raghu and Zhang, Chiyuan},
  journal={Advances in Neural Information Processing Systems},
  volume={36},
  year={2024}
}

@article{geyer2017differentially,
  title={Differentially private federated learning: A client level perspective},
  author={Geyer, Robin C and Klein, Tassilo and Nabi, Moin},
  journal={arXiv preprint arXiv:1712.07557},
  year={2017}
}

@inproceedings{liu2024user,
  title={User-level differentially private stochastic convex optimization: Efficient algorithms with optimal rates},
  author={Liu, Daogao and Asi, Hilal},
  booktitle={International Conference on Artificial Intelligence and Statistics},
  pages={4240--4248},
  year={2024},
  organization={PMLR}
}

@inproceedings{bassily2023user,
  title={User-level private stochastic convex optimization with optimal rates},
  author={Bassily, Raef and Sun, Ziteng},
  booktitle={International Conference on Machine Learning},
  pages={1838--1851},
  year={2023},
  organization={PMLR}
}

@article{zhao2024huber,
  title={A Huber Loss Minimization Approach to Mean Estimation under User-level Differential Privacy},
  author={Zhao, Puning and Lai, Lifeng and Shen, Li and Li, Qingming and Wu, Jiafei and Liu, Zhe},
  journal={arXiv preprint arXiv:2405.13453},
  year={2024}
}

@article{zhao2024learning,
  title={Learning with User-Level Local Differential Privacy},
  author={Zhao, Puning and Shen, Li and Fan, Rongfei and Li, Qingming and Wu, Huiwen and Wu, Jiafei and Liu, Zhe},
  journal={arXiv preprint arXiv:2405.17079},
  year={2024}
}

@article{hsu2012tail,
  title={A tail inequality for quadratic forms of subgaussian random vectors},
  author={Hsu, Daniel and Kakade, Sham and Zhang, Tong},
  year={2012}
}
@inproceedings{imdb,
  title={Learning word vectors for sentiment analysis},
  author={Maas, Andrew and Daly, Raymond E and Pham, Peter T and Huang, Dan and Ng, Andrew Y and Potts, Christopher},
  booktitle={Proceedings of the 49th annual meeting of the association for computational linguistics: Human language technologies},
  pages={142--150},
  year={2011}
}
@inproceedings{tldr,
  title={Tl; dr: Mining reddit to learn automatic summarization},
  author={V{\"o}lske, Michael and Potthast, Martin and Syed, Shahbaz and Stein, Benno},
  booktitle={Proceedings of the Workshop on New Frontiers in Summarization},
  pages={59--63},
  year={2017}
}
@article{hhrlhf,
  title={Training a helpful and harmless assistant with reinforcement learning from human feedback},
  author={Bai, Yuntao and Jones, Andy and Ndousse, Kamal and Askell, Amanda and Chen, Anna and DasSarma, Nova and Drain, Dawn and Fort, Stanislav and Ganguli, Deep and Henighan, Tom and others},
  journal={arXiv preprint arXiv:2204.05862},
  year={2022}
}
@article{gemma,
  title={Gemma: Open models based on gemini research and technology},
  author={Team, Gemma and Mesnard, Thomas and Hardin, Cassidy and Dadashi, Robert and Bhupatiraju, Surya and Pathak, Shreya and Sifre, Laurent and Rivi{\`e}re, Morgane and Kale, Mihir Sanjay and Love, Juliette and others},
  journal={arXiv preprint arXiv:2403.08295},
  year={2024}
}

@article{llama,
  title={Llama 2: Open foundation and fine-tuned chat models},
  author={Touvron, Hugo and Martin, Louis and Stone, Kevin and Albert, Peter and Almahairi, Amjad and Babaei, Yasmine and Bashlykov, Nikolay and Batra, Soumya and Bhargava, Prajjwal and Bhosale, Shruti and others},
  journal={arXiv preprint arXiv:2307.09288},
  year={2023}
}

@article{pla75,
  title={The analysis of permutations},
  author={Plackett, Robin L},
  journal={Journal of the Royal Statistical Society Series C: Applied Statistics},
  volume={24},
  number={2},
  pages={193--202},
  year={1975},
  publisher={Oxford University Press}
}

@book{luc12,
  title={Individual choice behavior},
  author={Luce, R Duncan},
  volume={4},
  year={1959},
  publisher={Wiley New York}
}

@article{shah2016,
  title={Estimation from pairwise comparisons: Sharp minimax bounds with topology dependence},
  author={Shah, Nihar B and Balakrishnan, Sivaraman and Bradley, Joseph and Parekh, Abhay and Ramch, Kannan and Wainwright, Martin J and others},
  journal={Journal of Machine Learning Research},
  volume={17},
  number={58},
  pages={1--47},
  year={2016}
}

@article{shin2023,
  title={Benchmarks and algorithms for offline preference-based reward learning},
  author={Shin, Daniel and Dragan, Anca D and Brown, Daniel S},
  journal={arXiv preprint arXiv:2301.01392},
  year={2023}
}

@article{wang2020,
  title={What are the statistical limits of offline RL with linear function approximation?},
  author={Wang, Ruosong and Foster, Dean P and Kakade, Sham M},
  journal={arXiv preprint arXiv:2010.11895},
  year={2020}
}

@article{gemma2,
  title={Gemma 2: Improving open language models at a practical size, 2024},
  author={Team, Gemma and Riviere, Morgane and Pathak, Shreya and Sessa, Pier Giuseppe and Hardin, Cassidy and Bhupatiraju, Surya and Hussenot, L{\'e}onard and Mesnard, Thomas and Shahriari, Bobak and Ram{\'e}, Alexandre and others},
  journal={URL https://arxiv. org/abs/2408.00118},
  volume={1},
  number={3},
  year={2024}
}

@article{cai2023score,
  title={Score attack: A lower bound technique for optimal differentially private learning},
  author={Cai, T Tony and Wang, Yichen and Zhang, Linjun},
  journal={arXiv preprint arXiv:2303.07152},
  year={2023}
}

@article{yu2021differentially,
  title={Differentially private fine-tuning of language models},
  author={Yu, Da and Naik, Saurabh and Backurs, Arturs and Gopi, Sivakanth and Inan, Huseyin A and Kamath, Gautam and Kulkarni, Janardhan and Lee, Yin Tat and Manoel, Andre and Wutschitz, Lukas and others},
  journal={arXiv preprint arXiv:2110.06500},
  year={2021}
}