@article{li2023multi,
  title={Multi-step jailbreaking privacy attacks on chatgpt},
  author={Li, Haoran and Guo, Dadi and Fan, Wei and Xu, Mingshi and Huang, Jie and Meng, Fanpu and Song, Yangqiu},
  journal={arXiv preprint arXiv:2304.05197},
  year={2023}
}

@inproceedings{userleveldp,
  title={User-level differentially private stochastic convex optimization: Efficient algorithms with optimal rates},
  author={Liu, Daogao and Asi, Hilal},
  booktitle={International Conference on Artificial Intelligence and Statistics},
  pages={4240--4248},
  year={2024},
  organization={PMLR}
}

@article{userleveldp1,
  title={Learning with user-level privacy},
  author={Levy, Daniel and Sun, Ziteng and Amin, Kareem and Kale, Satyen and Kulesza, Alex and Mohri, Mehryar and Suresh, Ananda Theertha},
  journal={Advances in Neural Information Processing Systems},
  volume={34},
  pages={12466--12479},
  year={2021}
}

@inproceedings{userleveldp2,
  title={User-level private stochastic convex optimization with optimal rates},
  author={Bassily, Raef and Sun, Ziteng},
  booktitle={International Conference on Machine Learning},
  pages={1838--1851},
  year={2023},
  organization={PMLR}
}

