@inproceedings{radford2021learning,
  title={Learning transferable visual models from natural language supervision},
  author={Radford, Alec and Kim, Jong Wook and Hallacy, Chris and Ramesh, Aditya and Goh, Gabriel and Agarwal, Sandhini and Sastry, Girish and Askell, Amanda and Mishkin, Pamela and Clark, Jack and others},
  booktitle={International conference on machine learning},
  pages={8748--8763},
  year={2021},
  organization={PMLR}
}

@inproceedings{jia2021scaling,
  title={Scaling up visual and vision-language representation learning with noisy text supervision},
  author={Jia, Chao and Yang, Yinfei and Xia, Ye and Chen, Yi-Ting and Parekh, Zarana and Pham, Hieu and Le, Quoc and Sung, Yun-Hsuan and Li, Zhen and Duerig, Tom},
  booktitle={International conference on machine learning},
  pages={4904--4916},
  year={2021},
  organization={PMLR}
}

@inproceedings{li2023blip,
  title={Blip-2: Bootstrapping language-image pre-training with frozen image encoders and large language models},
  author={Li, Junnan and Li, Dongxu and Savarese, Silvio and Hoi, Steven},
  booktitle={International conference on machine learning},
  pages={19730--19742},
  year={2023},
  organization={PMLR}
}

@article{yao2021filip,
  title={Filip: Fine-grained interactive language-image pre-training},
  author={Yao, Lewei and Huang, Runhui and Hou, Lu and Lu, Guansong and Niu, Minzhe and Xu, Hang and Liang, Xiaodan and Li, Zhenguo and Jiang, Xin and Xu, Chunjing},
  journal={arXiv preprint arXiv:2111.07783},
  year={2021}
}

@article{li2021supervision,
  title={Supervision exists everywhere: A data efficient contrastive language-image pre-training paradigm},
  author={Li, Yangguang and Liang, Feng and Zhao, Lichen and Cui, Yufeng and Ouyang, Wanli and Shao, Jing and Yu, Fengwei and Yan, Junjie},
  journal={arXiv preprint arXiv:2110.05208},
  year={2021}
}

@inproceedings{singh2022flava,
  title={Flava: A foundational language and vision alignment model},
  author={Singh, Amanpreet and Hu, Ronghang and Goswami, Vedanuj and Couairon, Guillaume and Galuba, Wojciech and Rohrbach, Marcus and Kiela, Douwe},
  booktitle={Proceedings of the IEEE/CVF Conference on Computer Vision and Pattern Recognition},
  pages={15638--15650},
  year={2022}
}

@article{zhou2022learning,
  title={Learning to prompt for vision-language models},
  author={Zhou, Kaiyang and Yang, Jingkang and Loy, Chen Change and Liu, Ziwei},
  journal={International Journal of Computer Vision},
  volume={130},
  number={9},
  pages={2337--2348},
  year={2022},
  publisher={Springer}
}

@article{li2021prefix,
  title={Prefix-tuning: Optimizing continuous prompts for generation},
  author={Li, Xiang Lisa and Liang, Percy},
  journal={arXiv preprint arXiv:2101.00190},
  year={2021}
}

@article{lester2021power,
  title={The power of scale for parameter-efficient prompt tuning},
  author={Lester, Brian and Al-Rfou, Rami and Constant, Noah},
  journal={arXiv preprint arXiv:2104.08691},
  year={2021}
}

@article{liu2023gpt,
  title={GPT understands, too},
  author={Liu, Xiao and Zheng, Yanan and Du, Zhengxiao and Ding, Ming and Qian, Yujie and Yang, Zhilin and Tang, Jie},
  journal={AI Open},
  year={2023},
  publisher={Elsevier}
}

@article{qin2021learning,
  title={Learning how to ask: Querying LMs with mixtures of soft prompts},
  author={Qin, Guanghui and Eisner, Jason},
  journal={arXiv preprint arXiv:2104.06599},
  year={2021}
}

@article{shin2020autoprompt,
  title={Autoprompt: Eliciting knowledge from language models with automatically generated prompts},
  author={Shin, Taylor and Razeghi, Yasaman and Logan IV, Robert L and Wallace, Eric and Singh, Sameer},
  journal={arXiv preprint arXiv:2010.15980},
  year={2020}
}

@inproceedings{zhou2022conditional,
  title={Conditional prompt learning for vision-language models},
  author={Zhou, Kaiyang and Yang, Jingkang and Loy, Chen Change and Liu, Ziwei},
  booktitle={Proceedings of the IEEE/CVF conference on computer vision and pattern recognition},
  pages={16816--16825},
  year={2022}
}

@inproceedings{jia2022visual,
  title={Visual prompt tuning},
  author={Jia, Menglin and Tang, Luming and Chen, Bor-Chun and Cardie, Claire and Belongie, Serge and Hariharan, Bharath and Lim, Ser-Nam},
  booktitle={European Conference on Computer Vision},
  pages={709--727},
  year={2022},
  organization={Springer}
}

@inproceedings{khattak2023maple,
  title={Maple: Multi-modal prompt learning},
  author={Khattak, Muhammad Uzair and Rasheed, Hanoona and Maaz, Muhammad and Khan, Salman and Khan, Fahad Shahbaz},
  booktitle={Proceedings of the IEEE/CVF Conference on Computer Vision and Pattern Recognition},
  pages={19113--19122},
  year={2023}
}

@inproceedings{khattak2023self,
  title={Self-regulating prompts: Foundational model adaptation without forgetting},
  author={Khattak, Muhammad Uzair and Wasim, Syed Talal and Naseer, Muzammal and Khan, Salman and Yang, Ming-Hsuan and Khan, Fahad Shahbaz},
  booktitle={Proceedings of the IEEE/CVF International Conference on Computer Vision},
  pages={15190--15200},
  year={2023}
}

@article{lee2022surgical,
  title={Surgical fine-tuning improves adaptation to distribution shifts},
  author={Lee, Yoonho and Chen, Annie S and Tajwar, Fahim and Kumar, Ananya and Yao, Huaxiu and Liang, Percy and Finn, Chelsea},
  journal={arXiv preprint arXiv:2210.11466},
  year={2022}
}

@inproceedings{kim2021vilt,
  title={Vilt: Vision-and-language transformer without convolution or region supervision},
  author={Kim, Wonjae and Son, Bokyung and Kim, Ildoo},
  booktitle={International conference on machine learning},
  pages={5583--5594},
  year={2021},
  organization={PMLR}
}

@article{tan2019lxmert,
  title={Lxmert: Learning cross-modality encoder representations from transformers},
  author={Tan, Hao and Bansal, Mohit},
  journal={arXiv preprint arXiv:1908.07490},
  year={2019}
}

@article{yao2024cpt,
  title={Cpt: Colorful prompt tuning for pre-trained vision-language models},
  author={Yao, Yuan and Zhang, Ao and Zhang, Zhengyan and Liu, Zhiyuan and Chua, Tat-Seng and Sun, Maosong},
  journal={AI Open},
  volume={5},
  pages={30--38},
  year={2024},
  publisher={Elsevier}
}

@article{lu2019vilbert,
  title={Vilbert: Pretraining task-agnostic visiolinguistic representations for vision-and-language tasks},
  author={Lu, Jiasen and Batra, Dhruv and Parikh, Devi and Lee, Stefan},
  journal={Advances in neural information processing systems},
  volume={32},
  year={2019}
}

@inproceedings{rao2022denseclip,
  title={Denseclip: Language-guided dense prediction with context-aware prompting},
  author={Rao, Yongming and Zhao, Wenliang and Chen, Guangyi and Tang, Yansong and Zhu, Zheng and Huang, Guan and Zhou, Jie and Lu, Jiwen},
  booktitle={Proceedings of the IEEE/CVF conference on computer vision and pattern recognition},
  pages={18082--18091},
  year={2022}
}

@article{loshchilov2016sgdr,
  title={Sgdr: Stochastic gradient descent with warm restarts},
  author={Loshchilov, Ilya and Hutter, Frank},
  journal={arXiv preprint arXiv:1608.03983},
  year={2016}
}

@article{miyai2024locoop,
  title={Locoop: Few-shot out-of-distribution detection via prompt learning},
  author={Miyai, Atsuyuki and Yu, Qing and Irie, Go and Aizawa, Kiyoharu},
  journal={Advances in Neural Information Processing Systems},
  volume={36},
  year={2024}
}

@inproceedings{zhu2023prompt,
  title={Prompt-aligned gradient for prompt tuning},
  author={Zhu, Beier and Niu, Yulei and Han, Yucheng and Wu, Yue and Zhang, Hanwang},
  booktitle={Proceedings of the IEEE/CVF International Conference on Computer Vision},
  pages={15659--15669},
  year={2023}
}

@article{ma2024swapprompt,
  title={SwapPrompt: Test-Time Prompt Adaptation for Vision-Language Models},
  author={Ma, Xiaosong and Zhang, Jie and Guo, Song and Xu, Wenchao},
  journal={Advances in Neural Information Processing Systems},
  volume={36},
  year={2024}
}

@article{peng2021better,
  title={Better vision-language models with feature adapters},
  author={Peng, Gao and Shijie, Geng and Renrui, Zhang and Teli, Ma and Rongyao, Fang and Yongfeng, Zhang and Hongsheng, Li and Clip-adapter, Qiao Yu},
  journal={arXiv preprint arXiv:2110.04544},
  volume={3},
  year={2021}
}

@inproceedings{rasheed2023fine,
  title={Fine-tuned clip models are efficient video learners},
  author={Rasheed, Hanoona and Khattak, Muhammad Uzair and Maaz, Muhammad and Khan, Salman and Khan, Fahad Shahbaz},
  booktitle={Proceedings of the IEEE/CVF Conference on Computer Vision and Pattern Recognition},
  pages={6545--6554},
  year={2023}
}

@article{kaiser2017learning,
  title={Learning to remember rare events},
  author={Kaiser, {\L}ukasz and Nachum, Ofir and Roy, Aurko and Bengio, Samy},
  journal={arXiv preprint arXiv:1703.03129},
  year={2017}
}

@article{haviv2021bertese,
  title={BERTese: Learning to speak to BERT},
  author={Haviv, Adi and Berant, Jonathan and Globerson, Amir},
  journal={arXiv preprint arXiv:2103.05327},
  year={2021}
}

@article{gao2020making,
  title={Making pre-trained language models better few-shot learners},
  author={Gao, Tianyu and Fisch, Adam and Chen, Danqi},
  journal={arXiv preprint arXiv:2012.15723},
  year={2020}
}

@article{zang2022unified,
  title={Unified vision and language prompt learning},
  author={Zang, Yuhang and Li, Wei and Zhou, Kaiyang and Huang, Chen and Loy, Chen Change},
  journal={arXiv preprint arXiv:2210.07225},
  year={2022}
}

@article{vaswani2017attention,
  title={Attention is all you need},
  author={Vaswani, Ashish and Shazeer, Noam and Parmar, Niki and Uszkoreit, Jakob and Jones, Llion and Gomez, Aidan N and Kaiser, {\L}ukasz and Polosukhin, Illia},
  journal={Advances in neural information processing systems},
  volume={30},
  year={2017}
}

@inproceedings{deng2009imagenet,
  title={Imagenet: A large-scale hierarchical image database},
  author={Deng, Jia and Dong, Wei and Socher, Richard and Li, Li-Jia and Li, Kai and Fei-Fei, Li},
  booktitle={2009 IEEE conference on computer vision and pattern recognition},
  pages={248--255},
  year={2009},
  organization={Ieee}
}

@inproceedings{fei2004learning,
  title={Learning generative visual models from few training examples: An incremental bayesian approach tested on 101 object categories},
  author={Fei-Fei, Li and Fergus, Rob and Perona, Pietro},
  booktitle={2004 conference on computer vision and pattern recognition workshop},
  pages={178--178},
  year={2004},
  organization={IEEE}
}

@inproceedings{parkhi2012cats,
  title={Cats and dogs},
  author={Parkhi, Omkar M and Vedaldi, Andrea and Zisserman, Andrew and Jawahar, CV},
  booktitle={2012 IEEE conference on computer vision and pattern recognition},
  pages={3498--3505},
  year={2012},
  organization={IEEE}
}

@inproceedings{krause20133d,
  title={3d object representations for fine-grained categorization},
  author={Krause, Jonathan and Stark, Michael and Deng, Jia and Fei-Fei, Li},
  booktitle={Proceedings of the IEEE international conference on computer vision workshops},
  pages={554--561},
  year={2013}
}

@inproceedings{nilsback2008automated,
  title={Automated flower classification over a large number of classes},
  author={Nilsback, Maria-Elena and Zisserman, Andrew},
  booktitle={2008 Sixth Indian conference on computer vision, graphics \& image processing},
  pages={722--729},
  year={2008},
  organization={IEEE}
}

@inproceedings{bossard2014food,
  title={Food-101--mining discriminative components with random forests},
  author={Bossard, Lukas and Guillaumin, Matthieu and Van Gool, Luc},
  booktitle={Computer Vision--ECCV 2014: 13th European Conference, Zurich, Switzerland, September 6-12, 2014, Proceedings, Part VI 13},
  pages={446--461},
  year={2014},
  organization={Springer}
}

@article{maji2013fine,
  title={Fine-grained visual classification of aircraft},
  author={Maji, Subhransu and Rahtu, Esa and Kannala, Juho and Blaschko, Matthew and Vedaldi, Andrea},
  journal={arXiv preprint arXiv:1306.5151},
  year={2013}
}

@inproceedings{xiao2010sun,
  title={Sun database: Large-scale scene recognition from abbey to zoo},
  author={Xiao, Jianxiong and Hays, James and Ehinger, Krista A and Oliva, Aude and Torralba, Antonio},
  booktitle={2010 IEEE computer society conference on computer vision and pattern recognition},
  pages={3485--3492},
  year={2010},
  organization={IEEE}
}

@inproceedings{cimpoi2014describing,
  title={Describing textures in the wild},
  author={Cimpoi, Mircea and Maji, Subhransu and Kokkinos, Iasonas and Mohamed, Sammy and Vedaldi, Andrea},
  booktitle={Proceedings of the IEEE conference on computer vision and pattern recognition},
  pages={3606--3613},
  year={2014}
}

@article{helber2019eurosat,
  title={Eurosat: A novel dataset and deep learning benchmark for land use and land cover classification},
  author={Helber, Patrick and Bischke, Benjamin and Dengel, Andreas and Borth, Damian},
  journal={IEEE Journal of Selected Topics in Applied Earth Observations and Remote Sensing},
  volume={12},
  number={7},
  pages={2217--2226},
  year={2019},
  publisher={IEEE}
}

@article{soomro2012ucf101,
  title={UCF101: A dataset of 101 human actions classes from videos in the wild},
  author={Soomro, Khurram and Zamir, Amir Roshan and Shah, Mubarak},
  journal={arXiv preprint arXiv:1212.0402},
  year={2012}
}