@inproceedings{arora2012stochastic,
  title={Stochastic optimization for PCA and PLS},
  author={Arora, Raman and Cotter, Andrew and Livescu, Karen and Srebro, Nathan},
  booktitle={2012 50th annual allerton conference on communication, control, and computing (allerton)},
  pages={861--868},
  year={2012},
  organization={IEEE}
}

@article{baldi1989neural,
  title={Neural networks and principal component analysis: Learning from examples without local minima},
  author={Baldi, Pierre and Hornik, Kurt},
  journal={Neural networks},
  volume={2},
  number={1},
  pages={53--58},
  year={1989},
  publisher={Elsevier}
}

@inproceedings{balzano2010online,
  title={Online identification and tracking of subspaces from highly incomplete information},
  author={Balzano, Laura and Nowak, Robert and Recht, Benjamin},
  booktitle={2010 48th Annual allerton conference on communication, control, and computing (Allerton)},
  pages={704--711},
  year={2010},
  organization={IEEE}
}

@article{burer2003nonlinear,
  title={A nonlinear programming algorithm for solving semidefinite programs via low-rank factorization},
  author={Burer, Samuel and Monteiro, Renato DC},
  journal={Mathematical programming},
  volume={95},
  number={2},
  pages={329--357},
  year={2003},
  publisher={Springer}
}

@article{candes2015phase,
  title={Phase retrieval via Wirtinger flow: Theory and algorithms},
  author={Candes, Emmanuel J and Li, Xiaodong and Soltanolkotabi, Mahdi},
  journal={IEEE Transactions on Information Theory},
  volume={61},
  number={4},
  pages={1985--2007},
  year={2015},
  publisher={IEEE}
}

@article{chen2019gradient,
  title={Gradient descent with random initialization: Fast global convergence for nonconvex phase retrieval},
  author={Chen, Yuxin and Chi, Yuejie and Fan, Jianqing and Ma, Cong},
  journal={Mathematical Programming},
  volume={176},
  pages={5--37},
  year={2019},
  publisher={Springer}
}

@article{chi2019nonconvex,
  title={Nonconvex optimization meets low-rank matrix factorization: An overview},
  author={Chi, Yuejie and Lu, Yue M and Chen, Yuxin},
  journal={IEEE Transactions on Signal Processing},
  volume={67},
  number={20},
  pages={5239--5269},
  year={2019},
  publisher={IEEE}
}

@book{cullum2002lanczos,
  title={Lanczos algorithms for large symmetric eigenvalue computations: Vol. I: Theory},
  author={Cullum, Jane K and Willoughby, Ralph A},
  year={2002},
  publisher={SIAM}
}

@inproceedings{de2015global,
  title={Global convergence of stochastic gradient descent for some non-convex matrix problems},
  author={De Sa, Christopher and Re, Christopher and Olukotun, Kunle},
  booktitle={International conference on machine learning},
  pages={2332--2341},
  year={2015},
  organization={PMLR}
}

@article{demmel1990accurate,
  title={Accurate singular values of bidiagonal matrices},
  author={Demmel, James and Kahan, William},
  journal={SIAM Journal on Scientific and Statistical Computing},
  volume={11},
  number={5},
  pages={873--912},
  year={1990},
  publisher={SIAM}
}

@article{du2018algorithmic,
  title={Algorithmic regularization in learning deep homogeneous models: Layers are automatically balanced},
  author={Du, Simon S and Hu, Wei and Lee, Jason D},
  journal={Advances in neural information processing systems},
  volume={31},
  year={2018}
}

@article{francis1961qr,
  title={The QR transformation a unitary analogue to the LR transformation—Part 1},
  author={Francis, John GF},
  journal={The Computer Journal},
  volume={4},
  number={3},
  pages={265--271},
  year={1961},
  publisher={Oxford University Press}
}

@article{garber2015fast,
  title={Fast and simple PCA via convex optimization},
  author={Garber, Dan and Hazan, Elad},
  journal={arXiv preprint arXiv:1509.05647},
  year={2015}
}

@inproceedings{garber2016faster,
  title={Faster eigenvector computation via shift-and-invert preconditioning},
  author={Garber, Dan and Hazan, Elad and Jin, Chi and Musco, Cameron and Netrapalli, Praneeth and Sidford, Aaron and others},
  booktitle={International Conference on Machine Learning},
  pages={2626--2634},
  year={2016},
  organization={PMLR}
}

@inproceedings{ge2015escaping,
  title={Escaping from saddle points—online stochastic gradient for tensor decomposition},
  author={Ge, Rong and Huang, Furong and Jin, Chi and Yuan, Yang},
  booktitle={Conference on learning theory},
  pages={797--842},
  year={2015},
  organization={PMLR}
}

@article{ge2016matrix,
  title={Matrix completion has no spurious local minimum},
  author={Ge, Rong and Lee, Jason D and Ma, Tengyu},
  journal={Advances in neural information processing systems},
  volume={29},
  year={2016}
}

@inproceedings{ge2017no,
  title={No spurious local minima in nonconvex low rank problems: A unified geometric analysis},
  author={Ge, Rong and Jin, Chi and Zheng, Yi},
  booktitle={International Conference on Machine Learning},
  pages={1233--1242},
  year={2017},
  organization={PMLR}
}

@article{hardt2014noisy,
  title={The noisy power method: A meta algorithm with applications},
  author={Hardt, Moritz and Price, Eric},
  journal={Advances in neural information processing systems},
  volume={27},
  year={2014}
}

@inproceedings{jain2017global,
  title={Global convergence of non-convex gradient descent for computing matrix squareroot},
  author={Jain, Prateek and Jin, Chi and Kakade, Sham and Netrapalli, Praneeth},
  booktitle={Artificial Intelligence and Statistics},
  pages={479--488},
  year={2017},
  organization={PMLR}
}

@article{jia2024preconditioning,
  title={Preconditioning matters: Fast global convergence of non-convex matrix factorization via scaled gradient descent},
  author={Jia, Xixi and Wang, Hailin and Peng, Jiangjun and Feng, Xiangchu and Meng, Deyu},
  journal={Advances in Neural Information Processing Systems},
  volume={36},
  year={2024}
}

@inproceedings{jin2017escape,
  title={How to escape saddle points efficiently},
  author={Jin, Chi and Ge, Rong and Netrapalli, Praneeth and Kakade, Sham M and Jordan, Michael I},
  booktitle={International conference on machine learning},
  pages={1724--1732},
  year={2017},
  organization={PMLR}
}

@article{lanczos1950iteration,
  title={An iteration method for the solution of the eigenvalue problem of linear differential and integral operators},
  author={Lanczos, Cornelius},
  year={1950},
  publisher={United States Governm. Press Office Los Angeles, CA}
}

@article{lee2016gradient,
  title={Gradient descent converges to minimizers},
  author={Lee, Jason D and Simchowitz, Max and Jordan, Michael I and Recht, Benjamin},
  journal={arXiv preprint arXiv:1602.04915},
  year={2016}
}

@article{li2024crucial,
  title={On the Crucial Role of Initialization for Matrix Factorization},
  author={Li, Bingcong and Zhang, Liang and Mokhtari, Aryan and He, Niao},
  journal={arXiv preprint arXiv:2410.18965},
  year={2024}
}

@article{mises1929praktische,
  title={Praktische Verfahren der Gleichungsaufl{\"o}sung.},
  author={Mises, RV and Pollaczek-Geiringer, Hilda},
  journal={ZAMM-Journal of Applied Mathematics and Mechanics/Zeitschrift f{\"u}r Angewandte Mathematik und Mechanik},
  volume={9},
  number={1},
  pages={58--77},
  year={1929},
  publisher={Wiley Online Library}
}

@inproceedings{shamir2015stochastic,
  title={A stochastic PCA and SVD algorithm with an exponential convergence rate},
  author={Shamir, Ohad},
  booktitle={International conference on machine learning},
  pages={144--152},
  year={2015},
  organization={PMLR}
}

@article{stoger2021small,
  title={Small random initialization is akin to spectral learning: Optimization and generalization guarantees for overparameterized low-rank matrix reconstruction},
  author={St{\"o}ger, Dominik and Soltanolkotabi, Mahdi},
  journal={Advances in Neural Information Processing Systems},
  volume={34},
  pages={23831--23843},
  year={2021}
}

@article{tong2021accelerating,
  title={Accelerating ill-conditioned low-rank matrix estimation via scaled gradient descent},
  author={Tong, Tian and Ma, Cong and Chi, Yuejie},
  journal={Journal of Machine Learning Research},
  volume={22},
  number={150},
  pages={1--63},
  year={2021}
}

@inproceedings{xu2023power,
  title={The power of preconditioning in overparameterized low-rank matrix sensing},
  author={Xu, Xingyu and Shen, Yandi and Chi, Yuejie and Ma, Cong},
  booktitle={International Conference on Machine Learning},
  pages={38611--38654},
  year={2023},
  organization={PMLR}
}

@article{zhang2016riemannian,
  title={Riemannian SVRG: Fast stochastic optimization on Riemannian manifolds},
  author={Zhang, Hongyi and J Reddi, Sashank and Sra, Suvrit},
  journal={Advances in Neural Information Processing Systems},
  volume={29},
  year={2016}
}

@article{zhang2023preconditioned,
  title={Preconditioned Gradient Descent for Overparameterized Nonconvex Burer--Monteiro Factorization with Global Optimality Certification},
  author={Zhang, Gavin and Fattahi, Salar and Zhang, Richard Y},
  journal={Journal of Machine Learning Research},
  volume={24},
  number={163},
  pages={1--55},
  year={2023}
}

