@ARTICLE{6471714,
	author={Zhang, Min-Ling and Zhou, Zhi-Hua},
	journal={IEEE Transactions on Knowledge and Data Engineering}, 
	title={A Review on Multi-Label Learning Algorithms}, 
	year={2014},
	volume={26},
	number={8},
	pages={1819-1837},
}

@inproceedings{gu2014weighted,
	title={Weighted nuclear norm minimization with application to image denoising},
	author={Gu, Shuhang and Zhang, Lei and Zuo, Wangmeng and Feng, Xiangchu},
	booktitle={Proceedings of the IEEE conference on computer vision and pattern recognition},
	pages={2862--2869},
	year={2014}
}

@inproceedings{huang2012multi,
	title={Multi-label learning by exploiting label correlations locally},
	author={Huang, Sheng-Jun and Zhou, Zhi-Hua},
	booktitle={Proceedings of the AAAI Conference on Artificial Intelligence},
	volume={26},
	number={1},
	pages={949--955},
	year={2012}
}


@inproceedings{he2024generative,
	title={Generative Calibration of Inaccurate Annotation for Label Distribution Learning},
	author={He, Liang and Lu, Yunan and Li, Weiwei and Jia, Xiuyi},
	booktitle={Proceedings of the AAAI Conference on Artificial Intelligence},
	volume={38},
	number={11},
	pages={12394--12401},
	year={2024}
}

@inproceedings{liu2017deep,
	title={Deep learning for extreme multi-label text classification},
	author={Liu, Jingzhou and Chang, Wei-Cheng and Wu, Yuexin and Yang, Yiming},
	booktitle={Proceedings of the 40th international ACM SIGIR conference on research and development in information retrieval},
	pages={115--124},
	year={2017}
}
@article{zhu2017multi,
	title={Multi-label learning with global and local label correlation},
	author={Zhu, Yue and Kwok, James T and Zhou, Zhi-Hua},
	journal={IEEE Transactions on Knowledge and Data Engineering},
	volume={30},
	number={6},
	pages={1081--1094},
	year={2017},
	publisher={IEEE}
}


@article{jing2016multi,
	title={Multi-label dictionary learning for image annotation},
	author={Jing, Xiao-Yuan and Wu, Fei and Li, Zhiqiang and Hu, Ruimin and Zhang, David},
	journal={IEEE Transactions on Image Processing},
	volume={25},
	number={6},
	pages={2712--2725},
	year={2016},
	publisher={IEEE}
}

@inproceedings{xie2018partial,
	title={Partial multi-label learning},
	author={Xie, Ming-Kun and Huang, Sheng-Jun},
	booktitle={Proceedings of the AAAI conference on artificial intelligence},
	volume={32},
	number={1},
	year={2018}
}


@article{Wang_Geng_2019, 
	title={Theoretical Analysis of Label Distribution Learning},
	volume={33},
	number={01}, 
	journal={Proceedings of the AAAI Conference on Artificial Intelligence},
	author={Wang, Jing and Geng, Xin},
	year={2019}, 
	month={Jul.}, 
	pages={5256-5263} }

@inproceedings{ijcai2017p0443,
	author    = {Miao Xu and Zhi-Hua Zhou},
	title     = {Incomplete Label Distribution Learning},
	booktitle = {Proceedings of the Twenty-Sixth International Joint Conference on
	Artificial Intelligence, {IJCAI-17}},
	pages     = {3175--3181},
	year      = {2017},
	doi       = {10.24963/ijcai.2017/443},
	url       = {https://doi.org/10.24963/ijcai.2017/443},
}

@inproceedings{10.5555/3367471.3367503,
	author = {Ren, Tingting and Jia, Xiuyi and Li, Weiwei and Zhao, Shu},
	title = {Label distribution learning with label correlations via low-rank approximation},
	year = {2019},
	booktitle = {Proceedings of the 28th International Joint Conference on Artificial Intelligence},
	pages = {3325��?3331},
	numpages = {7},
	
}

@ARTICLE{6475129,
	author={Geng, Xin and Yin, Chao and Zhou, Zhi-Hua},
	journal={IEEE Transactions on Pattern Analysis and Machine Intelligence}, 
	title={Facial Age Estimation by Learning from Label Distributions}, 
	year={2013},
	volume={35},
	number={10},
	pages={2401-2412},
}

@ARTICLE{10275121,
	author={Zhao, Xingyu and An, Yuexuan and Xu, Ning and Geng, Xin},
	journal={IEEE Transactions on Knowledge and Data Engineering}, 
	title={Variational Continuous Label Distribution Learning for Multi-Label Text Classification}, 
	year={2024},
	volume={36},
	number={6},
	pages={2716-2729},
}

@ARTICLE{10540001,
	author={Kou, Zhiqiang and Wang, Jing and Jia, Yuheng and Geng, Xin},
	journal={IEEE Transactions on Circuits and Systems for Video Technology}, 
	title={Inaccurate Label Distribution Learning}, 
	year={2024},
	volume={34},
	number={10},
	pages={10237-10249},
}

@BOOK{8186925,
	author={Boyd, Stephen and Parikh, Neal and Chu, Eric and Peleato, Borja and Eckstein, Jonathan},
	booktitle={Distributed Optimization and Statistical Learning via the Alternating Direction Method of Multipliers},
	year={2011},
	volume={},
	number={},
	pages={},
}

@ARTICLE{6226423,
	author={Rajwade, Ajit and Rangarajan, Anand and Banerjee, Arunava},
	journal={IEEE Transactions on Pattern Analysis and Machine Intelligence}, 
	title={Image Denoising Using the Higher Order Singular Value Decomposition}, 
	year={2013},
	volume={35},
	number={4},
	pages={849-862},
}

@ARTICLE{5550495,
	author={Davenport, Mark A. and Wakin, Michael B.},
	journal={IEEE Transactions on Information Theory}, 
	title={Analysis of Orthogonal Matching Pursuit Using the Restricted Isometry Property}, 
	year={2010},
	volume={56},
	number={9},
	pages={4395-4401},
}





@inproceedings{yang2017learning,
	title={Learning visual sentiment distributions via augmented conditional probability neural network},
	author={Yang, Jufeng and Sun, Ming and Sun, Xiaoxiao},
	booktitle={Proceedings of the AAAI Conference on Artificial Intelligence},
	volume={31},
	number={1},
	year={2017}
}

@inproceedings{peng2015mixed,
	title={A mixed bag of emotions: Model, predict, and transfer emotion distributions},
	author={Peng, Kuan-Chuan and Chen, Tsuhan and Sadovnik, Amir and Gallagher, Andrew C},
	booktitle={Proceedings of the IEEE conference on computer vision and pattern recognition},
	pages={860--868},
	year={2015}
}

@inproceedings{ren2017sense,
	title={Sense Beauty by Label Distribution Learning.},
	author={Ren, Yi and Geng, Xin},
	booktitle={IJCAI},
	pages={2648--2654},
	year={2017}
}

@article{li2019blended,
	title={Blended emotion in-the-wild: Multi-label facial expression recognition using crowdsourced annotations and deep locality feature learning},
	author={Li, Shan and Deng, Weihong},
	journal={International Journal of Computer Vision},
	volume={127},
	number={6},
	pages={884--906},
	year={2019},
}

@article{yu2012discriminate,
	title={Discriminate the falsely predicted protein-coding genes in aeropyrum pernix k1 genome based on graphical representation},
	author={Yu, Jia-Feng and Jiang, Dong-Ke and Xiao, Ke and Jin, Yun and Wang, Ji-Hua and Sun, Xiao},
	journal={Match-Communications in Mathematical and Computer Chemistry},
	volume={67},
	number={3},
	pages={845},
	year={2012}
}

@inproceedings{geng2014head,
	title={Head pose estimation based on multivariate label distribution},
	author={Geng, Xin and Xia, Yu},
	booktitle={Proceedings of the IEEE conference on computer vision and pattern recognition},
	pages={1837--1842},
	year={2014}
}

@inproceedings{lyons1998coding,
	title={Coding facial expressions with gabor wavelets},
	author={Lyons, Michael and Akamatsu, Shigeru and Kamachi, Miyuki and Gyoba, Jiro},
	booktitle={Proceedings Third IEEE international conference on automatic face and gesture recognition},
	pages={200--205},
	year={1998},
}

@inproceedings{yin20063d,
	title={A 3D facial expression database for facial behavior research},
	author={Yin, Lijun and Wei, Xiaozhou and Sun, Yi and Wang, Jun and Rosato, Matthew J},
	booktitle={7th international conference on automatic face and gesture recognition (FGR06)},
	pages={211--216},
	year={2006},
}

@article{geng2016label,
	title={Label distribution learning},
	author={Geng, Xin},
	journal={IEEE Transactions on Knowledge and Data Engineering},
	volume={28},
	number={7},
	pages={1734--1748},
	year={2016},
}

@article{kou2024inaccurate,
	title={Inaccurate Label Distribution Learning with Dependency Noise},
	author={Kou, Zhiqiang and Wang, Jing and Jia, Yuheng and Geng, Xin},
	journal={arXiv preprint arXiv:2405.16474},
	year={2024}
}

@inproceedings{xu2017incomplete,
	title={Incomplete Label Distribution Learning.},
	author={Xu, Miao and Zhou, Zhi-Hua},
	booktitle={IJCAI},
	pages={3175--3181},
	year={2017}
}

@inproceedings{zheng2018label,
	title={Label distribution learning by exploiting sample correlations locally},
	author={Zheng, Xiang and Jia, Xiuyi and Li, Weiwei},
	booktitle={Proceedings of the AAAI Conference on Artificial Intelligence},
	volume={32},
	number={1},
	year={2018}
}

@inproceedings{jia2018label,
	title={Label distribution learning by exploiting label correlations},
	author={Jia, Xiuyi and Li, Weiwei and Liu, Junyu and Zhang, Yu},
	booktitle={Proceedings of the AAAI Conference on Artificial Intelligence},
	volume={32},
	number={1},
	year={2018}
}

@article{kou2023instance,
	title={Instance-dependent inaccurate label distribution learning},
	author={Kou, Zhiqiang and Wang, Jing and Jia, Yuheng and Liu, Biao and Geng, Xin},
	journal={IEEE Transactions on Neural Networks and Learning Systems},
	year={2023},
}

@article{wang2021label,
	title={Label distribution learning by exploiting label distribution manifold},
	author={Wang, Jing and Geng, Xin},
	journal={IEEE transactions on neural networks and learning systems},
	volume={34},
	number={2},
	pages={839--852},
	year={2021},
}

@inproceedings{jia2019facial,
	title={Facial emotion distribution learning by exploiting low-rank label correlations locally},
	author={Jia, Xiuyi and Zheng, Xiang and Li, Weiwei and Zhang, Changqing and Li, Zechao},
	booktitle={Proceedings of the IEEE/CVF Conference on computer vision and pattern recognition},
	pages={9841--9850},
	year={2019}
}

@inproceedings{ijcai2024p478,
	title     = {Exploiting Multi-Label Correlation in Label Distribution Learning},
	author    = {Kou, Zhiqiang and Wang, Jing and Tang, Jiawei and Jia, Yuheng and Shi, Boyu and Geng, Xin},
	booktitle = {IJCAI},
	pages     = {4326--4334},
	year      = {2024},
}

@article{demvsar2006statistical,
	title={Statistical comparisons of classifiers over multiple data sets},
	author={Dem{\v{s}}ar, Janez},
	journal={The Journal of Machine learning research},
	volume={7},
	pages={1--30},
	year={2006},
}
