@ARTICLE{10275121,
	author={Zhao, Xingyu and An, Yuexuan and Xu, Ning and Geng, Xin},
	journal={IEEE Transactions on Knowledge and Data Engineering}, 
	title={Variational Continuous Label Distribution Learning for Multi-Label Text Classification}, 
	year={2024},
	volume={36},
	number={6},
	pages={2716-2729},
}

@ARTICLE{10540001,
	author={Kou, Zhiqiang and Wang, Jing and Jia, Yuheng and Geng, Xin},
	journal={IEEE Transactions on Circuits and Systems for Video Technology}, 
	title={Inaccurate Label Distribution Learning}, 
	year={2024},
	volume={34},
	number={10},
	pages={10237-10249},
}

@ARTICLE{6475129,
	author={Geng, Xin and Yin, Chao and Zhou, Zhi-Hua},
	journal={IEEE Transactions on Pattern Analysis and Machine Intelligence}, 
	title={Facial Age Estimation by Learning from Label Distributions}, 
	year={2013},
	volume={35},
	number={10},
	pages={2401-2412},
}

