@inproceedings{abdelhamed2021leveraging,
  title={Leveraging the availability of two cameras for illuminant estimation},
  author={Abdelhamed, Abdelrahman and Punnappurath, Abhijith and Brown, Michael S},
  booktitle={Proceedings of the IEEE/CVF Conference on Computer Vision and Pattern Recognition},
  pages={6637--6646},
  year={2021}
}

@inproceedings{afifi2019else,
  title={What else can fool deep learning? Addressing color constancy errors on deep neural network performance},
  author={Afifi, Mahmoud and Brown, Michael S},
  booktitle={Proceedings of the IEEE/CVF international conference on computer vision},
  pages={243--252},
  year={2019}
}

@inproceedings{afifi2021cross,
  title={Cross-camera convolutional color constancy},
  author={Afifi, Mahmoud and Barron, Jonathan T and LeGendre, Chloe and Tsai, Yun-Ta and Bleibel, Francois},
  booktitle={Proceedings of the IEEE/CVF International Conference on Computer Vision},
  pages={1981--1990},
  year={2021}
}

@inproceedings{barron2017fast,
  title={Fast fourier color constancy},
  author={Barron, Jonathan T and Tsai, Yun-Ta},
  booktitle={Proceedings of the IEEE conference on computer vision and pattern recognition},
  pages={886--894},
  year={2017}
}

@inproceedings{bianco2015color,
  title={Color constancy using CNNs},
  author={Bianco, Simone and Cusano, Claudio and Schettini, Raimondo},
  booktitle={Proceedings of the IEEE conference on computer vision and pattern recognition workshops},
  pages={81--89},
  year={2015}
}

@inproceedings{bianco2019quasi,
  title={Quasi-unsupervised color constancy},
  author={Bianco, Simone and Cusano, Claudio},
  booktitle={Proceedings of the IEEE/CVF Conference on Computer Vision and Pattern Recognition},
  pages={12212--12221},
  year={2019}
}

@article{buchsbaum1980spatial,
  title={A spatial processor model for object colour perception},
  author={Buchsbaum, Gershon},
  journal={Journal of the Franklin institute},
  volume={310},
  number={1},
  pages={1--26},
  year={1980},
  publisher={Elsevier}
}

@article{buzzelli2024convolutional,
  title={A Convolutional Framework for Color Constancy},
  author={Buzzelli, Marco and Bianco, Simone},
  journal={IEEE Transactions on Neural Networks and Learning Systems},
  year={2024},
  publisher={IEEE}
}

@article{buzzelli2024uncertainty,
  title={Uncertainty estimation in color constancy},
  author={Buzzelli, Marco and Bianco, Simone},
  journal={Pattern Recognition},
  pages={111175},
  year={2024},
  publisher={Elsevier}
}

@inproceedings{carlini2017towards,
  title={Towards evaluating the robustness of neural networks},
  author={Carlini, Nicholas and Wagner, David},
  booktitle={IEEE Symposium on Security and Privacy},
  pages={39--57},
  year={2017},
}

@inproceedings{cheng2015effective,
  title={Effective learning-based illuminant estimation using simple features},
  author={Cheng, Dongliang and Price, Brian and Cohen, Scott and Brown, Michael S},
  booktitle={Proceedings of the IEEE conference on computer vision and pattern recognition},
  pages={1000--1008},
  year={2015}
}

@article{choi2023tcx,
  title={TCX: Texture and channel swappings for domain generalization},
  author={Choi, Jaehyun and Seong, Hyun Seok and Park, Sanguk and Heo, Jae-Pil},
  journal={Pattern Recognition Letters},
  volume={175},
  pages={74--80},
  year={2023},
  publisher={Elsevier}
}

@article{domislovic2022one,
  title={One-Net: Convolutional color constancy simplified},
  author={Domislovi{\'c}, Ilija and Vr{\v{s}}nak, Donik and Suba{\v{s}}i{\'c}, Marko and Lon{\v{c}}ari{\'c}, Sven},
  journal={Pattern recognition letters},
  volume={159},
  pages={31--37},
  year={2022},
  publisher={Elsevier}
}

@article{dziugaite2016study,
  title={A study of the effect of jpg compression on adversarial images},
  author={Dziugaite, Gintare Karolina and Ghahramani, Zoubin and Roy, Daniel M},
  journal={arXiv preprint arXiv:1608.00853},
  year={2016}
}

@article{forsyth1990novel,
  title={A novel algorithm for color constancy},
  author={Forsyth, David A},
  journal={International Journal of Computer Vision},
  volume={5},
  number={1},
  pages={5--35},
  year={1990},
  publisher={Springer}
}

@article{gao2023detecting,
  title={Detecting adversarial examples on deep neural networks with mutual information neural estimation},
  author={Gao, Song and Wang, Ruxin and Wang, Xiaoxuan and Yu, Shui and Dong, Yunyun and Yao, Shaowen and Zhou, Wei},
  journal={IEEE Transactions on Dependable and Secure Computing},
  volume={20},
  number={6},
  pages={5168--5181},
  year={2023},
  publisher={IEEE}
}

@inproceedings{gehler2008bayesian,
  title={Bayesian color constancy revisited},
  author={Gehler, Peter Vincent and Rother, Carsten and Blake, Andrew and Minka, Tom and Sharp, Toby},
  booktitle={2008 IEEE Conference on Computer Vision and Pattern Recognition},
  pages={1--8},
  year={2008},
  organization={IEEE}
}

@article{gijsenij2010generalized,
  title={Generalized gamut mapping using image derivative structures for color constancy},
  author={Gijsenij, Arjan and Gevers, Theo and Van De Weijer, Joost},
  journal={International Journal of Computer Vision},
  volume={86},
  pages={127--139},
  year={2010},
  publisher={Springer}
}

@article{gijsenij2011computational,
  title={Computational color constancy: Survey and experiments},
  author={Gijsenij, Arjan and Gevers, Theo and Van De Weijer, Joost},
  journal={IEEE transactions on image processing},
  volume={20},
  number={9},
  pages={2475--2489},
  year={2011},
  publisher={IEEE}
}

@inproceedings{goodfellow2014explaining,
  author       = {Ian J. Goodfellow and
                  Jonathon Shlens and
                  Christian Szegedy},
  editor       = {Yoshua Bengio and
                  Yann LeCun},
  title        = {Explaining and Harnessing Adversarial Examples},
  booktitle    = {3rd International Conference on Learning Representations, {ICLR} 2015,
                  San Diego, CA, USA, May 7-9, 2015, Conference Track Proceedings},
  year         = {2015},
  url          = {http://arxiv.org/abs/1412.6572},
  timestamp    = {Thu, 25 Jul 2019 14:25:38 +0200},
  biburl       = {https://dblp.org/rec/journals/corr/GoodfellowSS14.bib},
  bibsource    = {dblp computer science bibliography, https://dblp.org}
}

@inproceedings{hernandez2020multi,
  title={A multi-hypothesis approach to color constancy},
  author={Hernandez-Juarez, Daniel and Parisot, Sarah and Busam, Benjamin and Leonardis, Ales and Slabaugh, Gregory and McDonagh, Steven},
  booktitle={Proceedings of the IEEE/CVF conference on computer vision and pattern recognition},
  pages={2270--2280},
  year={2020}
}

@inproceedings{hou2019weighted,
  author       = {Saihui Hou and
                  Zilei Wang},
  title        = {Weighted Channel Dropout for Regularization of Deep Convolutional
                  Neural Network},
  booktitle    = {The Thirty-Third {AAAI} Conference on Artificial Intelligence, {AAAI}
                  2019, The Thirty-First Innovative Applications of Artificial Intelligence
                  Conference, {IAAI} 2019, The Ninth {AAAI} Symposium on Educational
                  Advances in Artificial Intelligence, {EAAI} 2019, Honolulu, Hawaii,
                  USA, January 27 - February 1, 2019},
  pages        = {8425--8432},
  publisher    = {{AAAI} Press},
  year         = {2019},
  url          = {https://doi.org/10.1609/aaai.v33i01.33018425},
  doi          = {10.1609/AAAI.V33I01.33018425},
  timestamp    = {Mon, 04 Sep 2023 12:29:24 +0200},
  biburl       = {https://dblp.org/rec/conf/aaai/HouW19.bib},
  bibsource    = {dblp computer science bibliography, https://dblp.org}
}

@inproceedings{hu2017fc4,
  title={Fc4: Fully convolutional color constancy with confidence-weighted pooling},
  author={Hu, Yuanming and Wang, Baoyuan and Lin, Stephen},
  booktitle={Proceedings of the IEEE conference on computer vision and pattern recognition},
  pages={4085--4094},
  year={2017}
}

@article{klinker1990physical,
  title={A physical approach to color image understanding},
  author={Klinker, Gudrun J and Shafer, Steven A and Kanade, Takeo},
  journal={International Journal of Computer Vision},
  volume={4},
  number={1},
  pages={7--38},
  year={1990},
  publisher={Springer}
}

@article{kries1905influence,
  title={Influence of adaptation on the effects produced by luminous stimuli},
  author={KRIES, VON},
  journal={handbuch der Physiologie des Menschen.},
  volume={3},
  pages={109--282},
  year={1905}
}

@article{laakom2020bag,
  title={Bag of color features for color constancy},
  author={Laakom, Firas and Passalis, Nikolaos and Raitoharju, Jenni and Nikkanen, Jarno and Tefas, Anastasios and Iosifidis, Alexandros and Gabbouj, Moncef},
  journal={IEEE Transactions on Image Processing},
  volume={29},
  pages={7722--7734},
  year={2020},
  publisher={IEEE}
}

@article{land1977retinex,
  title={The retinex theory of color vision},
  author={Land, Edwin H},
  journal={Scientific american},
  volume={237},
  number={6},
  pages={108--129},
  year={1977},
  publisher={JSTOR}
}

@article{li2023ranking,
  title={Ranking-based color constancy with limited training samples},
  author={Li, Bing and Qin, Haina and Xiong, Weihua and Li, Yangxi and Feng, Songhe and Hu, Weiming and Maybank, Stephen},
  journal={IEEE Transactions on Pattern Analysis and Machine Intelligence},
  volume={45},
  number={10},
  pages={12304--12320},
  year={2023},
  publisher={IEEE}
}

@inproceedings{lo2021clcc,
  title={Clcc: Contrastive learning for color constancy},
  author={Lo, Yi-Chen and Chang, Chia-Che and Chiu, Hsuan-Chao and Huang, Yu-Hao and Chen, Chia-Ping and Chang, Yu-Lin and Jou, Kevin},
  booktitle={Proceedings of the IEEE/CVF Conference on Computer Vision and Pattern Recognition},
  pages={8053--8063},
  year={2021}
}

@inproceedings{madry2018towards,
  author       = {Aleksander Madry and
                  Aleksandar Makelov and
                  Ludwig Schmidt and
                  Dimitris Tsipras and
                  Adrian Vladu},
  title        = {Towards Deep Learning Models Resistant to Adversarial Attacks},
  booktitle    = {6th International Conference on Learning Representations, {ICLR} 2018,
                  Vancouver, BC, Canada, April 30 - May 3, 2018, Conference Track Proceedings},
  publisher    = {OpenReview.net},
  year         = {2018},
  url          = {https://openreview.net/forum?id=rJzIBfZAb},
  timestamp    = {Thu, 25 Jul 2019 14:25:44 +0200},
  biburl       = {https://dblp.org/rec/conf/iclr/MadryMSTV18.bib},
  bibsource    = {dblp computer science bibliography, https://dblp.org}
}

@article{metzen2017detecting,
  title={On detecting adversarial perturbations},
  author={Metzen, Jan Hendrik and Genewein, Tim and Fischer, Volker and Bischoff, Bastian},
  journal={arXiv preprint arXiv:1702.04267},
  year={2017}
}

@article{nie2022diffusion,
  title={Diffusion models for adversarial purification},
  author={Nie, Weili and Guo, Brandon and Huang, Yujia and Xiao, Chaowei and Vahdat, Arash and Anandkumar, Anima},
  journal={arXiv preprint arXiv:2205.07460},
  year={2022}
}

@inproceedings{ono2022degree,
  title={Degree-of-linear-polarization-based color constancy},
  author={Ono, Taishi and Kondo, Yuhi and Sun, Legong and Kurita, Teppei and Moriuchi, Yusuke},
  booktitle={Proceedings of the IEEE/CVF Conference on Computer Vision and Pattern Recognition},
  pages={19740--19749},
  year={2022}
}

@inproceedings{papernot2016distillation,
  title={Distillation as a defense to adversarial perturbations against deep neural networks},
  author={Papernot, Nicolas and McDaniel, Patrick and Wu, Xi and Jha, Somesh and Swami, Ananthram},
  booktitle={2016 IEEE symposium on security and privacy (SP)},
  pages={582--597},
  year={2016},
  organization={IEEE}
}

@inproceedings{shi2016deep,
  title={Deep specialized network for illuminant estimation},
  author={Shi, Wu and Loy, Chen Change and Tang, Xiaoou},
  booktitle={Computer Vision--ECCV 2016: 14th European Conference, Amsterdam, The Netherlands, October 11--14, 2016, Proceedings, Part IV 14},
  pages={371--387},
  year={2016},
  organization={Springer}
}

@article{szegedy2013intriguing,
  title={Intriguing properties of neural networks},
  author={Szegedy, Christian and Zaremba, Wojciech and Sutskever, Ilya and Bruna, Joan and Erhan, Dumitru and Goodfellow, Ian and Fergus, Rob},
  journal={arXiv preprint arXiv:1312.6199},
  year={2013}
}

@inproceedings{tang2022transfer,
  author       = {Yuxiang Tang and
                  Xuejing Kang and
                  Chunxiao Li and
                  Zhaowen Lin and
                  Anlong Ming},
  title        = {Transfer Learning for Color Constancy via Statistic Perspective},
  booktitle    = {Thirty-Sixth {AAAI} Conference on Artificial Intelligence, {AAAI}
                  2022, Thirty-Fourth Conference on Innovative Applications of Artificial
                  Intelligence, {IAAI} 2022, The Twelveth Symposium on Educational Advances
                  in Artificial Intelligence, {EAAI} 2022 Virtual Event, February 22
                  - March 1, 2022},
  pages        = {2361--2369},
  publisher    = {{AAAI} Press},
  year         = {2022},
  url          = {https://doi.org/10.1609/aaai.v36i2.20135},
  doi          = {10.1609/AAAI.V36I2.20135},
  timestamp    = {Mon, 04 Sep 2023 16:50:27 +0200},
  biburl       = {https://dblp.org/rec/conf/aaai/TangKLLM22.bib},
  bibsource    = {dblp computer science bibliography, https://dblp.org}
}

@inproceedings{van2006coloring,
  title={Coloring local feature extraction},
  author={Van De Weijer, Joost and Schmid, Cordelia},
  booktitle={Computer Vision--ECCV 2006: 9th European Conference on Computer Vision, Graz, Austria, May 7-13, 2006. Proceedings, Part II 9},
  pages={334--348},
  year={2006},
  organization={Springer}
}

@article{van2007edge,
  title={Edge-based color constancy},
  author={Van De Weijer, Joost and Gevers, Theo and Gijsenij, Arjan},
  journal={IEEE Transactions on image processing},
  volume={16},
  number={9},
  pages={2207--2214},
  year={2007},
  publisher={IEEE}
}

@inproceedings{xiao2020multi,
  title={Multi-domain learning for accurate and few-shot color constancy},
  author={Xiao, Jin and Gu, Shuhang and Zhang, Lei},
  booktitle={Proceedings of the IEEE/CVF conference on computer vision and pattern recognition},
  pages={3258--3267},
  year={2020}
}

@article{xie2017mitigating,
  title={Mitigating adversarial effects through randomization},
  author={Xie, Cihang and Wang, Jianyu and Zhang, Zhishuai and Ren, Zhou and Yuille, Alan},
  journal={arXiv preprint arXiv:1711.01991},
  year={2017}
}

@article{xie2022improving,
  title={Improving gray world algorithm guided by scene semantics},
  author={Xie, Mengda and Sun, Peng and Lang, Yubo and Wei, Qianjie and Shan, Daguo},
  journal={Journal of Computer-Aided Design \& Computer Graphics},
  volume={34},
  number={1},
  pages={152--162},
  year={2022}
}

@article{xie2023camera,
  title={Camera-independent color constancy by scene semantics},
  author={Xie, Mengda and Sun, Peng and Lang, Yubo and Fang, Meie},
  journal={Pattern Recognition Letters},
  volume={171},
  pages={106--115},
  year={2023},
  publisher={Elsevier}
}

@article{xie2024retouchuaa,
  title={RetouchUAA: Unconstrained Adversarial Attack via Realistic Image Retouching},
  author={Xie, Mengda and He, Yiling and Qin, Zhan and Fang, Meie},
  journal={IEEE Transactions on Circuits and Systems for Video Technology},
  year={2024},
  publisher={IEEE}
}

@inproceedings{xing2022point,
  title={Point cloud color constancy},
  author={Xing, Xiaoyan and Qian, Yanlin and Feng, Sibo and Dong, Yuhan and Matas, Ji{\v{r}}{\'\i}},
  booktitle={Proceedings of the IEEE/CVF Conference on Computer Vision and Pattern Recognition},
  pages={19750--19759},
  year={2022}
}

@inproceedings{xu2020end,
  title={End-to-end illuminant estimation based on deep metric learning},
  author={Xu, Bolei and Liu, Jingxin and Hou, Xianxu and Liu, Bozhi and Qiu, Guoping},
  booktitle={Proceedings of the IEEE/CVF Conference on Computer Vision and Pattern Recognition},
  pages={3616--3625},
  year={2020}
}

@article{yan2018deep,
  title={Deep defense: Training dnns with improved adversarial robustness},
  author={Yan, Ziang and Guo, Yiwen and Zhang, Changshui},
  journal={Advances in Neural Information Processing Systems},
  volume={31},
  year={2018}
}

@inproceedings{yu2020cascading,
  title={Cascading convolutional color constancy},
  author={Yu, Huanglin and Chen, Ke and Wang, Kaiqi and Qian, Yanlin and Zhang, Zhaoxiang and Jia, Kui},
  booktitle={Proceedings of the AAAI Conference on Artificial Intelligence},
  volume={34},
  pages={12725--12732},
  year={2020}
}

@inproceedings{zhang2022domain,
  title={Domain Adversarial Learning for Color Constancy.},
  author={Zhang, Zhifeng and Kang, Xuejing and Ming, Anlong},
  booktitle={IJCAI},
  pages={1693--1699},
  year={2022}
}

