@inproceedings{goodfellow2014explaining,
  author       = {Ian J. Goodfellow and
                  Jonathon Shlens and
                  Christian Szegedy},
  editor       = {Yoshua Bengio and
                  Yann LeCun},
  title        = {Explaining and Harnessing Adversarial Examples},
  booktitle    = {3rd International Conference on Learning Representations, {ICLR} 2015,
                  San Diego, CA, USA, May 7-9, 2015, Conference Track Proceedings},
  year         = {2015},
  url          = {http://arxiv.org/abs/1412.6572},
  timestamp    = {Thu, 25 Jul 2019 14:25:38 +0200},
  biburl       = {https://dblp.org/rec/journals/corr/GoodfellowSS14.bib},
  bibsource    = {dblp computer science bibliography, https://dblp.org}
}

@inproceedings{carlini2017towards,
  title={Towards evaluating the robustness of neural networks},
  author={Carlini, Nicholas and Wagner, David},
  booktitle={IEEE Symposium on Security and Privacy},
  pages={39--57},
  year={2017},
}
@article{land1977retinex,
  title={The retinex theory of color vision},
  author={Land, Edwin H},
  journal={Scientific american},
  volume={237},
  number={6},
  pages={108--129},
  year={1977},
  publisher={JSTOR}
}
@article{cheng2014illuminant,
  title={Illuminant estimation for color constancy: why spatial-domain methods work and the role of the color distribution},
  author={Cheng, Dongliang and Prasad, Dilip K and Brown, Michael S},
  journal={JOSA A},
  volume={31},
  number={5},
  pages={1049--1058},
  year={2014},
  publisher={Optica Publishing Group}
}
@inproceedings{bianco2019quasi,
  title={Quasi-unsupervised color constancy},
  author={Bianco, Simone and Cusano, Claudio},
  booktitle={Proceedings of the IEEE/CVF Conference on Computer Vision and Pattern Recognition},
  pages={12212--12221},
  year={2019}
}
@inproceedings{lee2020adversarial,
  title={Adversarial vertex mixup: Toward better adversarially robust generalization},
  author={Lee, Saehyung and Lee, Hyungyu and Yoon, Sungroh},
  booktitle={Proceedings of the IEEE/CVF Conference on Computer Vision and Pattern Recognition},
  pages={272--281},
  year={2020}
}
@article{kries1905influence,
  title={Influence of adaptation on the effects produced by luminous stimuli},
  author={KRIES, VON},
  journal={handbuch der Physiologie des Menschen.},
  volume={3},
  pages={109--282},
  year={1905}
}
@article{gijsenij2011computational,
  title={Computational color constancy: Survey and experiments},
  author={Gijsenij, Arjan and Gevers, Theo and Van De Weijer, Joost},
  journal={IEEE transactions on image processing},
  volume={20},
  number={9},
  pages={2475--2489},
  year={2011},
  publisher={IEEE}
}
@article{klinker1990physical,
  title={A physical approach to color image understanding},
  author={Klinker, Gudrun J and Shafer, Steven A and Kanade, Takeo},
  journal={International Journal of Computer Vision},
  volume={4},
  number={1},
  pages={7--38},
  year={1990},
  publisher={Springer}
}
@inproceedings{van2006coloring,
  title={Coloring local feature extraction},
  author={Van De Weijer, Joost and Schmid, Cordelia},
  booktitle={Computer Vision--ECCV 2006: 9th European Conference on Computer Vision, Graz, Austria, May 7-13, 2006. Proceedings, Part II 9},
  pages={334--348},
  year={2006},
  organization={Springer}
}
@inproceedings{bianco2015color,
  title={Color constancy using CNNs},
  author={Bianco, Simone and Cusano, Claudio and Schettini, Raimondo},
  booktitle={Proceedings of the IEEE conference on computer vision and pattern recognition workshops},
  pages={81--89},
  year={2015}
}
@inproceedings{shi2016deep,
  title={Deep specialized network for illuminant estimation},
  author={Shi, Wu and Loy, Chen Change and Tang, Xiaoou},
  booktitle={Computer Vision--ECCV 2016: 14th European Conference, Amsterdam, The Netherlands, October 11--14, 2016, Proceedings, Part IV 14},
  pages={371--387},
  year={2016},
  organization={Springer}
}
@inproceedings{hu2017fc4,
  title={Fc4: Fully convolutional color constancy with confidence-weighted pooling},
  author={Hu, Yuanming and Wang, Baoyuan and Lin, Stephen},
  booktitle={Proceedings of the IEEE conference on computer vision and pattern recognition},
  pages={4085--4094},
  year={2017}
}
@inproceedings{yu2020cascading,
  title={Cascading convolutional color constancy},
  author={Yu, Huanglin and Chen, Ke and Wang, Kaiqi and Qian, Yanlin and Zhang, Zhaoxiang and Jia, Kui},
  booktitle={Proceedings of the AAAI Conference on Artificial Intelligence},
  volume={34},
  pages={12725--12732},
  year={2020}
}
@inproceedings{lo2021clcc,
  title={Clcc: Contrastive learning for color constancy},
  author={Lo, Yi-Chen and Chang, Chia-Che and Chiu, Hsuan-Chao and Huang, Yu-Hao and Chen, Chia-Ping and Chang, Yu-Lin and Jou, Kevin},
  booktitle={Proceedings of the IEEE/CVF Conference on Computer Vision and Pattern Recognition},
  pages={8053--8063},
  year={2021}
}
@inproceedings{hernandez2020multi,
  title={A multi-hypothesis approach to color constancy},
  author={Hernandez-Juarez, Daniel and Parisot, Sarah and Busam, Benjamin and Leonardis, Ales and Slabaugh, Gregory and McDonagh, Steven},
  booktitle={Proceedings of the IEEE/CVF conference on computer vision and pattern recognition},
  pages={2270--2280},
  year={2020}
}
@inproceedings{feng2023smm,
  title={SMM: Self-supervised Multi-Illumination Color Constancy Model with Multiple Pretext Tasks},
  author={Feng, Ziyu and Xu, Zheming and Qin, Haina and Lang, Congyan and Li, Bing and Xiong, Weihua},
  booktitle={Proceedings of the 31st ACM International Conference on Multimedia},
  pages={8653--8661},
  year={2023}
}
@inproceedings{tang2022transfer,
  author       = {Yuxiang Tang and
                  Xuejing Kang and
                  Chunxiao Li and
                  Zhaowen Lin and
                  Anlong Ming},
  title        = {Transfer Learning for Color Constancy via Statistic Perspective},
  booktitle    = {Thirty-Sixth {AAAI} Conference on Artificial Intelligence, {AAAI}
                  2022, Thirty-Fourth Conference on Innovative Applications of Artificial
                  Intelligence, {IAAI} 2022, The Twelveth Symposium on Educational Advances
                  in Artificial Intelligence, {EAAI} 2022 Virtual Event, February 22
                  - March 1, 2022},
  pages        = {2361--2369},
  publisher    = {{AAAI} Press},
  year         = {2022},
  url          = {https://doi.org/10.1609/aaai.v36i2.20135},
  doi          = {10.1609/AAAI.V36I2.20135},
  timestamp    = {Mon, 04 Sep 2023 16:50:27 +0200},
  biburl       = {https://dblp.org/rec/conf/aaai/TangKLLM22.bib},
  bibsource    = {dblp computer science bibliography, https://dblp.org}
}
@inproceedings{zhang2022domain,
  title={Domain Adversarial Learning for Color Constancy.},
  author={Zhang, Zhifeng and Kang, Xuejing and Ming, Anlong},
  booktitle={IJCAI},
  pages={1693--1699},
  year={2022}
}
@article{szegedy2013intriguing,
  title={Intriguing properties of neural networks},
  author={Szegedy, Christian and Zaremba, Wojciech and Sutskever, Ilya and Bruna, Joan and Erhan, Dumitru and Goodfellow, Ian and Fergus, Rob},
  journal={arXiv preprint arXiv:1312.6199},
  year={2013}
}
@inproceedings{afifi2019else,
  title={What else can fool deep learning? Addressing color constancy errors on deep neural network performance},
  author={Afifi, Mahmoud and Brown, Michael S},
  booktitle={Proceedings of the IEEE/CVF international conference on computer vision},
  pages={243--252},
  year={2019}
}
@article{zhai2020adversarial,
  title={Adversarial rain attack and defensive deraining for dnn perception},
  author={Zhai, Liming and Juefei-Xu, Felix and Guo, Qing and Xie, Xiaofei and Ma, Lei and Feng, Wei and Qin, Shengchao and Liu, Yang},
  journal={arXiv preprint arXiv:2009.09205},
  year={2020}
}
@inproceedings{papernot2016distillation,
  title={Distillation as a defense to adversarial perturbations against deep neural networks},
  author={Papernot, Nicolas and McDaniel, Patrick and Wu, Xi and Jha, Somesh and Swami, Ananthram},
  booktitle={2016 IEEE symposium on security and privacy (SP)},
  pages={582--597},
  year={2016},
  organization={IEEE}
}
@article{yan2018deep,
  title={Deep defense: Training dnns with improved adversarial robustness},
  author={Yan, Ziang and Guo, Yiwen and Zhang, Changshui},
  journal={Advances in Neural Information Processing Systems},
  volume={31},
  year={2018}
}
@inproceedings{wang2017adversary,
  title={Adversary resistant deep neural networks with an application to malware detection},
  author={Wang, Qinglong and Guo, Wenbo and Zhang, Kaixuan and Ororbia, Alexander G and Xing, Xinyu and Liu, Xue and Giles, C Lee},
  booktitle={Proceedings of the 23rd ACM sigkdd international conference on knowledge discovery and data mining},
  pages={1145--1153},
  year={2017}
}
@article{dziugaite2016study,
  title={A study of the effect of jpg compression on adversarial images},
  author={Dziugaite, Gintare Karolina and Ghahramani, Zoubin and Roy, Daniel M},
  journal={arXiv preprint arXiv:1608.00853},
  year={2016}
}
@article{xie2017mitigating,
  title={Mitigating adversarial effects through randomization},
  author={Xie, Cihang and Wang, Jianyu and Zhang, Zhishuai and Ren, Zhou and Yuille, Alan},
  journal={arXiv preprint arXiv:1711.01991},
  year={2017}
}
@article{nie2022diffusion,
  title={Diffusion models for adversarial purification},
  author={Nie, Weili and Guo, Brandon and Huang, Yujia and Xiao, Chaowei and Vahdat, Arash and Anandkumar, Anima},
  journal={arXiv preprint arXiv:2205.07460},
  year={2022}
}
@article{metzen2017detecting,
  title={On detecting adversarial perturbations},
  author={Metzen, Jan Hendrik and Genewein, Tim and Fischer, Volker and Bischoff, Bastian},
  journal={arXiv preprint arXiv:1702.04267},
  year={2017}
}
@article{gao2023detecting,
  title={Detecting adversarial examples on deep neural networks with mutual information neural estimation},
  author={Gao, Song and Wang, Ruxin and Wang, Xiaoxuan and Yu, Shui and Dong, Yunyun and Yao, Shaowen and Zhou, Wei},
  journal={IEEE Transactions on Dependable and Secure Computing},
  volume={20},
  number={6},
  pages={5168--5181},
  year={2023},
  publisher={IEEE}
}
@article{zhang2021nerfactor,
  title={Nerfactor: Neural factorization of shape and reflectance under an unknown illumination},
  author={Zhang, Xiuming and Srinivasan, Pratul P and Deng, Boyang and Debevec, Paul and Freeman, William T and Barron, Jonathan T},
  journal={ACM Transactions on Graphics (ToG)},
  volume={40},
  number={6},
  pages={1--18},
  year={2021},
  publisher={ACM New York, NY, USA}
}
@inproceedings{zhang2022modeling,
  title={Modeling indirect illumination for inverse rendering},
  author={Zhang, Yuanqing and Sun, Jiaming and He, Xingyi and Fu, Huan and Jia, Rongfei and Zhou, Xiaowei},
  booktitle={Proceedings of the IEEE/CVF Conference on Computer Vision and Pattern Recognition},
  pages={18643--18652},
  year={2022}
}
@article{zhang2017mixup,
  title={mixup: Beyond empirical risk minimization},
  author={Zhang, Hongyi and Cisse, Moustapha and Dauphin, Yann N and Lopez-Paz, David},
  journal={arXiv preprint arXiv:1710.09412},
  year={2017}
}
@inproceedings{gehler2008bayesian,
  title={Bayesian color constancy revisited},
  author={Gehler, Peter Vincent and Rother, Carsten and Blake, Andrew and Minka, Tom and Sharp, Toby},
  booktitle={2008 IEEE Conference on Computer Vision and Pattern Recognition},
  pages={1--8},
  year={2008},
  organization={IEEE}
}
@article{banic2017unsupervised,
  title={Unsupervised learning for color constancy},
  author={Bani{\'c}, Nikola and Ko{\v{s}}{\v{c}}evi{\'c}, Karlo and Lon{\v{c}}ari{\'c}, Sven},
  journal={arXiv preprint arXiv:1712.00436},
  year={2017}
}
@article{buzzelli2020arc,
  title={ARC: Angle-Retaining Chromaticity diagram for color constancy error analysis},
  author={Buzzelli, Marco and Bianco, Simone and Schettini, Raimondo},
  journal={JOSA A},
  volume={37},
  number={11},
  pages={1721--1730},
  year={2020},
  publisher={Optica Publishing Group}
}

@inproceedings{liu2022convnet,
  title={A convnet for the 2020s},
  author={Liu, Zhuang and Mao, Hanzi and Wu, Chao-Yuan and Feichtenhofer, Christoph and Darrell, Trevor and Xie, Saining},
  booktitle={IEEE Conference on Computer Vision and Pattern Recognition},
  pages={11976--11986},
  year={2022}
}
@inproceedings{he2016deep,
  title={Deep residual learning for image recognition},
  author={He, Kaiming and Zhang, Xiangyu and Ren, Shaoqing and Sun, Jian},
  booktitle={IEEE Conference on Computer Vision and Pattern Recognition},
  pages={770--778},
  year={2016}
}
@inproceedings{song2022transformer,
  title={Transformer tracking with cyclic shifting window attention},
  author={Song, Zikai and Yu, Junqing and Chen, Yi-Ping Phoebe and Yang, Wei},
  booktitle={IEEE conference on computer vision and pattern recognition},
  pages={8791--8800},
  year={2022}
}
@article{hu2018exposure,
  title={Exposure: A White-Box Photo Post-Processing Framework},
  author={Hu, Yuanming and He, Hao and Xu, Chenxi and Wang, Baoyuan and Lin, Stephen},
  journal={ACM Transactions on Graphics (TOG)},
  volume={37},
  number={4},
  pages={1--15},
  year={2018},
  publisher={ACM New York, NY, USA}
}
@inproceedings{kurakin2018adversarial,
  title={Adversarial examples in the physical world},
  author={Kurakin, Alexey and Goodfellow, Ian J and Bengio, Samy},
  booktitle={International Conference on Learning Representations},
  pages={99--112},
  year={2017},
}

@inproceedings{madry2018towards,
  author       = {Aleksander Madry and
                  Aleksandar Makelov and
                  Ludwig Schmidt and
                  Dimitris Tsipras and
                  Adrian Vladu},
  title        = {Towards Deep Learning Models Resistant to Adversarial Attacks},
  booktitle    = {6th International Conference on Learning Representations, {ICLR} 2018,
                  Vancouver, BC, Canada, April 30 - May 3, 2018, Conference Track Proceedings},
  publisher    = {OpenReview.net},
  year         = {2018},
  url          = {https://openreview.net/forum?id=rJzIBfZAb},
  timestamp    = {Thu, 25 Jul 2019 14:25:44 +0200},
  biburl       = {https://dblp.org/rec/conf/iclr/MadryMSTV18.bib},
  bibsource    = {dblp computer science bibliography, https://dblp.org}
}

@inproceedings{gilmer2018motivating,
  title={Motivating the rules of the game for adversarial example research},
  author={Gilmer, Justin and Adams, Ryan P and Goodfellow, Ian and Andersen, David and Dahl, George E},
  booktitle={arXiv preprint arXiv:1807.06732},
  year={2018}
}
@inproceedings{bychkovsky2011learning,
  title={Learning photographic global tonal adjustment with a database of input/output image pairs},
  author={Bychkovsky, Vladimir and Paris, Sylvain and Chan, Eric and Durand, Fr{\'e}do},
  booktitle={IEEE Conference on Computer Vision and Pattern Recognition},
  pages={97--104},
  year={2011},
}
@inproceedings{karaimer2016software,
  title={A software platform for manipulating the camera imaging pipeline},
  author={Karaimer, Hakki Can and Brown, Michael S},
  booktitle={European Conference on Computer Vision},
  pages={429--444},
  year={2016},
}
@inproceedings{nguyen2016raw,
  title={RAW image reconstruction using a self-contained sRGB-JPEG image with only 64 KB overhead},
  author={Nguyen, Rang MH and Brown, Michael S},
  booktitle={IEEE Conference on Computer Vision and Pattern Recognition},
  pages={1655--1663},
  year={2016}
}
@inproceedings{jang2016categorical,
  title={Categorical reparameterization with gumbel-softmax},
  author={Jang, Eric and Gu, Shixiang and Poole, Ben},
  booktitle={International Conference on Learning Representations},
  year={2017}
}
@inproceedings{liu2019feature,
  title={Feature distillation: Dnn-oriented jpeg compression against adversarial examples},
  author={Liu, Zihao and Liu, Qi and Liu, Tao and Xu, Nuo and Lin, Xue and Wang, Yanzhi and Wen, Wujie},
  booktitle={IEEE Conference on Computer Vision and Pattern Recognition},
  pages={860--868},
  year={2019},
}
@inproceedings{xu2017feature,
  title={Feature squeezing: Detecting adversarial examples in deep neural networks},
  author={Xu, Weilin and Evans, David and Qi, Yanjun},
  booktitle={25th Annual Network and Distributed System Security Symposium, NDSS 2018},
  year={2018}
}
@inproceedings{zhao2020towards,
  title={Towards large yet imperceptible adversarial image perturbations with perceptual color distance},
  author={Zhao, Zhengyu and Liu, Zhuoran and Larson, Martha},
  booktitle={IEEE Conference on Computer Vision and Pattern Recognition},
  pages={1039--1048},
  year={2020}
}
@inproceedings{rozsa2016adversarial,
  title={Adversarial diversity and hard positive generation},
  author={Rozsa, Andras and Rudd, Ethan M and Boult, Terrance E},
  booktitle={IEEE Conference on Computer Vision and Pattern Recognition Workshops},
  pages={25--32},
  year={2016}
}
@article{wang2004image,
  title={Image quality assessment: from error visibility to structural similarity regularized model},
  author={Wang, Zhou and Bovik, Alan C and Sheikh, Hamid R and Simoncelli, Eero P},
  journal={IEEE transactions on image processing},
  volume={13},
  number={4},
  pages={600--612},
  year={2004},
  publisher={IEEE}
}
@inproceedings{engstrom2017rotation,
  title={A Rotation and a Translation Suffice: Fooling CNNs with Simple Transformations},
  author={Engstrom, Logan and Tran, Brandon and Tsipras, Dimitris and Schmidt, Ludwig and Madry, Aleksander},
  booktitle={arXiv preprint arXiv:1712.02779},
  year={2017}
}
@inproceedings{kanbak2018geometric,
  title={Geometric robustness of deep networks: analysis and improvement},
  author={Kanbak, Can and Moosavi-Dezfooli, Seyed-Mohsen and Frossard, Pascal},
  booktitle={IEEE Conference on Computer Vision and Pattern Recognition},
  pages={4441--4449},
  year={2018}
}
@inproceedings{xiao2018spatially,
  title={Spatially transformed adversarial examples},
  author={Xiao, Chaowei and Zhu, Jun-Yan and Li, Bo and He, Warren and Liu, Mingyan and Song, Dawn},
  booktitle={International Conference on Learning Representations},
  year={2018}
}
@inproceedings{athalye2018synthesizing,
  title={Synthesizing robust adversarial examples},
  author={Athalye, Anish and Engstrom, Logan and Ilyas, Andrew and Kwok, Kevin},
  booktitle={International Conference on Machine Learning},
  pages={284--293},
  year={2018},
}
@inproceedings{liu2017material,
  title={Material editing using a physically based rendering network},
  author={Liu, Guilin and Ceylan, Duygu and Yumer, Ersin and Yang, Jimei and Lien, Jyh-Ming},
  booktitle={IEEE International Conference on Computer Vision},
  pages={2261--2269},
  year={2017}
}
@inproceedings{zhang2021adversarial,
  title={Adversarial relighting against face recognition},
  author={Zhang, Qian and Guo, Qing and Gao, Ruijun and Juefei-Xu, Felix and Yu, Hongkai and Feng, Wei},
  booktitle={arXiv preprint arXiv:2108.07920},
  year={2021}
}
@inproceedings{qiu2020semanticadv,
  title={Semanticadv: Generating adversarial examples via attribute-conditioned image editing},
  author={Qiu, Haonan and Xiao, Chaowei and Yang, Lei and Yan, Xinchen and Lee, Honglak and Li, Bo},
  booktitle={European Conference on Computer Vision},
  pages={19--37},
  year={2020},
}
@inproceedings{zhai2022adversarial,
  title={Adversarial rain attack and defensive deraining for dnn perception},
  author={Zhai, Liming and Juefei-Xu, Felix and Guo, Qing and Xie, Xiaofei and Ma, Lei and Feng, Wei and Qin, Shengchao and Liu, Yang},
  booktitle={arXiv preprint arXiv:2009.09205},
  year={2022}
}
@inproceedings{gao2021advhaze,
  title={Advhaze: Adversarial haze attack},
  author={Gao, Ruijun and Guo, Qing and Juefei-Xu, Felix and Yu, Hongkai and Feng, Wei},
  booktitle={arXiv preprint arXiv:2104.13673},
  year={2021}
}
@inproceedings{guo2020watch,
  title={Watch out! motion is blurring the vision of your deep neural networks},
  author={Guo, Qing and Juefei-Xu, Felix and Xie, Xiaofei and Ma, Lei and Wang, Jian and Yu, Bing and Feng, Wei and Liu, Yang},
  booktitle={Advances in Neural Information Processing Systems},
  volume={33},
  pages={975--985},
  year={2020}
}
@inproceedings{zhong2022shadows,
  title={Shadows can be dangerous: Stealthy and effective physical-world adversarial attack by natural phenomenon},
  author={Zhong, Yiqi and Liu, Xianming and Zhai, Deming and Jiang, Junjun and Ji, Xiangyang},
  booktitle={IEEE Conference on Computer Vision and Pattern Recognition},
  pages={15345--15354},
  year={2022}
}
@inproceedings{tian2021ava,
  title={AVA: Adversarial vignetting attack against visual recognition},
  author={Tian, Binyu and Juefei-Xu, Felix and Guo, Qing and Xie, Xiaofei and Li, Xiaohong and Liu, Yang},
  booktitle={International Joint Conference on Artificial Intelligence},
  year={2021}
}
@inproceedings{hosseini2017limitation,
  title={On the limitation of convolutional neural networks in recognizing negative images},
  author={Hosseini, Hossein and Xiao, Baicen and Jaiswal, Mayoore and Poovendran, Radha},
  booktitle={International Conference on Machine Learning and Applications},
  pages={352--358},
  year={2017},
}
@inproceedings{zhao2020adversarial1,
  title={Adversarial color enhancement: Generating unrestricted adversarial images by optimizing a color filter},
  author={Zhao, Zhengyu and Liu, Zhuoran and Larson, Martha},
  booktitle={31st British Machine Vision Conference 2020, {BMVC} 2020},
  year={2020}
}
@inproceedings{zhao2020adversarial2,
  title={Adversarial robustness against image color transformation within parametric filter space},
  author={Zhao, Zhengyu and Liu, Zhuoran and Larson, Martha},
  booktitle={arXiv preprint arXiv:2011.06690},
  year={2020}
}
@inproceedings{laidlaw2019functional,
  title={Functional adversarial attacks},
  author={Laidlaw, Cassidy and Feizi, Soheil},
  booktitle={Advances in neural information processing systems},
  volume={32},
  year={2019}
}
@inproceedings{shamsabadi2020colorfool,
  title={Colorfool: Semantic adversarial colorization},
  author={Shamsabadi, Ali Shahin and Sanchez-Matilla, Ricardo and Cavallaro, Andrea},
  booktitle={IEEE Conference on Computer Vision and Pattern Recognition},
  pages={1151--1160},
  year={2020}
}
@inproceedings{bhattad2019unrestricted,
  title={Unrestricted adversarial examples via semantic manipulation},
  author={Bhattad, Anand and Chong, Min Jin and Liang, Kaizhao and Li, Bo and Forsyth, David A},
  booktitle={International Conference on Learning Representations},
  year={2020}
}

@inproceedings{russakovsky2015imagenet,
  title={Imagenet large scale visual recognition challenge},
  author={Russakovsky, Olga and Deng, Jia and Su, Hao and Krause, Jonathan and Satheesh, Sanjeev and Ma, Sean and Huang, Zhiheng and Karpathy, Andrej and Khosla, Aditya and Bernstein, Michael and others},
  booktitle={International booktitle of computer vision},
  volume={115},
  pages={211--252},
  year={2015},
}

@inproceedings{karras2018progressive,
  title={Progressive growing of GANs for improved quality, stability, and variation},
  author={Karras, Tero and Aila, Timo and Laine, Samuli and Lehtinen, Jaakko},
  booktitle={International Conference on Learning Representations},
  year={2018}
}
@article{afifi2021cie, 
title={CIE XYZ Net: Unprocessing Images for Low-Level Computer Vision Tasks}, 
author={Afifi, Mahmoud and Abdelhamed, Abdelrahman and Abuolaim, Abdullah and Punnappurath, Abhijith and Brown, Michael S}, 
journal={IEEE Transactions on Pattern Analysis and Machine Intelligence}, 
volume={44}, number={9}, pages={4688–4700}, year={2022}, 
publisher={IEEE} 
}
@inproceedings{hosseini2018semantic,
  title={Semantic adversarial examples},
  author={Hosseini, Hossein and Poovendran, Radha},
  booktitle={IEEE Conference on Computer Vision and Pattern Recognition Workshops},
  pages={1614--1619},
  year={2018}
}
@misc{lindbloom2020,
  author = {Lindbloom, Bruce},
  title = {{RGB/XYZ Matrices}},
  howpublished = {\url{http://www.brucelindbloom.com/index.html?Eqn_RGB_XYZ_Matrix.html}},
  year = {2020}
}
@inproceedings{afifi2019color, 
  title={When color constancy goes wrong: Correcting improperly white-balanced images}, 
  author={Afifi, Mahmoud and Price, Brian and Cohen, Scott and Brown, Michael S},
  booktitle={IEEE Conference on Computer Vision and Pattern Recognition},
  pages={1535--1544}, 
  year={2019} 
}
@techreport{IEC1999,
  author = {International Electrotechnical Commission},
  title = {Multimedia systems and equipment—colour measurements and management — part 2-1: Colour   management — default RGB color space — sRGB},
  type = {Standard},
  number = {IEC 61966-2-1},
  institution = {IEC},
  year = {1999},
  url = {https://webstore.iec.ch/publication/6169}
}
@inproceedings{kurakinnips2017,
  title={Adversarial attacks and defences competition},
  author={Kurakin, Alexey and Goodfellow, Ian and Bengio, Samy and Dong, Yinpeng and Liao, Fangzhou and Liang, Ming and Pang, Tianyu and Zhu, Jun and Hu, Xiaolin and Xie, Cihang and others},
  booktitle={The NIPS'17 Competition: Building Intelligent Systems},
  pages={195--231},
  year={2018},
}
@inproceedings{kim2020torchattacks,
  title={Torchattacks: A pytorch repository for adversarial attacks},
  author={Kim, Hoki},
  booktitle={arXiv preprint arXiv:2010.01950},
  year={2020}
}
@inproceedings{szegedy2016rethinking,
  title={Rethinking the inception architecture for computer vision},
  author={Szegedy, Christian and Vanhoucke, Vincent and Ioffe, Sergey and Shlens, Jon and Wojna, Zbigniew},
  booktitle={IEEE Conference on Computer Vision and Pattern Recognition},
  pages={2818--2826},
  year={2016}
}
@inproceedings{huang2017densely,
  title={Densely connected convolutional networks},
  author={Huang, Gao and Liu, Zhuang and Van Der Maaten, Laurens and Weinberger, Kilian Q},
  booktitle={IEEE Conference on Computer Vision and Pattern Recognition},
  pages={4700--4708},
  year={2017}
}
@inproceedings{gaoscale,
  title={Scale-free and Task-agnostic Attack: Generating Photo-realistic Adversarial Patterns with Patch Quilting Generator},
  author={Gao, Xiangbo and Luo, Cheng and Lin, Qinliang and Xie, Weicheng and Liu, Minmin and Shen, Linlin and Kusumam, Keerthy and Song, Siyang},
  booktitle={arXiv preprint arXiv:2208.06222},
  year={2022}
}
@inproceedings{yang2022maniqa,
  title={Maniqa: Multi-dimension attention network for no-reference image quality assessment},
  author={Yang, Sidi and Wu, Tianhe and Shi, Shuwei and Lao, Shanshan and Gong, Yuan and Cao, Mingdeng and Wang, Jiahao and Yang, Yujiu},
  booktitle={IEEE Conference on Computer Vision and Pattern Recognition},
  pages={1191--1200},
  year={2022}
}
@inproceedings{ke2021musiq,
  title={Musiq: Multi-scale image quality transformer},
  author={Ke, Junjie and Wang, Qifei and Wang, Yilin and Milanfar, Peyman and Yang, Feng},
  booktitle={IEEE International Conference on Computer Vision},
  pages={5148--5157},
  year={2021}
}
@inproceedings{gu2019detecting,
  title={Detecting adversarial examples in deep neural networks using normalizing filters},
  author={Gu, Shuangchi and Yi, Ping and Zhu, Ting and Yao, Yao and Wang, Wei},
  booktitle={International Conference on Agents and Artificial Intelligence},
  year={2019},
}
@inproceedings{he2023multi,
  title={Multi-layer noise reshaping and perceptual optimization for effective adversarial attack of images},
  author={He, Zhiquan and Lan, Xujia and Yuan, Jianhe and Cao, Wenming},
  booktitle={Applied Intelligence},
  volume={53},
  number={7},
  pages={7408--7422},
  year={2023},
}
@inproceedings{liu2022image,
  title={Image-adaptive YOLO for object detection in adverse weather conditions},
  author={Liu, Wenyu and Ren, Gaofeng and Yu, Runsheng and Guo, Shi and Zhu, Jianke and Zhang, Lei},
  booktitle={AAAI Conference on Artificial Intelligence},
  volume={36},
  pages={1792--1800},
  year={2022}
}
@inproceedings{das2018shield,
  title={Shield: Fast, practical defense and vaccination for deep learning using jpeg compression},
  author={Das, Nilaksh and Shanbhogue, Madhuri and Chen, Shang-Tse and Hohman, Fred and Li, Siwei and Chen, Li and Kounavis, Michael E and Chau, Duen Horng},
  booktitle={ACM SIGKDD Conference on Knowledge Discovery and Data Mining},
  pages={196--204},
  year={2018}
}
@inproceedings{luo2008photo,
  title={Photo and video quality evaluation: Focusing on the subject},
  author={Luo, Yiwen and Tang, Xiaoou},
  booktitle={European Conference on Computer Vision},
  pages={386--399},
  year={2008},
}
@inproceedings{selvaraju2017grad,
  title={Grad-cam: Visual explanations from deep networks via gradient-based localization},
  author={Selvaraju, Ramprasaath R and Cogswell, Michael and Das, Abhishek and Vedantam, Ramakrishna and Parikh, Devi and Batra, Dhruv},
  booktitle={IEEE International Conference on Computer Vision},
  pages={618--626},
  year={2017}
}
@article{ouyang2023rsfnet,
  title={RSFNet: A White-Box Image Retouching Approach using Region-Specific Color Filters},
  author={Ouyang, Wenqi and Dong, Yi and Ren, Peiran and Kang, Xiaoyang and Xu, Xin and Xie, Xuansong},
  journal={arXiv preprint arXiv:2303.08682},
  year={2023}
}
@article{xie2024retouchuaa,
  title={RetouchUAA: Unconstrained Adversarial Attack via Realistic Image Retouching},
  author={Xie, Mengda and He, Yiling and Qin, Zhan and Fang, Meie},
  journal={IEEE Transactions on Circuits and Systems for Video Technology},
  year={2024},
  publisher={IEEE}
}

@article{chang2015palette,
  author = {Huiwen Chang and Ohad Fried and Yiming Liu and Stephen DiVerdi and Adam Finkelstein},
  title = {Palette-based Photo Recoloring},
  journal = {ACM Transactions on Graphics (Proc. SIGGRAPH)},
  year = {2015},
  volume = {34},
  number = {4}
}
@inproceedings{moran2020deeplpf, 
  title={DeepLPF: Deep Local Parametric Filters for Image Enhancement}, 
  author={Moran, Sean and Marza, Pierre and McDonagh, Steven and Parisot, Sarah and Slabaugh, Gregory}, 
  booktitle={IEEE Conference on Computer Vision and Pattern Recognition}, 
  pages={1052--1059}, 
  year={2020} 
}
@inproceedings{yan2014learning, 
  title={A Learning-to-Rank Approach for Image Color Enhancement}, 
  author={Yan, Jianzhou and Lin, Stephen and Kang, Sing Bing and Tang, Xiaoou}, 
  booktitle={IEEE Conference on Computer Vision and Pattern Recognition}, 
  pages={2987--2994}, 
  year={2014} 
}
@article{sun2022ala,
  title={ALA: Adversarial lightness attack via naturalness-aware regularizations},
  author={Sun, Liangru and Juefei-Xu, Felix and Huang, Yihao and Guo, Qing and Zhu, Jiayi and Feng, Jincao and Liu, Yang and Pu, Geguang},
  journal={arXiv preprint arXiv:2201.06070},
  year={2022}
}
@inproceedings{howard2019searching,
  title={Searching for mobilenetv3},
  author={Howard, Andrew and Sandler, Mark and Chu, Grace and Chen, Liang-Chieh and Chen, Bo and Tan, Mingxing and Wang, Weijun and Zhu, Yukun and Pang, Ruoming and Vasudevan, Vijay and others},
  booktitle={Proceedings of the IEEE/CVF international conference on computer vision},
  pages={1314--1324},
  year={2019}
}
@article{zhang2015feature,
  title={A feature-enriched completely blind image quality evaluator},
  author={Zhang, Lin and Zhang, Lei and Bovik, Alan C},
  journal={IEEE Transactions on Image Processing},
  volume={24},
  number={8},
  pages={2579--2591},
  year={2015},
  publisher={IEEE}
}
@article{zhang2018blind,
  title={Blind image quality assessment using a deep bilinear convolutional neural network},
  author={Zhang, Weixia and Ma, Kede and Yan, Jia and Deng, Dexiang and Wang, Zhou},
  journal={IEEE Transactions on Circuits and Systems for Video Technology},
  volume={30},
  number={1},
  pages={36--47},
  year={2018},
  publisher={IEEE}
}
@InProceedings{Naseer_2020_CVPR,
author = {Naseer, Muzammal and Khan, Salman and Hayat, Munawar and Khan, Fahad Shahbaz and Porikli, Fatih},
title = {A Self-supervised Approach for Adversarial Robustness},
booktitle = {IEEE/CVF Conference on Computer Vision and Pattern Recognition (CVPR)},
month = {June},
year = {2020}
}

@inproceedings{nie2018relgan,
  title={Relgan: Relational generative adversarial networks for text generation},
  author={Nie, Weili and Narodytska, Nina and Patel, Ankit},
  booktitle={International conference on learning representations},
  year={2018}
}

@article{rao2021dynamicvit,
  title={Dynamicvit: Efficient vision transformers with dynamic token sparsification},
  author={Rao, Yongming and Zhao, Wenliang and Liu, Benlin and Lu, Jiwen and Zhou, Jie and Hsieh, Cho-Jui},
  journal={Advances in neural information processing systems},
  volume={34},
  pages={13937--13949},
  year={2021}
}

@article{buchsbaum1980spatial,
  title={A spatial processor model for object colour perception},
  author={Buchsbaum, Gershon},
  journal={Journal of the Franklin institute},
  volume={310},
  number={1},
  pages={1--26},
  year={1980},
  publisher={Elsevier}
}

@inproceedings{finlayson2004shades,
  title={Shades of gray and colour constancy},
  author={Finlayson, Graham D and Trezzi, Elisabetta},
  booktitle={Color and Imaging Conference},
  volume={12},
  pages={37--41},
  year={2004},
  organization={Society of Imaging Science and Technology}
}

@article{van2007edge,
  title={Edge-based color constancy},
  author={Van De Weijer, Joost and Gevers, Theo and Gijsenij, Arjan},
  journal={IEEE Transactions on image processing},
  volume={16},
  number={9},
  pages={2207--2214},
  year={2007},
  publisher={IEEE}
}

@inproceedings{xu2020end,
  title={End-to-end illuminant estimation based on deep metric learning},
  author={Xu, Bolei and Liu, Jingxin and Hou, Xianxu and Liu, Bozhi and Qiu, Guoping},
  booktitle={Proceedings of the IEEE/CVF Conference on Computer Vision and Pattern Recognition},
  pages={3616--3625},
  year={2020}
}

@article{buzzelli2024convolutional,
  title={A Convolutional Framework for Color Constancy},
  author={Buzzelli, Marco and Bianco, Simone},
  journal={IEEE Transactions on Neural Networks and Learning Systems},
  year={2024},
  publisher={IEEE}
}

@inproceedings{ono2022degree,
  title={Degree-of-linear-polarization-based color constancy},
  author={Ono, Taishi and Kondo, Yuhi and Sun, Legong and Kurita, Teppei and Moriuchi, Yusuke},
  booktitle={Proceedings of the IEEE/CVF Conference on Computer Vision and Pattern Recognition},
  pages={19740--19749},
  year={2022}
}

@inproceedings{abdelhamed2021leveraging,
  title={Leveraging the availability of two cameras for illuminant estimation},
  author={Abdelhamed, Abdelrahman and Punnappurath, Abhijith and Brown, Michael S},
  booktitle={Proceedings of the IEEE/CVF Conference on Computer Vision and Pattern Recognition},
  pages={6637--6646},
  year={2021}
}

@inproceedings{xing2022point,
  title={Point cloud color constancy},
  author={Xing, Xiaoyan and Qian, Yanlin and Feng, Sibo and Dong, Yuhan and Matas, Ji{\v{r}}{\'\i}},
  booktitle={Proceedings of the IEEE/CVF Conference on Computer Vision and Pattern Recognition},
  pages={19750--19759},
  year={2022}
}

@inproceedings{xiao2020multi,
  title={Multi-domain learning for accurate and few-shot color constancy},
  author={Xiao, Jin and Gu, Shuhang and Zhang, Lei},
  booktitle={Proceedings of the IEEE/CVF conference on computer vision and pattern recognition},
  pages={3258--3267},
  year={2020}
}

@inproceedings{afifi2021cross,
  title={Cross-camera convolutional color constancy},
  author={Afifi, Mahmoud and Barron, Jonathan T and LeGendre, Chloe and Tsai, Yun-Ta and Bleibel, Francois},
  booktitle={Proceedings of the IEEE/CVF International Conference on Computer Vision},
  pages={1981--1990},
  year={2021}
}

@article{domislovic2022one,
  title={One-Net: Convolutional color constancy simplified},
  author={Domislovi{\'c}, Ilija and Vr{\v{s}}nak, Donik and Suba{\v{s}}i{\'c}, Marko and Lon{\v{c}}ari{\'c}, Sven},
  journal={Pattern recognition letters},
  volume={159},
  pages={31--37},
  year={2022},
  publisher={Elsevier}
}

@article{laakom2020bag,
  title={Bag of color features for color constancy},
  author={Laakom, Firas and Passalis, Nikolaos and Raitoharju, Jenni and Nikkanen, Jarno and Tefas, Anastasios and Iosifidis, Alexandros and Gabbouj, Moncef},
  journal={IEEE Transactions on Image Processing},
  volume={29},
  pages={7722--7734},
  year={2020},
  publisher={IEEE}
}

@misc{blender_cycles,
  author       = {Blender Foundation},
  title        = {Cycles Render Engine},
  year         = {n.d.},
  howpublished = {\url{https://www.blender.org/}},
  note         = {Accessed: 2024-11-10}
}
@inproceedings{hou2019weighted,
  author       = {Saihui Hou and
                  Zilei Wang},
  title        = {Weighted Channel Dropout for Regularization of Deep Convolutional
                  Neural Network},
  booktitle    = {The Thirty-Third {AAAI} Conference on Artificial Intelligence, {AAAI}
                  2019, The Thirty-First Innovative Applications of Artificial Intelligence
                  Conference, {IAAI} 2019, The Ninth {AAAI} Symposium on Educational
                  Advances in Artificial Intelligence, {EAAI} 2019, Honolulu, Hawaii,
                  USA, January 27 - February 1, 2019},
  pages        = {8425--8432},
  publisher    = {{AAAI} Press},
  year         = {2019},
  url          = {https://doi.org/10.1609/aaai.v33i01.33018425},
  doi          = {10.1609/AAAI.V33I01.33018425},
  timestamp    = {Mon, 04 Sep 2023 12:29:24 +0200},
  biburl       = {https://dblp.org/rec/conf/aaai/HouW19.bib},
  bibsource    = {dblp computer science bibliography, https://dblp.org}
}
@article{choi2023tcx,
  title={TCX: Texture and channel swappings for domain generalization},
  author={Choi, Jaehyun and Seong, Hyun Seok and Park, Sanguk and Heo, Jae-Pil},
  journal={Pattern Recognition Letters},
  volume={175},
  pages={74--80},
  year={2023},
  publisher={Elsevier}
}

@article{zhengguang2025gc3,
  title={GC3: Grouped convolutional color constancy},
  author={Zhengguang, Song and Zhijiang, Li and Liqin, Cao and Lei, Jiao and Xuan, Zhang},
  journal={Pattern Recognition},
  volume={158},
  pages={110957},
  year={2025},
  publisher={Elsevier}
}

@article{buzzelli2024uncertainty,
  title={Uncertainty estimation in color constancy},
  author={Buzzelli, Marco and Bianco, Simone},
  journal={Pattern Recognition},
  pages={111175},
  year={2024},
  publisher={Elsevier}
}

@article{xie2022improving,
  title={Improving gray world algorithm guided by scene semantics},
  author={Xie, Mengda and Sun, Peng and Lang, Yubo and Wei, Qianjie and Shan, Daguo},
  journal={Journal of Computer-Aided Design \& Computer Graphics},
  volume={34},
  number={1},
  pages={152--162},
  year={2022}
}

@article{li2023ranking,
  title={Ranking-based color constancy with limited training samples},
  author={Li, Bing and Qin, Haina and Xiong, Weihua and Li, Yangxi and Feng, Songhe and Hu, Weiming and Maybank, Stephen},
  journal={IEEE Transactions on Pattern Analysis and Machine Intelligence},
  volume={45},
  number={10},
  pages={12304--12320},
  year={2023},
  publisher={IEEE}
}

@article{xie2023camera,
  title={Camera-independent color constancy by scene semantics},
  author={Xie, Mengda and Sun, Peng and Lang, Yubo and Fang, Meie},
  journal={Pattern Recognition Letters},
  volume={171},
  pages={106--115},
  year={2023},
  publisher={Elsevier}
}

@article{forsyth1990novel,
  title={A novel algorithm for color constancy},
  author={Forsyth, David A},
  journal={International Journal of Computer Vision},
  volume={5},
  number={1},
  pages={5--35},
  year={1990},
  publisher={Springer}
}

@article{gijsenij2010generalized,
  title={Generalized gamut mapping using image derivative structures for color constancy},
  author={Gijsenij, Arjan and Gevers, Theo and Van De Weijer, Joost},
  journal={International Journal of Computer Vision},
  volume={86},
  pages={127--139},
  year={2010},
  publisher={Springer}
}


@inproceedings{cheng2015effective,
  title={Effective learning-based illuminant estimation using simple features},
  author={Cheng, Dongliang and Price, Brian and Cohen, Scott and Brown, Michael S},
  booktitle={Proceedings of the IEEE conference on computer vision and pattern recognition},
  pages={1000--1008},
  year={2015}
}

@inproceedings{barron2017fast,
  title={Fast fourier color constancy},
  author={Barron, Jonathan T and Tsai, Yun-Ta},
  booktitle={Proceedings of the IEEE conference on computer vision and pattern recognition},
  pages={886--894},
  year={2017}
}

@article{bianco2017single,
  title={Single and multiple illuminant estimation using convolutional neural networks},
  author={Bianco, Simone and Cusano, Claudio and Schettini, Raimondo},
  journal={IEEE Transactions on Image Processing},
  volume={26},
  number={9},
  pages={4347--4362},
  year={2017},
  publisher={IEEE}
}

@article{cun2022learning,
  title={Learning enriched illuminants for cross and single sensor color constancy},
  author={Cun, Xiaodong and Wang, Zhendong and Pun, Chi-Man and Liu, Jianzhuang and Zhou, Wengang and Jia, Xu and Li, Houqiang},
  journal={arXiv preprint arXiv:2203.11068},
  year={2022}
}

@article{Barnard2002,
  author    = {Kobus Barnard and Lindsay Martin and Adam Coath and Brian Funt},
  title     = {A Comparison of Computational Color Constancy Algorithms—Part II: Experiments With Image Data},
  journal   = {IEEE Transactions on Image Processing},
  volume    = {11},
  number    = {9},
  pages     = {985--996},
  year      = {2002},
  doi       = {10.1109/TIP.2002.802529},
  url       = {https://ieeexplore.ieee.org/document/1036048}
}

@inproceedings{Qian2019,
  author    = {Yanlin Qian and Joni-Kristian Kämäräinen and Jarno Nikkanen and Jiri Matas},
  title     = {On Finding Gray Pixels},
  booktitle = {Proceedings of the IEEE/CVF Conference on Computer Vision and Pattern Recognition (CVPR)},
  pages     = {8062--8070},
  year      = {2019},
  doi       = {10.1109/CVPR.2019.00825},
  url       = {https://openaccess.thecvf.com/content_CVPR_2019/html/Qian_On_Finding_Gray_Pixels_CVPR_2019_paper.html}
}

@article{vandermaaten2008visualizing,
  title={Visualizing Data using t-SNE},
  author={Van der Maaten, Laurens and Hinton, Geoffrey},
  journal={Journal of Machine Learning Research},
  volume={9},
  pages={2579--2605},
  year={2008},
  url={https://www.jmlr.org/papers/volume9/vandermaaten08a/vandermaaten08a.pdf}
}