@article{garber2021efficient,
  author  = {Dan Garber},
  title   = {Efficient online linear optimization with approximation algorithms},
  journal = {Mathematics of Operations Research},
  volume  = {46},
  number  = {1},
  pages   = {204--220},
  year    = {2021}
}

@inproceedings{garber2022new,
  title={New projection-free algorithms for online convex optimization with adaptive regret guarantees},
  author={Garber, Dan and Kretzu, Ben},
  booktitle={Conference on Learning Theory},
  pages={2326--2359},
  year={2022},
  organization={PMLR}
}

@inproceedings{garber2024projection,
  title={Projection-Free Online Convex Optimization with Time-Varying Constraints},
  author={Garber, Dan and Kretzu, Ben},
  booktitle={Forty-first International Conference on Machine Learning},
  year={2024}
}

@article{guo2022online,
  title={Online convex optimization with hard constraints: Towards the best of two worlds and beyond},
  author={Guo, Hengquan and Liu, Xin and Wei, Honghao and Ying, Lei},
  journal={Advances in Neural Information Processing Systems},
  volume={35},
  pages={36426--36439},
  year={2022}
}

@inproceedings{hazan2012projection,
  author    = {Elad E. Hazan and Satyen Kale},
  title     = {Projection-free online learning},
  booktitle = {Proceedings of the 29th International Conference on Machine Learning (ICML)},
  year      = {2012},
  pages     = {521--528}
}

@inproceedings{hazan2020faster,
  title={Faster projection-free online learning},
  author={Hazan, Elad and Minasyan, Edgar},
  booktitle={Conference on Learning Theory},
  pages={1877--1893},
  year={2020},
  organization={PMLR}
}

@inproceedings{kretzu2021revisiting,
  author    = {Ben Kretzu and Dan Garber},
  title     = {Revisiting Projection-free Online Learning: the Strongly Convex Case},
  booktitle = {Proceedings of The 24th International Conference on Artificial Intelligence and Statistics},
  series    = {Proceedings of Machine Learning Research},
  volume    = {130},
  pages     = {3592--3600},
  year      = {2021},
  editor    = {Arindam Banerjee and Kenji Fukumizu},
  publisher = {PMLR}
}

@article{lee2023projection,
  title={Projection-Free Online Convex Optimization with Stochastic Constraints},
  author={Lee, Duksang and Ho-Nguyen, Nam and Lee, Dabeen},
  journal={arXiv preprint arXiv:2305.01333},
  year={2023}
}

@article{mahdavi2012trading,
  title={Trading regret for efficiency: online convex optimization with long term constraints},
  author={Mahdavi, Mehrdad and Jin, Rong and Yang, Tianbao},
  journal={The Journal of Machine Learning Research},
  volume={13},
  number={1},
  pages={2503--2528},
  year={2012},
  publisher={JMLR. org}
}

@inproceedings{pedramfar2024linearizable,
  title = {From Linear to Linearizable Optimization: A Novel Framework with Applications to Stationary and Non-stationary DR-submodular Optimization},
  author = {Mohammad Pedramfar and Vaneet Aggarwal},
  booktitle = {Advances in Neural Information Processing Systems},
  year = {2024}
}

@InProceedings{pmlr-v37-daniely15,
  title = 	 {Strongly Adaptive Online Learning},
  author = 	 {Daniely, Amit and Gonen, Alon and Shalev-Shwartz, Shai},
  booktitle = 	 {Proceedings of the 32nd International Conference on Machine Learning},
  pages = 	 {1405--1411},
  year = 	 {2015},
  editor = 	 {Bach, Francis and Blei, David},
  volume = 	 {37},
  series = 	 {Proceedings of Machine Learning Research},
  address = 	 {Lille, France},
  month = 	 {07--09 Jul},
  publisher =    {PMLR}
}

@inproceedings{sinha2024optimal,
  title={Optimal Algorithms for Online Convex Optimization with Adversarial Constraints},
  author={Sinha, Abhishek and Vaze, Rahul},
  booktitle={Advances in Neural Information Processing Systems},
  year={2024}
}

@article{yi2023distributed,
  title={Distributed Online Convex Optimization with Adversarial Constraints: Reduced Cumulative Constraint Violation Bounds under Slater's Condition},
  author={Yi, Xinlei and Li, Xiuxian and Yang, Tao and Xie, Lihua and Hong, Yiguang and Chai, Tianyou and Johansson, Karl H},
  journal={arXiv preprint arXiv:2306.00149},
  year={2023}
}

