% PF, Adversarial
@article{redeker2018portfolio,
  title={Portfolio optimization under dynamic risk constraints: Continuous vs. discrete time trading},
  author={Redeker, Imke and Wunderlich, Ralf},
  journal={Statistics \& Risk Modeling},
  volume={35},
  number={1-2},
  pages={1--21},
  year={2018}
}

@article{doostmohammadian2022distributed,
  title={Distributed anytime-feasible resource allocation subject to heterogeneous time-varying delays},
  author={Doostmohammadian, Mohammadreza and Aghasi, Alireza and Rikos, Apostolos I and Grammenos, Andreas and Kalyvianaki, Evangelia and Hadjicostis, Christoforos N and Johansson, Karl H and Charalambous, Themistoklis},
  journal={IEEE Open Journal of Control Systems},
  volume={1},
  pages={255--267},
  year={2022},
  publisher={IEEE}
}

@article{li2024dynamic,
  title={Dynamic pricing with external information and inventory constraint},
  author={Li, Xiaocheng and Zheng, Zeyu},
  journal={Management Science},
  volume={70},
  number={9},
  pages={5985--6001},
  year={2024},
  publisher={INFORMS}
}

@article{da2019collision,
  title={Collision-free encoding for chance-constrained nonconvex path planning},
  author={da Silva Arantes, Marcio and Toledo, Claudio Fabiano Motta and Williams, Brian Charles and Ono, Masahiro},
  journal={IEEE Transactions on Robotics},
  volume={35},
  number={2},
  pages={433--448},
  year={2019},
  publisher={IEEE}
}

@inproceedings{garber2024projection,
  title={Projection-Free Online Convex Optimization with Time-Varying Constraints},
  author={Garber, Dan and Kretzu, Ben},
  booktitle={Forty-first International Conference on Machine Learning},
  year={2024}
} 


@article{shalev2012online,
  title={Online learning and online convex optimization},
  author={Shalev-Shwartz, Shai and others},
  journal={Foundations and Trends{\textregistered} in Machine Learning},
  volume={4},
  number={2},
  pages={107--194},
  year={2012},
  publisher={Now Publishers, Inc.}
}

% PF, Stochastic
@article{lee2023projection,
  title={Projection-Free Online Convex Optimization with Stochastic Constraints},
  author={Lee, Duksang and Ho-Nguyen, Nam and Lee, Dabeen},
  journal={arXiv preprint arXiv:2305.01333},
  year={2023}
}

% PF, no constraint mentioned
@inproceedings{garber2022new,
  title={New projection-free algorithms for online convex optimization with adaptive regret guarantees},
  author={Garber, Dan and Kretzu, Ben},
  booktitle={Conference on Learning Theory},
  pages={2326--2359},
  year={2022},
  organization={PMLR}
}

% PF, no constraint mentioned
@inproceedings{hazan2012projection,
  author    = {Elad E. Hazan and Satyen Kale},
  title     = {Projection-free online learning},
  booktitle = {Proceedings of the 29th International Conference on Machine Learning (ICML)},
  year      = {2012},
  pages     = {521--528}
}

% PF, no constraint mentioned
@inproceedings{hazan2020faster,
  title={Faster projection-free online learning},
  author={Hazan, Elad and Minasyan, Edgar},
  booktitle={Conference on Learning Theory},
  pages={1877--1893},
  year={2020},
  organization={PMLR}
}

% long term constraints (OG)
@article{mahdavi2012trading,
  title={Trading regret for efficiency: online convex optimization with long term constraints},
  author={Mahdavi, Mehrdad and Jin, Rong and Yang, Tianbao},
  journal={The Journal of Machine Learning Research},
  volume={13},
  number={1},
  pages={2503--2528},
  year={2012},
  publisher={JMLR. org}
}

%time-varying constraints
@article{neely2017online,
  title={Online convex optimization with time-varying constraints},
  author={Neely, Michael J and Yu, Hao},
  journal={arXiv preprint arXiv:1702.04783},
  year={2017}
}

% stochastic constraint
@article{yu2017online,
  title={Online convex optimization with stochastic constraints},
  author={Yu, Hao and Neely, Michael and Wei, Xiaohan},
  journal={Advances in Neural Information Processing Systems},
  volume={30},
  year={2017}
}

% adversarial constraint
@article{lekeufack2024optimistic,
  title={An Optimistic Algorithm for Online Convex Optimization with Adversarial Constraints},
  author={Lekeufack, Jordan and Jordan, Michael I},
  journal={arXiv preprint arXiv:2412.08060},
  year={2024}
}

% adversarial constraint
@inproceedings{sinha2024optimal,
  title={Optimal Algorithms for Online Convex Optimization with Adversarial Constraints},
  author={Sinha, Abhishek and Vaze, Rahul},
  booktitle={Advances in Neural Information Processing Systems},
  year={2024}
}

% PF oracle
@inproceedings{pedramfar2024linearizable,
  title = {From Linear to Linearizable Optimization: A Novel Framework with Applications to Stationary and Non-stationary DR-submodular Optimization},
  author = {Mohammad Pedramfar and Vaneet Aggarwal},
  booktitle = {Advances in Neural Information Processing Systems},
  year = {2024}
}

%COCO
@article{yi2023distributed,
  title={Distributed Online Convex Optimization with Adversarial Constraints: Reduced Cumulative Constraint Violation Bounds under Slater's Condition},
  author={Yi, Xinlei and Li, Xiuxian and Yang, Tao and Xie, Lihua and Hong, Yiguang and Chai, Tianyou and Johansson, Karl H},
  journal={arXiv preprint arXiv:2306.00149},
  year={2023}
}

%COCO
@article{guo2022online,
  title={Online convex optimization with hard constraints: Towards the best of two worlds and beyond},
  author={Guo, Hengquan and Liu, Xin and Wei, Honghao and Ying, Lei},
  journal={Advances in Neural Information Processing Systems},
  volume={35},
  pages={36426--36439},
  year={2022}
}

% COCO stochastic
@article{jin2024sample,
  title={Sample complexity analysis for adaptive optimization algorithms with stochastic oracles},
  author={Jin, Billy and Scheinberg, Katya and Xie, Miaolan},
  journal={Mathematical Programming},
  pages={1--29},
  year={2024},
  publisher={Springer}
}

@article{hazan2007adaptive,
  title={Adaptive online gradient descent},
  author={Hazan, Elad and Rakhlin, Alexander and Bartlett, Peter},
  journal={Advances in neural information processing systems},
  volume={20},
  year={2007}
}


@InProceedings{pmlr-v37-daniely15,
  title = 	 {Strongly Adaptive Online Learning},
  author = 	 {Daniely, Amit and Gonen, Alon and Shalev-Shwartz, Shai},
  booktitle = 	 {Proceedings of the 32nd International Conference on Machine Learning},
  pages = 	 {1405--1411},
  year = 	 {2015},
  editor = 	 {Bach, Francis and Blei, David},
  volume = 	 {37},
  series = 	 {Proceedings of Machine Learning Research},
  address = 	 {Lille, France},
  month = 	 {07--09 Jul},
  publisher =    {PMLR}
}

@article{garber2021efficient,
  author  = {Dan Garber},
  title   = {Efficient online linear optimization with approximation algorithms},
  journal = {Mathematics of Operations Research},
  volume  = {46},
  number  = {1},
  pages   = {204--220},
  year    = {2021}
}

@inproceedings{kretzu2021revisiting,
  author    = {Ben Kretzu and Dan Garber},
  title     = {Revisiting Projection-free Online Learning: the Strongly Convex Case},
  booktitle = {Proceedings of The 24th International Conference on Artificial Intelligence and Statistics},
  series    = {Proceedings of Machine Learning Research},
  volume    = {130},
  pages     = {3592--3600},
  year      = {2021},
  editor    = {Arindam Banerjee and Kenji Fukumizu},
  publisher = {PMLR}
}

@inproceedings{jaggi2013revisiting,
  author    = {Martin Jaggi},
  title     = {Revisiting Frank-Wolfe: Projection-free sparse convex optimization},
  booktitle = {Proceedings of the 30th International Conference on Machine Learning (ICML)},
  volume    = {28},
  number    = {1},
  pages     = {427--435},
  year      = {2013}
}

@article{orabona2019modern,
  title={A modern introduction to online learning},
  author={Orabona, Francesco},
  journal={arXiv preprint arXiv:1912.13213},
  year={2019}
}

@inproceedings{pedramfar2023unified,
 author = {Pedramfar, Mohammad and Quinn, Christopher and Aggarwal, Vaneet},
 booktitle = {Advances in Neural Information Processing Systems},
 editor = {A. Oh and T. Naumann and A. Globerson and K. Saenko and M. Hardt and S. Levine},
 pages = {61103--61114},
 publisher = {Curran Associates, Inc.},
 title = {A Unified Approach for Maximizing Continuous DR-submodular Functions},
 url = {https://proceedings.neurips.cc/paper_files/paper/2023/file/c041d58d2250e67f70a5b004655315b5-Paper-Conference.pdf},
 volume = {36},
 year = {2023}
}


