@article{aubert2019toward,
  title={Toward automated 3D spine reconstruction from biplanar radiographs using CNN for statistical spine model fitting},
  author={Aubert, Benjamin and Vazquez, Carlos and Cresson, Thierry and Parent, Stefan and de Guise, Jacques A},
  journal={IEEE Transactions on Medical Imaging},
  volume={38},
  number={12},
  pages={2796--2806},
  year={2019},
  publisher={IEEE}
}

@article{chen2023bx2s,
  title={BX2S-Net: Learning to reconstruct 3D spinal structures from bi-planar X-ray images},
  author={Chen, Zheye and Guo, Lijun and Zhang, Rong and Fang, Zhongding and He, Xiuchao and Wang, Jianhua},
  journal={Computers in Biology and Medicine},
  volume={154},
  pages={106615},
  year={2023},
  publisher={Elsevier}
}

@article{chen2024automatic,
  title={Automatic 3D reconstruction of vertebrae from orthogonal bi-planar radiographs},
  author={Chen, Yuepeng and Gao, Yue and Fu, Xiangling and Chen, Yingyin and Wu, Ji and Guo, Chenyi and Li, Xiaodong},
  journal={Scientific Reports},
  volume={14},
  number={1},
  pages={16165},
  year={2024},
  publisher={Nature Publishing Group UK London}
}

@article{el2020development,
  title={Development and validation of a timely and representative finite element human spine model for biomechanical simulations},
  author={El Bojairami, Ibrahim and El-Monajjed, Khaled and Driscoll, Mark},
  journal={Scientific Reports},
  volume={10},
  number={1},
  pages={21519},
  year={2020},
  publisher={Nature Publishing Group UK London}
}

@inproceedings{hu2024gauhuman,
  title={Gauhuman: Articulated gaussian splatting from monocular human videos},
  author={Hu, Shoukang and Hu, Tao and Liu, Ziwei},
  booktitle={Proceedings of the IEEE/CVF Conference on Computer Vision and Pattern Recognition},
  pages={20418--20431},
  year={2024}
}

@incollection{loper2023smpl,
  title={SMPL: A skinned multi-person linear model},
  author={Loper, Matthew and Mahmood, Naureen and Romero, Javier and Pons-Moll, Gerard and Black, Michael J},
  booktitle={Seminal Graphics Papers: Pushing the Boundaries, Volume 2},
  pages={851--866},
  year={2023}
}

@article{lu2022establishment,
  title={Establishment and validation of a T12-L2 3D finite element model for thoracolumbar segments},
  author={Lu, Hui and Zhang, Qichuan and Ding, Fan and Wu, Qimei and Liu, Rong},
  journal={American Journal of Translational Research},
  volume={14},
  number={3},
  pages={1606},
  year={2022},
  publisher={e-Century Publishing Corporation}
}

@article{mildenhall2021nerf,
  title={Nerf: Representing scenes as neural radiance fields for view synthesis},
  author={Mildenhall, Ben and Srinivasan, Pratul P and Tancik, Matthew and Barron, Jonathan T and Ramamoorthi, Ravi and Ng, Ren},
  journal={Communications of the ACM},
  volume={65},
  number={1},
  pages={99--106},
  year={2021},
  publisher={ACM New York, NY, USA}
}

@article{naoum2021finite,
  title={Finite element method for the evaluation of the human spine: a literature overview},
  author={Naoum, Symeon and Vasiliadis, Angelo V and Koutserimpas, Christos and Mylonakis, Nikolaos and Kotsapas, Michail and Katakalos, Konstantinos},
  journal={Journal of Functional Biomaterials},
  volume={12},
  number={3},
  pages={43},
  year={2021},
  publisher={MDPI}
}

@inproceedings{weng2022humannerf,
  title={Humannerf: Free-viewpoint rendering of moving people from monocular video},
  author={Weng, Chung-Yi and Curless, Brian and Srinivasan, Pratul P and Barron, Jonathan T and Kemelmacher-Shlizerman, Ira},
  booktitle={Proceedings of the IEEE/CVF Conference on Computer Vision and Pattern Recognition},
  pages={16210--16220},
  year={2022}
}

