@article{akerson2024learning,
  title={Learning constitutive relations from experiments: 1. PDE constrained optimization},
  author={Akerson, Andrew and Rajan, Aakila and Bhattacharya, Kaushik},
  journal={arXiv preprint arXiv:2412.02864},
  year={2024}
}

@article{allaire1992homogenization,
  title={Homogenization and two-scale convergence},
  author={Allaire, Gr{\'e}goire},
  journal={SIAM Journal on Mathematical Analysis},
  volume={23},
  number={6},
  pages={1482--1518},
  year={1992},
  publisher={SIAM}
}

@article{bhattacharya2023learning,
  title={Learning Markovian homogenized models in viscoelasticity},
  author={Bhattacharya, Kaushik and Liu, Burigede and Stuart, Andrew and Trautner, Margaret},
  journal={Multiscale Modeling \& Simulation},
  volume={21},
  number={2},
  pages={641--679},
  year={2023},
  publisher={SIAM}
}

@article{bhattacharya2024learning,
  title={Learning homogenization for elliptic operators},
  author={Bhattacharya, Kaushik and Kovachki, Nikola B and Rajan, Aakila and Stuart, Andrew M and Trautner, Margaret},
  journal={SIAM Journal on Numerical Analysis},
  volume={62},
  number={4},
  pages={1844--1873},
  year={2024},
  publisher={SIAM}
}

@misc{billington1982physics,
  title={The Physics of Deformation and Flow},
  author={Billington, EW and Tate, A and Williams, WO},
  year={1982},
  publisher={American Institute of Physics}
}

@article{bishara2023state,
  title={A state-of-the-art review on machine learning-based multiscale modeling, simulation, homogenization and design of materials},
  author={Bishara, Dana and Xie, Yuxi and Liu, Wing Kam and Li, Shaofan},
  journal={Archives of computational methods in engineering},
  volume={30},
  number={1},
  pages={191--222},
  year={2023},
  publisher={Springer}
}

@article{brenner2013overall,
  title={Overall response of viscoelastic composites and polycrystals: exact asymptotic relations and approximate estimates},
  author={Brenner, Renald and Suquet, Pierre},
  journal={International Journal of Solids and Structures},
  volume={50},
  number={10},
  pages={1824--1838},
  year={2013},
  publisher={Elsevier}
}

@article{chen2018neural,
  title={Neural ordinary differential equations},
  author={Chen, Ricky TQ and Rubanova, Yulia and Bettencourt, Jesse and Duvenaud, David K},
  journal={Advances in neural information processing systems},
  volume={31},
  year={2018}
}

@book{cioranescu1999introduction,
  title={An introduction to homogenization},
  author={Cioranescu, Doina and Donato, Patrizia},
  year={1999},
  publisher={Oxford university press}
}

@article{coleman1961foundations,
  title={Foundations of linear viscoelasticity},
  author={Coleman, Bernard D and Noll, Walter},
  journal={Reviews of modern physics},
  volume={33},
  number={2},
  pages={239},
  year={1961},
  publisher={APS}
}

@article{coleman1961recent,
  title={Recent results in the continuum theory of viscoelastic fluids},
  author={Coleman, Bernard D and Noll, Walter},
  journal={Annals of the New York Academy of Sciences},
  volume={89},
  number={4},
  pages={672--714},
  year={1961},
  publisher={Wiley Online Library}
}

@article{dupont2019augmented,
  title={Augmented neural odes},
  author={Dupont, Emilien and Doucet, Arnaud and Teh, Yee Whye},
  journal={Advances in neural information processing systems},
  volume={32},
  year={2019}
}

@article{eggersmann2019model,
  title={Model-free data-driven inelasticity},
  author={Eggersmann, Robert and Kirchdoerfer, Trenton and Reese, Stefanie and Stainier, Laurent and Ortiz, Michael},
  journal={Computer Methods in Applied Mechanics and Engineering},
  volume={350},
  pages={81--99},
  year={2019},
  publisher={Elsevier}
}

@book{ferry1980viscoelastic,
  title={Viscoelastic Properties of Polymers},
  author={Ferry, JD},
  volume={264},
  year={1980},
  publisher={Wiley}
}

@article{francfort1986homogenization,
  title={Homogenization and mechanical dissipation in thermoviscoelasticity},
  author={Francfort, Gilles A and Suquet, Pierre M},
  journal={Archive for Rational Mechanics and Analysis},
  volume={96},
  number={3},
  pages={265--293},
  year={1986},
  publisher={Springer-Verlag}
}

@article{fuhg2022physics,
  title={On physics-informed data-driven isotropic and anisotropic constitutive models through probabilistic machine learning and space-filling sampling},
  author={Fuhg, Jan N and Bouklas, Nikolaos},
  journal={Computer Methods in Applied Mechanics and Engineering},
  volume={394},
  pages={114915},
  year={2022},
  publisher={Elsevier}
}

@article{fuhg2024review,
  title={A review on data-driven constitutive laws for solids},
  author={Fuhg, Jan N and Anantha Padmanabha, Govinda and Bouklas, Nikolaos and Bahmani, Bahador and Sun, WaiChing and Vlassis, Nikolaos N and Flaschel, Moritz and Carrara, Pietro and De Lorenzis, Laura},
  journal={Archives of Computational Methods in Engineering},
  pages={1--43},
  year={2024},
  publisher={Springer}
}

@article{ghavamian2019accelerating,
  title={Accelerating multiscale finite element simulations of history-dependent materials using a recurrent neural network},
  author={Ghavamian, F and Simone, A},
  journal={Computer Methods in Applied Mechanics and Engineering},
  volume={357},
  pages={112594},
  year={2019},
  publisher={Elsevier}
}

@article{gross1968mathematical,
  title={Mathematical structure of the theories of viscoelasticity},
  author={Gross, Bernhard},
  journal={(No Title)},
  year={1968}
}

@article{guedes1990preprocessing,
  title={Preprocessing and postprocessing for materials based on the homogenization method with adaptive finite element methods},
  author={Guedes, Jos{\'e}Miranda and Kikuchi, Noboru},
  journal={Computer methods in applied mechanics and engineering},
  volume={83},
  number={2},
  pages={143--198},
  year={1990},
  publisher={Elsevier}
}

@article{haghighat2023constitutive,
  title={Constitutive model characterization and discovery using physics-informed deep learning},
  author={Haghighat, Ehsan and Abouali, Sahar and Vaziri, Reza},
  journal={Engineering Applications of Artificial Intelligence},
  volume={120},
  pages={105828},
  year={2023},
  publisher={Elsevier}
}

@article{horstemeyer2010historical,
  title={Historical review of internal state variable theory for inelasticity},
  author={Horstemeyer, Mark F and Bammann, Douglas J},
  journal={International Journal of Plasticity},
  volume={26},
  number={9},
  pages={1310--1334},
  year={2010},
  publisher={Elsevier}
}

@article{jones2022neural,
  title={A neural ordinary differential equation framework for modeling inelastic stress response via internal state variables},
  author={Jones, Reese E and Frankel, Ari L and Johnson, KL},
  journal={Journal of Machine Learning for Modeling and Computing},
  volume={3},
  number={3},
  year={2022},
  publisher={Begel House Inc.}
}

@article{karimi2024learning,
  title={A learning-based multiscale model for reactive flow in porous media},
  author={Karimi, Mina and Bhattacharya, Kaushik},
  journal={Water Resources Research},
  volume={60},
  number={9},
  pages={e2023WR036303},
  year={2024},
  publisher={Wiley Online Library}
}

@article{kim2024experimental,
  title={Experimental validation for the interconversion between generalized Kelvin--Voigt and Maxwell models using human skin tissues},
  author={Kim, Jeong Hee and Yang, Daejong and Park, Seungman},
  journal={Journal of Biomechanics},
  volume={162},
  pages={111908},
  year={2024},
  publisher={Elsevier}
}

@article{kozlov1980averaging,
  title={Averaging of random operators},
  author={Kozlov, Sergei Mikhailovich},
  journal={Sbornik: Mathematics},
  volume={37},
  number={2},
  pages={167--180},
  year={1980}
}

@article{kraus2017parameter,
  title={Parameter identification methods for visco-and hyperelastic material models},
  author={Kraus, Michael A and Schuster, Miriam and Kuntsche, Johannes and Siebert, Geralt and Schneider, Jens},
  journal={Glass Structures \& Engineering},
  volume={2},
  number={2},
  pages={147--167},
  year={2017},
  publisher={Springer}
}

@article{lahellec2024effective,
  title={Effective thermodynamic potentials and internal variables: linear viscoelastic composites},
  author={Lahellec, Noel and Masson, Renaud and Suquet, Pierre},
  journal={Journal of the Mechanics and Physics of Solids},
  volume={188},
  pages={105649},
  year={2024},
  publisher={Elsevier}
}

@article{lahellec2024effective2,
  title={Effective thermodynamic potentials and internal variables: Particulate thermoviscoelastic composites},
  author={Lahellec, No{\"e}l and Masson, Renaud and Suquet, Pierre},
  journal={Journal of the Mechanics and Physics of Solids},
  volume={193},
  pages={105891},
  year={2024},
  publisher={Elsevier}
}

@article{liu2019deep,
  title={A deep material network for multiscale topology learning and accelerated nonlinear modeling of heterogeneous materials},
  author={Liu, Zeliang and Wu, CT and Koishi, M391298807188754},
  journal={Computer Methods in Applied Mechanics and Engineering},
  volume={345},
  pages={1138--1168},
  year={2019},
  publisher={Elsevier}
}

@article{liu2021review,
  title={A review of artificial neural networks in the constitutive modeling of composite materials},
  author={Liu, Xin and Tian, Su and Tao, Fei and Yu, Wenbin},
  journal={Composites Part B: Engineering},
  volume={224},
  pages={109152},
  year={2021},
  publisher={Elsevier}
}

@article{liu2022learning,
  title={A learning-based multiscale method and its application to inelastic impact problems},
  author={Liu, Burigede and Kovachki, Nikola and Li, Zongyi and Azizzadenesheli, Kamyar and Anandkumar, Anima and Stuart, Andrew M and Bhattacharya, Kaushik},
  journal={Journal of the Mechanics and Physics of Solids},
  volume={158},
  pages={104668},
  year={2022},
  publisher={Elsevier}
}

@article{liu2023learning,
  title={Learning macroscopic internal variables and history dependence from microscopic models},
  author={Liu, Burigede and Ocegueda, Eric and Trautner, Margaret and Stuart, Andrew M and Bhattacharya, Kaushik},
  journal={Journal of the Mechanics and Physics of Solids},
  pages={105329},
  year={2023},
  publisher={Elsevier}
}

@book{milton_book,
  author =  "Milton, Graeme W.",
  title =  "The Theory of Composites",
  publisher =    "Cambridge University Press",
  address =      "Cambridge",
  year = 2002
}

@article{mishra2016comparative,
  title={A comparative study on low-memory iterative solvers for FFT-based homogenization of periodic media},
  author={Mishra, Nachiketa and Vond{\v{r}}ejc, Jaroslav and Zeman, Jan},
  journal={Journal of Computational Physics},
  volume={321},
  pages={151--168},
  year={2016},
  publisher={Elsevier}
}

@article{moulinec1998numerical,
  title={A numerical method for computing the overall response of nonlinear composites with complex microstructure},
  author={Moulinec, Herv{\'e} and Suquet, Pierre},
  journal={Computer methods in Applied Mechanics and Engineering},
  volume={157},
  number={1-2},
  pages={69--94},
  year={1998},
  publisher={Elsevier}
}

@article{mozaffar2019deep,
  title={Deep learning predicts path-dependent plasticity},
  author={Mozaffar, M and Bostanabad, R and Chen, W and Ehmann, K and Cao, Jian and Bessa, MA},
  journal={Proceedings of the National Academy of Sciences},
  volume={116},
  number={52},
  pages={26414--26420},
  year={2019},
  publisher={National Acad Sciences}
}

@article{nikonov2005determination,
  title={The determination of creep and relaxation functions from a single experiment},
  author={Nikonov, A and Davies, Arthur Russell and Emri, Igor},
  journal={Journal of Rheology},
  volume={49},
  number={6},
  pages={1193--1211},
  year={2005},
  publisher={AIP Publishing}
}

@book{pavliotis2008multiscale,
  title={Multiscale methods: averaging and homogenization},
  author={Pavliotis, Grigoris and Stuart, Andrew},
  year={2008},
  publisher={Springer Science \& Business Media}
}

@article{rice1971inelastic,
  title={Inelastic constitutive relations for solids: an internal-variable theory and its application to metal plasticity},
  author={Rice, James R},
  journal={Journal of the Mechanics and Physics of Solids},
  volume={19},
  number={6},
  pages={433--455},
  year={1971},
  publisher={Elsevier}
}

@article{sanchez1980non,
  title={Non-homogeneous media and vibration theory},
  author={S{\'a}nchez-Palencia, Enrique},
  journal={Lecture Note in Physics, Springer-Verlag},
  volume={320},
  pages={57--65},
  year={1980}
}

@article{serra2019viscoelastic,
  title={Viscoelastic models revisited: characteristics and interconversion formulas for generalized Kelvin--Voigt and Maxwell models},
  author={Serra-Aguila, A and Puigoriol-Forcada, JM and Reyes, G and Menacho, J},
  journal={Acta Mechanica Sinica},
  volume={35},
  pages={1191--1209},
  year={2019},
  publisher={Springer}
}

@article{shanbhag2023computer,
  title={A computer program for interconversion between creep compliance and stress relaxation},
  author={Shanbhag, Sachin},
  journal={Journal of Rheology},
  volume={67},
  number={5},
  pages={965--975},
  year={2023},
  publisher={AIP Publishing}
}

@article{suquet1987elements,
  title={Elements of homogenization for inelastic solid mechanics},
  author={Suquet, Pierre},
  journal={Homogenization techniques for composite media},
  volume={272},
  pages={193--278},
  year={1987},
  publisher={Springer}
}

@incollection{tartar1991memory,
  title={Memory effects and homogenization},
  author={Tartar, Luc},
  booktitle={Mechanics and Thermodynamics of Continua: A Collection of Papers Dedicated to BD Coleman on His Sixtieth Birthday},
  pages={537--549},
  year={1991},
  publisher={Springer}
}

@book{tschoegl2012phenomenological,
  title={The phenomenological theory of linear viscoelastic behavior: an introduction},
  author={Tschoegl, Nicholas W},
  year={2012},
  publisher={Springer Science \& Business Media}
}

@article{zhang2024iterated,
  title={Iterated learning and multiscale modeling of history-dependent architectured metamaterials},
  author={Zhang, Yupeng and Bhattacharya, Kaushik},
  journal={arXiv preprint arXiv:2402.12674},
  year={2024}
}

@book{zohdi2008introduction,
  title={An introduction to computational micromechanics},
  author={Zohdi, Tarek I and Wriggers, Peter},
  year={2008},
  publisher={Springer Science \& Business Media}
}

