@article{kovachki2021universal,
  title={On universal approximation and error bounds for Fourier neural operators},
  author={Kovachki, Nikola and Lanthaler, Samuel and Mishra, Siddhartha},
  journal={Journal of Machine Learning Research},
  volume={22},
  number={290},
  pages={1--76},
  year={2021}
}

@book{shukla2010dynamic,
  title={Dynamic failure of materials and structures},
  author={Shukla, Arun and Ravichandran, Guruswami and Rajapakse, Y},
  volume={1},
  year={2010},
  publisher={Springer}
}

@article{li2020fourier,
  title={Fourier neural operator for parametric partial differential equations},
  author={Li, Zongyi and Kovachki, Nikola and Azizzadenesheli, Kamyar and Liu, Burigede and Bhattacharya, Kaushik and Stuart, Andrew and Anandkumar, Anima},
  journal={arXiv preprint arXiv:2010.08895},
  year={2020}
}

@article{allaire1992homogenization,
  title={Homogenization and two-scale convergence},
  author={Allaire, Gr{\'e}goire},
  journal={SIAM Journal on Mathematical Analysis},
  volume={23},
  number={6},
  pages={1482--1518},
  year={1992},
  publisher={SIAM}
}

@book{cioranescu1999introduction,
  title={An introduction to homogenization},
  author={Cioranescu, Doina and Donato, Patrizia},
  year={1999},
  publisher={Oxford university press}
}

@article{brenner2013overall,
  title={Overall response of viscoelastic composites and polycrystals: exact asymptotic relations and approximate estimates},
  author={Brenner, Renald and Suquet, Pierre},
  journal={International Journal of Solids and Structures},
  volume={50},
  number={10},
  pages={1824--1838},
  year={2013},
  publisher={Elsevier}
}

@article{lahellec2024effective,
  title={Effective thermodynamic potentials and internal variables: linear viscoelastic composites},
  author={Lahellec, Noel and Masson, Renaud and Suquet, Pierre},
  journal={Journal of the Mechanics and Physics of Solids},
  volume={188},
  pages={105649},
  year={2024},
  publisher={Elsevier}
}

@article{lahellec2024effective2,
  title={Effective thermodynamic potentials and internal variables: Particulate thermoviscoelastic composites},
  author={Lahellec, No{\"e}l and Masson, Renaud and Suquet, Pierre},
  journal={Journal of the Mechanics and Physics of Solids},
  volume={193},
  pages={105891},
  year={2024},
  publisher={Elsevier}
}

@article{sanchez1980non,
  title={Non-homogeneous media and vibration theory},
  author={S{\'a}nchez-Palencia, Enrique},
  journal={Lecture Note in Physics, Springer-Verlag},
  volume={320},
  pages={57--65},
  year={1980}
}

@article{gross1968mathematical,
  title={Mathematical structure of the theories of viscoelasticity},
  author={Gross, Bernhard},
  journal={(No Title)},
  year={1968}
}

@book{tschoegl2012phenomenological,
  title={The phenomenological theory of linear viscoelastic behavior: an introduction},
  author={Tschoegl, Nicholas W},
  year={2012},
  publisher={Springer Science \& Business Media}
}

@book{ferry1980viscoelastic,
  title={Viscoelastic Properties of Polymers},
  author={Ferry, JD},
  volume={264},
  year={1980},
  publisher={Wiley}
}

@incollection{tartar1991memory,
  title={Memory effects and homogenization},
  author={Tartar, Luc},
  booktitle={Mechanics and Thermodynamics of Continua: A Collection of Papers Dedicated to BD Coleman on His Sixtieth Birthday},
  pages={537--549},
  year={1991},
  publisher={Springer}
}

@article{coleman1961foundations,
  title={Foundations of linear viscoelasticity},
  author={Coleman, Bernard D and Noll, Walter},
  journal={Reviews of modern physics},
  volume={33},
  number={2},
  pages={239},
  year={1961},
  publisher={APS}
}

@article{coleman1961recent,
  title={Recent results in the continuum theory of viscoelastic fluids},
  author={Coleman, Bernard D and Noll, Walter},
  journal={Annals of the New York Academy of Sciences},
  volume={89},
  number={4},
  pages={672--714},
  year={1961},
  publisher={Wiley Online Library}
}

@article{akerson2024learning,
  title={Learning constitutive relations from experiments: 1. PDE constrained optimization},
  author={Akerson, Andrew and Rajan, Aakila and Bhattacharya, Kaushik},
  journal={arXiv preprint arXiv:2412.02864},
  year={2024}
}

@article{fuhg2022physics,
  title={On physics-informed data-driven isotropic and anisotropic constitutive models through probabilistic machine learning and space-filling sampling},
  author={Fuhg, Jan N and Bouklas, Nikolaos},
  journal={Computer Methods in Applied Mechanics and Engineering},
  volume={394},
  pages={114915},
  year={2022},
  publisher={Elsevier}
}

@article{haghighat2023constitutive,
  title={Constitutive model characterization and discovery using physics-informed deep learning},
  author={Haghighat, Ehsan and Abouali, Sahar and Vaziri, Reza},
  journal={Engineering Applications of Artificial Intelligence},
  volume={120},
  pages={105828},
  year={2023},
  publisher={Elsevier}
}

@article{liu2021review,
  title={A review of artificial neural networks in the constitutive modeling of composite materials},
  author={Liu, Xin and Tian, Su and Tao, Fei and Yu, Wenbin},
  journal={Composites Part B: Engineering},
  volume={224},
  pages={109152},
  year={2021},
  publisher={Elsevier}
}

@article{lu2020deeponet,
      title={DeepONet: Learning nonlinear operators for identifying differential equations based on the universal approximation theorem of operators}, 
      author={Lu Lu and Pengzhan Jin and George Em Karniadakis},
      year={2020},
      eprint={1910.03193},
      archivePrefix={arXiv},
      primaryClass={cs.LG}
}

@article{kidger2020neural,
  title={Neural controlled differential equations for irregular time series},
  author={Kidger, Patrick and Morrill, James and Foster, James and Lyons, Terry},
  journal={Advances in Neural Information Processing Systems},
  volume={33},
  pages={6696--6707},
  year={2020}
}

@article{gallican2017exact,
  title={Exact asymptotic relations for the effective response of linear viscoelastic heterogeneous media},
  author={Gallican, Valentin and Brenner, Renald and Suquet, Pierre},
  journal={Comptes Rendus M{\'e}canique},
  volume={345},
  number={11},
  pages={742--751},
  year={2017},
  publisher={Elsevier}
}


@article{amirat1991some,
  title={Some results on homogenization of convection-diffusion equations},
  author={Amirat, Y and Hamdache, K and Ziani, A},
  journal={Archive for rational mechanics and analysis},
  volume={114},
  number={2},
  pages={155--178},
  year={1991},
  publisher={Springer}
}

@article{schapery1974viscoelastic,
  title={Viscoelastic behavior and analysis of composite materials},
  author={Schapery, Richard Allan},
  journal={Mechanics of composite materials},
  year={1974},
  publisher={Academic Press}
}
@article{laws1978self,
  title={Self-consistent estimates for the viscoelastic creep compliances of composite materials},
  author={Laws, N and McLaughlin, R},
  journal={Proceedings of the Royal Society of London. A. Mathematical and Physical Sciences},
  volume={359},
  number={1697},
  pages={251--273},
  year={1978},
  publisher={The Royal Society London}
}

@article{levine2021framework,
      title={A Framework for Machine Learning of Model Error in Dynamical Systems}, 
      author={Matthew E. Levine and Andrew M. Stuart},
      year={2021},
      eprint={2107.06658},
      archivePrefix={arXiv},
      primaryClass={math.DS}
}

@article{cybenko1989approximation,
  title={Approximation by superpositions of a sigmoidal function},
  author={Cybenko, George},
  journal={Mathematics of control, signals and systems},
  volume={2},
  number={4},
  pages={303--314},
  year={1989},
  publisher={Springer}
}

@article{li2020neural,
  title={Neural operator: Graph kernel network for partial differential equations},
  author={Li, Zongyi and Kovachki, Nikola and Azizzadenesheli, Kamyar and Liu, Burigede and Bhattacharya, Kaushik and Stuart, Andrew and Anandkumar, Anima},
  journal={arXiv preprint arXiv:2003.03485},
  year={2020}
  
}

@article{huang2024operator,
title={An operator learning perspective on parameter-to-observable maps}, 
author={Huang, Daniel Zhenghu and Nelsen, Nicholas H. and Trautner, Margaret},
journal={Foundations of Data Science},
year={2024}
}

@article{sun2020surrogate,
  title={Surrogate modeling for fluid flows based on physics-constrained deep learning without simulation data},
  author={Sun, Luning and Gao, Han and Pan, Shaowu and Wang, Jian-Xun},
  journal={Computer Methods in Applied Mechanics and Engineering},
  volume={361},
  pages={112732},
  year={2020},
  publisher={Elsevier}
}

@article{liu2019deep,
  title={A deep material network for multiscale topology learning and accelerated nonlinear modeling of heterogeneous materials},
  author={Liu, Zeliang and Wu, CT and Koishi, M391298807188754},
  journal={Computer Methods in Applied Mechanics and Engineering},
  volume={345},
  pages={1138--1168},
  year={2019},
  publisher={Elsevier}
}

@article{haghighat2021physics,
  title={A physics-informed deep learning framework for inversion and surrogate modeling in solid mechanics},
  author={Haghighat, Ehsan and Raissi, Maziar and Moure, Adrian and Gomez, Hector and Juanes, Ruben},
  journal={Computer Methods in Applied Mechanics and Engineering},
  volume={379},
  pages={113741},
  year={2021},
  publisher={Elsevier}
}

@article{mishra2016comparative,
  title={A comparative study on low-memory iterative solvers for FFT-based homogenization of periodic media},
  author={Mishra, Nachiketa and Vond{\v{r}}ejc, Jaroslav and Zeman, Jan},
  journal={Journal of Computational Physics},
  volume={321},
  pages={151--168},
  year={2016},
  publisher={Elsevier}
}

@article{guedes1990preprocessing,
  title={Preprocessing and postprocessing for materials based on the homogenization method with adaptive finite element methods},
  author={Guedes, Jos{\'e}Miranda and Kikuchi, Noboru},
  journal={Computer methods in applied mechanics and engineering},
  volume={83},
  number={2},
  pages={143--198},
  year={1990},
  publisher={Elsevier}
}

@article{suquet1987elements,
  title={Elements of homogenization for inelastic solid mechanics},
  author={Suquet, Pierre},
  journal={Homogenization techniques for composite media},
  volume={272},
  pages={193--278},
  year={1987},
  publisher={Springer}
}

@article{moulinec1998numerical,
  title={A numerical method for computing the overall response of nonlinear composites with complex microstructure},
  author={Moulinec, Herv{\'e} and Suquet, Pierre},
  journal={Computer methods in Applied Mechanics and Engineering},
  volume={157},
  number={1-2},
  pages={69--94},
  year={1998},
  publisher={Elsevier}
}

@article{bhattacharya2020model,
  title={Model reduction and neural networks for parametric PDEs},
  author={Bhattacharya, Kaushik and Hosseini, Bamdad and Kovachki, Nikola B and Stuart, Andrew M},
  journal={ SMAI Journal of Computational Mathematics},
  volume={7},
  pages={121-157.},
  year={2021}
}
@article{bhattacharya2024learning,
  title={Learning homogenization for elliptic operators},
  author={Bhattacharya, Kaushik and Kovachki, Nikola B and Rajan, Aakila and Stuart, Andrew M and Trautner, Margaret},
  journal={SIAM Journal on Numerical Analysis},
  volume={62},
  number={4},
  pages={1844--1873},
  year={2024},
  publisher={SIAM}
}

@article{ghavamian2019accelerating,
  title={Accelerating multiscale finite element simulations of history-dependent materials using a recurrent neural network},
  author={Ghavamian, F and Simone, A},
  journal={Computer Methods in Applied Mechanics and Engineering},
  volume={357},
  pages={112594},
  year={2019},
  publisher={Elsevier}
}

@article{bishara2023state,
  title={A state-of-the-art review on machine learning-based multiscale modeling, simulation, homogenization and design of materials},
  author={Bishara, Dana and Xie, Yuxi and Liu, Wing Kam and Li, Shaofan},
  journal={Archives of computational methods in engineering},
  volume={30},
  number={1},
  pages={191--222},
  year={2023},
  publisher={Springer}
}

@article{chen2018neural,
  title={Neural ordinary differential equations},
  author={Chen, Ricky TQ and Rubanova, Yulia and Bettencourt, Jesse and Duvenaud, David K},
  journal={Advances in neural information processing systems},
  volume={31},
  year={2018}
}

@book{liflyand2019functions,
  title={Functions of bounded variation and their Fourier transforms},
  author={Liflyand, Elijah},
  year={2019},
  publisher={Springer}
}

@article{bhattacharya2023learning,
  title={Learning Markovian homogenized models in viscoelasticity},
  author={Bhattacharya, Kaushik and Liu, Burigede and Stuart, Andrew and Trautner, Margaret},
  journal={Multiscale Modeling \& Simulation},
  volume={21},
  number={2},
  pages={641--679},
  year={2023},
  publisher={SIAM}
}

@article{dupont2019augmented,
  title={Augmented neural odes},
  author={Dupont, Emilien and Doucet, Arnaud and Teh, Yee Whye},
  journal={Advances in neural information processing systems},
  volume={32},
  year={2019}
}

@article{zhang2024iterated,
  title={Iterated learning and multiscale modeling of history-dependent architectured metamaterials},
  author={Zhang, Yupeng and Bhattacharya, Kaushik},
  journal={arXiv preprint arXiv:2402.12674},
  year={2024}
}

@article{karimi2024learning,
  title={A learning-based multiscale model for reactive flow in porous media},
  author={Karimi, Mina and Bhattacharya, Kaushik},
  journal={Water Resources Research},
  volume={60},
  number={9},
  pages={e2023WR036303},
  year={2024},
  publisher={Wiley Online Library}
}

@article{ostoja2018does,
  title={Does a fractal microstructure require a fractional viscoelastic model?},
  author={Ostoja-Starzewski, Martin and Zhang, Jun},
  journal={Fractal and Fractional},
  volume={2},
  number={1},
  pages={12},
  year={2018},
  publisher={MDPI},
  doi={10.3390/fractalfract2010012}
}

@article{jones2022neural,
  title={A neural ordinary differential equation framework for modeling inelastic stress response via internal state variables},
  author={Jones, Reese E and Frankel, Ari L and Johnson, KL},
  journal={Journal of Machine Learning for Modeling and Computing},
  volume={3},
  number={3},
  year={2022},
  publisher={Begel House Inc.}
}

@article{crystal1968hilbert,
  title={The Hilbert Transform as an Iterated Fourier Transform: Comment" The Hilbert Transform as an Iterated Laplace Transform"},
  author={Crystal, Thomas H},
  journal={IEEE Transactions on Aerospace and Electronic Systems},
  number={2},
  pages={315--315},
  year={1968},
  publisher={IEEE}
}

@article{power1980hankel,
  title={Hankel operators on Hilbert space},
  author={Power, SC},
  journal={Bulletin of the London Mathematical Society},
  volume={12},
  number={6},
  pages={422--442},
  year={1980},
  publisher={Citeseer}
}

@article{gibbs2002choosing,
  title={On choosing and bounding probability metrics},
  author={Gibbs, Alison L and Su, Francis Edward},
  journal={International statistical review},
  volume={70},
  number={3},
  pages={419--435},
  year={2002},
  publisher={Wiley Online Library}
}

@book{huber2011robust,
  title={Robust statistics},
  author={Huber, Peter J and Ronchetti, Elvezio M},
  year={2011},
  publisher={John Wiley \& Sons}
}

@book{billingsley2013convergence,
  title={Convergence of probability measures},
  author={Billingsley, Patrick},
  year={2013},
  publisher={John Wiley \& Sons}
}

@article{boyd1984analytical,
  title={Analytical foundations of Volterra series},
  author={Boyd, Stephen and Chua, Leon O and Desoer, Charles A},
  journal={IMA Journal of Mathematical Control and Information},
  volume={1},
  number={3},
  pages={243--282},
  year={1984},
  publisher={Oxford University Press}
}

@article{francfort1986homogenization,
  title={Homogenization and mechanical dissipation in thermoviscoelasticity},
  author={Francfort, Gilles A and Suquet, Pierre M},
  journal={Archive for Rational Mechanics and Analysis},
  volume={96},
  number={3},
  pages={265--293},
  year={1986},
  publisher={Springer-Verlag}
}

@book{pavliotis2008multiscale,
  title={Multiscale methods: averaging and homogenization},
  author={Pavliotis, Grigoris and Stuart, Andrew},
  year={2008},
  publisher={Springer Science \& Business Media}
}

@article{ghosh2001multi,
  title={A multi-level computational model for multi-scale damage analysis in composite and porous materials},
  author={Ghosh, Somnath and Lee, Kyunghoon and Raghavan, Prasanna},
  journal={International journal of solids and structures},
  volume={38},
  number={14},
  pages={2335--2385},
  year={2001},
  publisher={Elsevier}
}


@book{bensoussan2011asymptotic,
  title={Asymptotic analysis for periodic structures},
  author={Bensoussan, Alain and Lions, Jacques-Louis and Papanicolaou, George},
  volume={374},
  year={2011},
  publisher={American Mathematical Soc.}
}

@article{fuhg2024review,
  title={A review on data-driven constitutive laws for solids},
  author={Fuhg, Jan N and Anantha Padmanabha, Govinda and Bouklas, Nikolaos and Bahmani, Bahador and Sun, WaiChing and Vlassis, Nikolaos N and Flaschel, Moritz and Carrara, Pietro and De Lorenzis, Laura},
  journal={Archives of Computational Methods in Engineering},
  pages={1--43},
  year={2024},
  publisher={Springer}
}

@article{liu2022learning,
  title={A learning-based multiscale method and its application to inelastic impact problems},
  author={Liu, Burigede and Kovachki, Nikola and Li, Zongyi and Azizzadenesheli, Kamyar and Anandkumar, Anima and Stuart, Andrew M and Bhattacharya, Kaushik},
  journal={Journal of the Mechanics and Physics of Solids},
  volume={158},
  pages={104668},
  year={2022},
  publisher={Elsevier}
}

@book{blanc2023homogenization,
  title={Homogenization Theory for Multiscale Problems: An Introduction},
  author={Blanc, Xavier and Le Bris, Claude},
  volume={21},
  year={2023},
  publisher={Springer Nature}
}


@book{fish2010multiscale,
  title={Multiscale methods: bridging the scales in science and engineering},
  author={Fish, Jacob},
  year={2010},
  publisher={Oxford University Press on Demand}
}

@article{van2020roadmap,
  title={Roadmap on multiscale materials modeling},
  author={Van Der Giessen, Erik and Schultz, Peter A and Bertin, Nicolas and Bulatov, Vasily V and Cai, Wei and Cs{\'a}nyi, G{\'a}bor and Foiles, Stephen M and Geers, Marc GD and Gonz{\'a}lez, Carlos and H{\"u}tter, Markus and others},
  journal={Modelling and Simulation in Materials Science and Engineering},
  volume={28},
  number={4},
  pages={043001},
  year={2020},
  publisher={IOP Publishing}
}

@book{weinan2011principles,
  title={Principles of multiscale modeling},
  author={Weinan, E},
  year={2011},
  publisher={Cambridge University Press}
}

@book{fish2010multiscale,
  title={Multiscale methods: bridging the scales in science and engineering},
  author={Fish, Jacob},
  year={2010},
  publisher={Oxford University Press on Demand}
}

@article{smit1998prediction,
  title={Prediction of the mechanical behavior of nonlinear heterogeneous systems by multi-level finite element modeling},
  author={Smit, Robert JM and Brekelmans, WA Marcel and Meijer, Han EH},
  journal={Computer methods in applied mechanics and engineering},
  volume={155},
  number={1-2},
  pages={181--192},
  year={1998},
  publisher={Elsevier}
}

@book{phillips2001crystals,
  title={Crystals, defects and microstructures: modeling across scales},
  author={Phillips, Rob and Rob, Phillips},
  year={2001},
  publisher={Cambridge University Press}
}

@article{barton2011multiscale,
  title={A multiscale strength model for extreme loading conditions},
  author={Barton, Nathan R and Bernier, Joel V and Becker, Robert and Arsenlis, Athanasios and Cavallo, Robert and Marian, Jaime and Rhee, Moono and Park, H-S and Remington, Bruce A and Olson, RT},
  journal={Journal of applied physics},
  volume={109},
  number={7},
  pages={073501},
  year={2011},
  publisher={American Institute of Physics}
}
@article{feyel2000fe2,
  title={FE2 multiscale approach for modelling the elastoviscoplastic behaviour of long fibre SiC/Ti composite materials},
  author={Feyel, Fr{\'e}d{\'e}ric and Chaboche, Jean-Louis},
  journal={Computer methods in applied mechanics and engineering},
  volume={183},
  number={3-4},
  pages={309--330},
  year={2000},
  publisher={Elsevier}
}

@article{chen1995universal,
  title={Universal approximation to nonlinear operators by neural networks with arbitrary activation functions and its application to dynamical systems},
  author={Chen, Tianping and Chen, Hong},
  journal={IEEE Transactions on Neural Networks},
  volume={6},
  number={4},
  pages={911--917},
  year={1995},
  publisher={IEEE}
}
@article{peherstorfer2016data,
  title={Data-driven operator inference for nonintrusive projection-based model reduction},
  author={Peherstorfer, Benjamin and Willcox, Karen},
  journal={Computer Methods in Applied Mechanics and Engineering},
  volume={306},
  pages={196--215},
  year={2016},
  publisher={Elsevier}
}
@article{qian2020lift,
  title={Lift \& Learn: Physics-informed machine learning for large-scale nonlinear dynamical systems},
  author={Qian, Elizabeth and Kramer, Boris and Peherstorfer, Benjamin and Willcox, Karen},
  journal={Physica D: Nonlinear Phenomena},
  volume={406},
  pages={132401},
  year={2020},
  publisher={Elsevier}
}

@article{raissi2019physics,
  title={Physics-informed neural networks: A deep learning framework for solving forward and inverse problems involving nonlinear partial differential equations},
  author={Raissi, Maziar and Perdikaris, Paris and Karniadakis, George E},
  journal={Journal of Computational physics},
  volume={378},
  pages={686--707},
  year={2019},
  publisher={Elsevier}
}

@article{dockhorn2019discussion,
  title={A discussion on solving partial differential equations using neural networks},
  author={Dockhorn, Tim},
  journal={arXiv preprint arXiv:1904.07200},
  year={2019}
}



@article{feyel1999multiscale,
  title={Multiscale FE2 elastoviscoplastic analysis of composite structures},
  author={Feyel, Fr{\'e}d{\'e}ric},
  journal={Computational Materials Science},
  volume={16},
  number={1-4},
  pages={344--354},
  year={1999},
  publisher={Elsevier}
}
@book{gonzalez2008first,
  title={A first course in continuum mechanics},
  author={Gonzalez, Oscar and Stuart, Andrew M},
  volume={42},
  year={2008},
  publisher={Cambridge University Press}
}

@article{fish1999computational,
  title={Computational damage mechanics for composite materials based on mathematical homogenization},
  author={Fish, Jacob and Yu, Qing and Shek, Kamlun},
  journal={International journal for numerical methods in engineering},
  volume={45},
  number={11},
  pages={1657--1679},
  year={1999},
  publisher={Wiley Online Library}
}


@article{fish1997computational,
  title={Computational plasticity for composite structures based on mathematical homogenization: Theory and practice},
  author={Fish, Jacob and Shek, Kamlun and Pandheeradi, Muralidharan and Shephard, Mark S},
  journal={Computer methods in applied mechanics and engineering},
  volume={148},
  number={1-2},
  pages={53--73},
  year={1997},
  publisher={Elsevier}
}

@article{otero2018multiscale,
  title={Multiscale computational homogenization: review and proposal of a new enhanced-first-order method},
  author={Otero, Fermin and Oller, Sergio and Martinez, Xavier},
  journal={Archives of Computational Methods in Engineering},
  volume={25},
  number={2},
  pages={479--505},
  year={2018},
  publisher={Springer}
}

@article{otero2018multiscale,
  title={Multiscale computational homogenization: review and proposal of a new enhanced-first-order method},
  author={Otero, Fermin and Oller, Sergio and Martinez, Xavier},
  journal={Archives of Computational Methods in Engineering},
  volume={25},
  number={2},
  pages={479--505},
  year={2018},
  publisher={Springer}
}

@article{mozaffar2019deep,
  title={Deep learning predicts path-dependent plasticity},
  author={Mozaffar, M and Bostanabad, R and Chen, W and Ehmann, K and Cao, Jian and Bessa, MA},
  journal={Proceedings of the National Academy of Sciences},
  volume={116},
  number={52},
  pages={26414--26420},
  year={2019},
  publisher={National Acad Sciences}
}

@article{liu2021hierarchical,
  title={Hierarchical multiscale quantification of material uncertainty},
  author={Liu, Burigede and Sun, Xingsheng and Bhattacharya, Kaushik and Ortiz, Michael},
  journal={Journal of the Mechanics and Physics of Solids},
  volume={153},
  pages={104492},
  year={2021},
  publisher={Elsevier}
}

@article{meidav1964viscoelastic,
  title={Viscoelastic properties of the standard linear solid},
  author={Meidav, Tsvi},
  journal={Geophysical Prospecting},
  volume={12},
  number={1},
  pages={80--99},
  year={1964},
  publisher={European Association of Geoscientists \& Engineers}
}

@article{dafermos1970abstract,
  title={An abstract {Volterra} equation with applications to linear viscoelasticity},
  author={Dafermos, Constantine M},
  journal={Journal of Differential Equations},
  volume={7},
  number={3},
  pages={554--569},
  year={1970},
  publisher={Elsevier}
}
@article{appleby2006exponential,
  title={On exponential asymptotic stability in linear viscoelasticity},
  author={Appleby, John AD and Fabrizio, Mauro and Lazzari, Barbara and Reynolds, David W},
  journal={Mathematical Models and Methods in Applied Sciences},
  volume={16},
  number={10},
  pages={1677--1694},
  year={2006},
  publisher={World Scientific}
}

@article{smit1998prediction,
  title={Prediction of the mechanical behavior of nonlinear heterogeneous systems by multi-level finite element modeling},
  author={Smit, Robert JM and Brekelmans, WA Marcel and Meijer, Han EH},
  journal={Computer methods in applied mechanics and engineering},
  volume={155},
  number={1-2},
  pages={181--192},
  year={1998},
  publisher={Elsevier}
}

@book{simo2006computational,
  title={Computational inelasticity},
  author={Simo, Juan C and Hughes, Thomas JR},
  volume={7},
  year={2006},
  publisher={Springer Science \& Business Media}
}

@article{simo1998numerical,
  title={Numerical analysis and simulation of plasticity},
  author={Simo, Juan C},
  journal={Handbook of numerical analysis},
  volume={6},
  pages={183--499},
  year={1998},
  publisher={Elsevier}
}

@inproceedings{as2022mechanics,
  title={A Mechanics-Informed Artificial Neural Network Approach in Data-Driven Constitutive Modeling},
  author={As'ad, Faisal and Avery, Philip and Farhat, Charbel},
  booktitle={AIAA Scitech 2022 Forum},
  pages={0100},
  year={2022}
}

@article{rice1971inelastic,
  title={Inelastic constitutive relations for solids: an internal-variable theory and its application to metal plasticity},
  author={Rice, James R},
  journal={Journal of the Mechanics and Physics of Solids},
  volume={19},
  number={6},
  pages={433--455},
  year={1971},
  publisher={Elsevier}
}

@article{kang2021ident,
  title={Ident: Identifying differential equations with numerical time evolution},
  author={Kang, Sung Ha and Liao, Wenjing and Liu, Yingjie},
  journal={Journal of Scientific Computing},
  volume={87},
  number={1},
  pages={1--27},
  year={2021},
  publisher={Springer}
}

@article{he2022robust,
  title={Robust Identification of Differential Equations by Numerical Techniques from a Single Set of Noisy Observation},
  author={He, Yuchen and Kang, Sung-Ha and Liao, Wenjing and Liu, Hao and Liu, Yingjie},
  journal={SIAM Journal on Scientific Computing},
  volume={44},
  number={3},
  pages={A1145--A1175},
  year={2022},
  publisher={SIAM}
}

@book{gurtin_cont_mech,
      author = "Gurtin, Morton E and Fried, Eliot and Anand, Lallit",
      title = "{The Mechanics and Thermodynamics of Continua}",
      publisher = "Cambridge University Press",
      address       = "Cambridge",
      year          = "2010"
      }

@book{spencer_cont_mech,
author = {Spencer, A.J.M.},
title = "Continuum Mechanics",
publisher={Longman Group U.K.},
address ={Essex},
year=1980
}

@book{christensen_visco,
author={Christensen, Richard C.},
title={Theory of Viscoelasticity},
publisher={Academic Press},
year={1982}
}

@book{lakes_visco,
author={Lakes, Roderic S.},
title={Viscoelastic Solids},
publisher={C.R.C Press},
year={1998}
}
@book{cioranescu_donato,
author = {Cioranescu, Doina and Donato, Patrizia},
year = {1999},
title = {An Introduction to Homogenization},
publisher ={Oxford University Press},
address={Oxford}
}

@book{milton_book,
  author =  "Milton, Graeme W.",
  title =  "The Theory of Composites",
  publisher =    "Cambridge University Press",
  address =      "Cambridge",
  year = 2002
}

@article{tartar_1990, 
title={Memory effects and homogenization}, 
volume={111}, 
journal={Archive for Rational Mechanics and Analysis},  author={Tartar, Luc}, 
year={1990}, pages={121–133}}

@book{tadmor,
author={Tadmor, Ellad B.},
title={Modeling Materials: Continuum, Atomistic and Multiscale Techniques},
publisher={Cambridge University Press},
year={2012}
}

@article{moulinec_review,
author={Moulinec, H. and Suqeut, P. and Milton, G.},
year={2018}, 
title={Convergence of iterative methods based on Neumann series for composite materials: Theory and practice},
journal={International Journal of Numerical Methods in Engineering}, 
volume={114}, 
pages={1103–1130}
}

@article{mishra_review,
author = {Mishra, N. and  Vondřejc, J. and  Zeman, J.}, 
year={2016}, 
title={A comparative study on low-memory iterative solvers for FFT-based homogenization of periodic media},
journal={Journal of Computational Physics},
volume={321},
pages={151–168}
}

@article{wu_rnn,
author={Wu, L. and N.G. Kilingar and L. Noels},
title={A recurrent neural network-accelerated multi-scale model for elasto-plastic heterogeneous materials subjected to random cyclic and non-proportional loading paths},
journal={Computer Methods in Applied Mechanics and Engineering},
volume={369},
pages={113234},
year={2020}
}

@article{sanchez1987homogenization,
  title={Homogenization techniques for composite media},
  author={Sanchez-Palencia, Enrique and Zaoui, Andr{\'e}},
  journal={Homogenization techniques for composite media},
  volume={272},
  year={1987}
}

@misc{billington1982physics,
  title={The Physics of Deformation and Flow},
  author={Billington, EW and Tate, A and Williams, WO},
  year={1982},
  publisher={American Institute of Physics}
}

@article{horstemeyer2010historical,
  title={Historical review of internal state variable theory for inelasticity},
  author={Horstemeyer, Mark F and Bammann, Douglas J},
  journal={International Journal of Plasticity},
  volume={26},
  number={9},
  pages={1310--1334},
  year={2010},
  publisher={Elsevier}
}

@article{haghighat2022constitutive,
  title={Constitutive model characterization and discovery using physics-informed deep learning},
  author={Haghighat, Ehsan and Abouali, Sahar and Vaziri, Reza},
  journal={arXiv preprint arXiv:2203.09789},
  year={2022}
}

@article{liu2023learning,
  title={Learning macroscopic internal variables and history dependence from microscopic models},
  author={Liu, Burigede and Ocegueda, Eric and Trautner, Margaret and Stuart, Andrew M and Bhattacharya, Kaushik},
  journal={Journal of the Mechanics and Physics of Solids},
  pages={105329},
  year={2023},
  publisher={Elsevier}
}

@article{eggersmann2019model,
  title={Model-free data-driven inelasticity},
  author={Eggersmann, Robert and Kirchdoerfer, Trenton and Reese, Stefanie and Stainier, Laurent and Ortiz, Michael},
  journal={Computer Methods in Applied Mechanics and Engineering},
  volume={350},
  pages={81--99},
  year={2019},
  publisher={Elsevier}
}

@article{gorski2007biconvex,
  title={Biconvex sets and optimization with biconvex functions: a survey and extensions},
  author={Gorski, Jochen and Pfeuffer, Frank and Klamroth, Kathrin},
  journal={Mathematical methods of operations research},
  volume={66},
  pages={373--407},
  year={2007},
  publisher={Springer}
}
@article{banach1925lignes,
  title={Sur les lignes rectifiables et les surfaces dont l'aire est finie},
  author={Banach, Stefan},
  journal={Fundamenta Mathematicae},
  volume={7},
  pages={225--236},
  year={1925},
  publisher={Instytut Matematyczny Polskiej Akademii Nauk}
}

@article{shanbhag2023computer,
  title={A computer program for interconversion between creep compliance and stress relaxation},
  author={Shanbhag, Sachin},
  journal={Journal of Rheology},
  volume={67},
  number={5},
  pages={965--975},
  year={2023},
  publisher={AIP Publishing}
}

@article{nikonov2005determination,
  title={The determination of creep and relaxation functions from a single experiment},
  author={Nikonov, A and Davies, Arthur Russell and Emri, Igor},
  journal={Journal of Rheology},
  volume={49},
  number={6},
  pages={1193--1211},
  year={2005},
  publisher={AIP Publishing}
}

@article{serra2019viscoelastic,
  title={Viscoelastic models revisited: characteristics and interconversion formulas for generalized Kelvin--Voigt and Maxwell models},
  author={Serra-Aguila, A and Puigoriol-Forcada, JM and Reyes, G and Menacho, J},
  journal={Acta Mechanica Sinica},
  volume={35},
  pages={1191--1209},
  year={2019},
  publisher={Springer}
}

@article{kim2024experimental,
  title={Experimental validation for the interconversion between generalized Kelvin--Voigt and Maxwell models using human skin tissues},
  author={Kim, Jeong Hee and Yang, Daejong and Park, Seungman},
  journal={Journal of Biomechanics},
  volume={162},
  pages={111908},
  year={2024},
  publisher={Elsevier}
}

@article{kraus2017parameter,
  title={Parameter identification methods for visco-and hyperelastic material models},
  author={Kraus, Michael A and Schuster, Miriam and Kuntsche, Johannes and Siebert, Geralt and Schneider, Jens},
  journal={Glass Structures \& Engineering},
  volume={2},
  number={2},
  pages={147--167},
  year={2017},
  publisher={Springer}
}

@book{zohdi2008introduction,
  title={An introduction to computational micromechanics},
  author={Zohdi, Tarek I and Wriggers, Peter},
  year={2008},
  publisher={Springer Science \& Business Media}
}

@article{kozlov1980averaging,
  title={Averaging of random operators},
  author={Kozlov, Sergei Mikhailovich},
  journal={Sbornik: Mathematics},
  volume={37},
  number={2},
  pages={167--180},
  year={1980}
}