@article{Jireh2022BBB,
  title={Bayesian Causal Bandits with Backdoor Adjustment Prior},
  author={Huang, Jireh and Zhou, Qing},
  journal={Transactions on Machine Learning Research},
  year={2022}
}

@inproceedings{dekroon2022causal,
  title={Causal bandits without prior knowledge using separating sets},
  author={De Kroon, Arnoud and Mooij, Joris and Belgrave, Danielle},
  booktitle={Conference on Causal Learning and Reasoning},
  pages={407--427},
  year={2022},
  organization={PMLR}
}

@article{lu2021causal,
  title={Causal bandits with unknown graph structure},
  author={Lu, Yangyi and Meisami, Amirhossein and Tewari, Ambuj},
  journal={Advances in Neural Information Processing Systems},
  volume={34},
  pages={24817--24828},
  year={2021}
}

