@article{auer2002MAB,
  title={Finite-time analysis of the multiarmed bandit problem},
  author={Auer, Peter and Cesa-Bianchi, Nicolo and Fischer, Paul},
  journal={Machine learning},
  volume={47},
  pages={235--256},
  year={2002},
  publisher={Springer}
}

@article{russo2014learning,
  title={Learning to optimize via posterior sampling},
  author={Russo, Daniel and Van Roy, Benjamin},
  journal={Mathematics of Operations Research},
  volume={39},
  number={4},
  pages={1221--1243},
  year={2014},
  publisher={INFORMS}
}

@article{Jireh2022BBB,
  title={Bayesian Causal Bandits with Backdoor Adjustment Prior},
  author={Huang, Jireh and Zhou, Qing},
  journal={Transactions on Machine Learning Research},
  year={2022}
}

@inproceedings{de2022causal,
  title={Causal bandits without prior knowledge using separating sets},
  author={De Kroon, Arnoud and Mooij, Joris and Belgrave, Danielle},
  booktitle={Conference on Causal Learning and Reasoning},
  pages={407--427},
  year={2022},
  organization={PMLR}
}

@article{thompson1933,
  title={On the likelihood that one unknown probability exceeds another in view of the evidence of two samples},
  author={Thompson, William R},
  journal={Biometrika},
  volume={25},
  number={3-4},
  pages={285--294},
  year={1933},
  publisher={Oxford University Press}
}

@inproceedings{dani2008stochastic,
  title={Stochastic Linear Optimization under Bandit Feedback},
  author={Varsha Dani and Thomas P. Hayes and Sham M. Kakade},
  booktitle={Annual Conference Computational Learning Theory},
  year={2008}
}


@article{cesa2012combinatorial,
  title={Combinatorial bandits},
  author={Cesa-Bianchi, Nicolo and Lugosi, G{\'a}bor},
  journal={Journal of Computer and System Sciences},
  volume={78},
  number={5},
  pages={1404--1422},
  year={2012},
  publisher={Elsevier}
}

@article{lattimore2016causal,
  title={Causal bandits: Learning good interventions via causal inference},
  author={Lattimore, Finnian and Lattimore, Tor and Reid, Mark D},
  journal={Advances in neural information processing systems},
  volume={29},
  year={2016}
}

@inproceedings{sen2017identifying,
  title={Identifying best interventions through online importance sampling},
  author={Sen, Rajat and Shanmugam, Karthikeyan and Dimakis, Alexandros G and Shakkottai, Sanjay},
  booktitle={International Conference on Machine Learning},
  pages={3057--3066},
  year={2017},
  organization={PMLR}
}

@inproceedings{yabe2018causal,
  title={Causal bandits with propagating inference},
  author={Yabe, Akihiro and Hatano, Daisuke and Sumita, Hanna and Ito, Shinji and Kakimura, Naonori and Fukunaga, Takuro and Kawarabayashi, Ken-ichi},
  booktitle={International Conference on Machine Learning},
  pages={5512--5520},
  year={2018},
  organization={PMLR}
}

@article{lee2018structural,
  title={Structural causal bandits: Where to intervene?},
  author={Lee, Sanghack and Bareinboim, Elias},
  journal={Advances in neural information processing systems},
  volume={31},
  year={2018}
}

@inproceedings{maiti2022causal,
  title={A causal bandit approach to learning good atomic interventions in presence of unobserved confounders},
  author={Maiti, Aurghya and Nair, Vineet and Sinha, Gaurav},
  booktitle={Uncertainty in Artificial Intelligence},
  pages={1328--1338},
  year={2022},
  organization={PMLR}
}

@inproceedings{nair2020budgeted,
  title={Budgeted and non-budgeted causal bandits},
  author={Nair, Vineet and Patil, Vishakha and Sinha, Gaurav},
  booktitle={International Conference on Artificial Intelligence and Statistics},
  pages={2017--2025},
  year={2021},
  organization={PMLR}
}

@inproceedings{lu2020regret,
  title={Regret analysis of bandit problems with causal background knowledge},
  author={Lu, Yangyi and Meisami, Amirhossein and Tewari, Ambuj and Yan, William},
  booktitle={Conference on Uncertainty in Artificial Intelligence},
  pages={141--150},
  year={2020},
  organization={PMLR}
}

@article{lu2021causal,
  title={Causal bandits with unknown graph structure},
  author={Lu, Yangyi and Meisami, Amirhossein and Tewari, Ambuj},
  journal={Advances in Neural Information Processing Systems},
  volume={34},
  pages={24817--24828},
  year={2021}
}

@inproceedings{dekroon2022causal,
  title={Causal bandits without prior knowledge using separating sets},
  author={De Kroon, Arnoud and Mooij, Joris and Belgrave, Danielle},
  booktitle={Conference on Causal Learning and Reasoning},
  pages={407--427},
  year={2022},
  organization={PMLR}
}


@book{pearl2009causality,
author = {Judea Pearl},
publisher = {Cambridge University Press},
title = {Causality: Models, Reasoning and Inference},
year = {2009}
}



@article{berry1985bandit,
  title={Bandit problems: sequential allocation of experiments (Monographs on statistics and applied probability)},
  author={Berry, Donald A and Fristedt, Bert},
  journal={London: Chapman and Hall},
  volume={5},
  number={71-87},
  pages={7--7},
  year={1985},
  publisher={Springer}
}

@article{laurent2000adaptive,
  title={Adaptive estimation of a quadratic functional by model selection},
  author={Laurent, Beatrice and Massart, Pascal},
  journal={Annals of statistics},
  pages={1302--1338},
  year={2000},
  publisher={JSTOR}
}

@book{wainwright2019high,
  title={High-dimensional statistics: A non-asymptotic viewpoint},
  author={Wainwright, Martin J},
  volume={48},
  year={2019},
  publisher={Cambridge university press}
}

@article{spirtes1991algorithm,
  title={An algorithm for fast recovery of sparse causal graphs},
  author={Spirtes, Peter and Glymour, Clark},
  journal={Social science computer review},
  volume={9},
  number={1},
  pages={62--72},
  year={1991},
  publisher={Sage Publications Sage CA: Thousand Oaks, CA}
}