@ARTICLE{10124081,
  author={Shen, Han and Zhang, Kaiqing and Hong, Mingyi and Chen, Tianyi},
  journal={IEEE Transactions on Signal Processing}, 
  title={Towards Understanding Asynchronous Advantage Actor-Critic: Convergence and Linear Speedup}, 
  year={2023},
  volume={71},
  number={},
  pages={2579-2594},
  keywords={Convergence;Complexity theory;Signal processing algorithms;Optimization;Training;Parallel processing;Markov processes;Reinforcement learning;policy gradient;actor critic;asynchronous parallel method},
  doi={10.1109/TSP.2023.3268475}}

@article{assran2019gossip,
  title={Gossip-based actor-learner architectures for deep reinforcement learning},
  author={Assran, Mahmoud and Romoff, Joshua and Ballas, Nicolas and Pineau, Joelle and Rabbat, Michael},
  journal={Advances in Neural Information Processing Systems},
  volume={32},
  year={2019}
}

@inproceedings{espeholt2018impala,
  title={Impala: Scalable distributed deep-rl with importance weighted actor-learner architectures},
  author={Espeholt, Lasse and Soyer, Hubert and Munos, Remi and Simonyan, Karen and Mnih, Vlad and Ward, Tom and Doron, Yotam and Firoiu, Vlad and Harley, Tim and Dunning, Iain and others},
  booktitle={International conference on machine learning},
  pages={1407--1416},
  year={2018},
  organization={PMLR}
}

@article{espeholt2019seed,
  title={Seed rl: Scalable and efficient deep-rl with accelerated central inference},
  author={Espeholt, Lasse and Marinier, Rapha{\"e}l and Stanczyk, Piotr and Wang, Ke and Michalski, Marcin},
  journal={arXiv preprint arXiv:1910.06591},
  year={2019}
}

@article{horgan2018distributed,
  title={Distributed prioritized experience replay},
  author={Horgan, Dan and Quan, John and Budden, David and Barth-Maron, Gabriel and Hessel, Matteo and Van Hasselt, Hado and Silver, David},
  journal={arXiv preprint arXiv:1803.00933},
  year={2018}
}

@inproceedings{liang2018rllib,
  title={RLlib: Abstractions for distributed reinforcement learning},
  author={Liang, Eric and Liaw, Richard and Nishihara, Robert and Moritz, Philipp and Fox, Roy and Goldberg, Ken and Gonzalez, Joseph and Jordan, Michael and Stoica, Ion},
  booktitle={International conference on machine learning},
  pages={3053--3062},
  year={2018},
  organization={PMLR}
}

@article{mei2023srl,
  title={SRL: Scaling Distributed Reinforcement Learning to Over Ten Thousand Cores},
  author={Mei, Zhiyu and Fu, Wei and Gao, Jiaxuan and Wang, Guangju and Zhang, Huanchen and Wu, Yi},
  journal={arXiv preprint arXiv:2306.16688},
  year={2023}
}

@inproceedings{mnih2016asynchronous,
  title={Asynchronous methods for deep reinforcement learning},
  author={Mnih, Volodymyr and Badia, Adria Puigdomenech and Mirza, Mehdi and Graves, Alex and Lillicrap, Timothy and Harley, Tim and Silver, David and Kavukcuoglu, Koray},
  booktitle={International conference on machine learning},
  pages={1928--1937},
  year={2016},
  organization={PMLR}
}

@article{nair2015massively,
  title={Massively parallel methods for deep reinforcement learning},
  author={Nair, Arun and Srinivasan, Praveen and Blackwell, Sam and Alcicek, Cagdas and Fearon, Rory and De Maria, Alessandro and Panneershelvam, Vedavyas and Suleyman, Mustafa and Beattie, Charles and Petersen, Stig and others},
  journal={arXiv preprint arXiv:1507.04296},
  year={2015}
}

@inproceedings{pan2022optimizing,
  title={Optimizing communication in deep reinforcement learning with xingtian},
  author={Pan, Lichen and Qian, Jun and Xia, Wei and Mao, Hangyu and Yao, Jun and Li, Pengze and Xiao, Zhen},
  booktitle={Proceedings of the 23rd ACM/IFIP International Middleware Conference},
  pages={255--268},
  year={2022}
}

@inproceedings{petrenko2020sample,
  title={Sample factory: Egocentric 3d control from pixels at 100000 fps with asynchronous reinforcement learning},
  author={Petrenko, Aleksei and Huang, Zhehui and Kumar, Tushar and Sukhatme, Gaurav and Koltun, Vladlen},
  booktitle={International Conference on Machine Learning},
  pages={7652--7662},
  year={2020},
  organization={PMLR}
}

@article{recht2011hogwild,
  title={Hogwild!: A lock-free approach to parallelizing stochastic gradient descent},
  author={Recht, Benjamin and Re, Christopher and Wright, Stephen and Niu, Feng},
  journal={Advances in neural information processing systems},
  volume={24},
  year={2011}
}

@article{schaul2015prioritized,
  title={Prioritized experience replay},
  author={Schaul, Tom and Quan, John and Antonoglou, Ioannis and Silver, David},
  journal={arXiv preprint arXiv:1511.05952},
  year={2015}
}

@article{sutton1988learning,
  title={Learning to predict by the methods of temporal differences},
  author={Sutton, Richard S},
  journal={Machine learning},
  volume={3},
  pages={9--44},
  year={1988},
  publisher={Springer}
}

@inproceedings{zhu2023msrl,
  title={$\{$MSRL$\}$: Distributed Reinforcement Learning with Dataflow Fragments},
  author={Zhu, Huanzhou and Zhao, Bo and Chen, Gang and Chen, Weifeng and Chen, Yijie and Shi, Liang and Yang, Yaodong and Pietzuch, Peter and Chen, Lei},
  booktitle={2023 USENIX Annual Technical Conference (USENIX ATC 23)},
  pages={977--993},
  year={2023}
}

