@article{Bakhtin2022_cicero,
    author = {{Meta Fundamental AI Research Diplomacy Team (FAIR)}},
    title = {Human-level play in the game of Diplomacy by combining language models with strategic reasoning},
    journal = {Science},
    volume = {378},
    number = {6624},
    pages = {1067-1074},
    year = {2022}
}

@article{Breum2024_PersuasivePowerOfLLMs,
	title={The Persuasive Power of Large Language Models},
	volume={18},
	number={1},
	journal={Proceedings of AAAI Conference on Web and Social Media},
	author={Breum,
	Simon Martin and et al.},
	year={2024},
	pages={152-163}
}

@misc{Chi2024_AmongAgents,
    title={{A}MONG{A}GENTS: Evaluating Large Language Models in the Interactive Text-Based Social Deduction Game}, 
    author={Yizhou Chi and et al.},
    year={2024},
    note={arxiv: 2407.16521}
}

@book{Cialdini2008_Influence,
    author = {Robert Cialdini},
    title = {Influence: The Psychology of Persuasion},
    publisher = {Harper Business},
    year = 2006,
}

@article{Deri2018_CapturingSocialTies,
    author = {Deri, Sebastian and et al.},
    title = {Coloring in the Links: Capturing Social Ties as They are Perceived},
    year = {2018},
    volume = {2},
    journal = {Proc. ACM Hum.-Comput. Interact.},
    articleno = {43}
}

@inproceedings{Jin2024_PersuadingAcrossDiverseDomains,
    title = "Persuading across Diverse Domains: a Dataset and Persuasion Large Language Model",
    author = "Jin, Chuhao and et al.",
    booktitle = "Proceedings of ACL 2024",
    year = "2024",
    pages = "1678--1706",
}

@inproceedings{Lan2024_avalonCollaborationAndConfrontation,
    title = "{LLM}-Based Agent Society Investigation: Collaboration and Confrontation in Avalon Gameplay",
    author = "Lan, Yihuai  and et al.",
    booktitle = "Proceedings of the 2024 Conference on Empirical Methods in Natural Language Processing",
    year = "2024",
    pages = "128--145",
}

@Article{Park2024_AIDeception,
    author={Park, Peter S. and et al.},
    title={{AI} deception: A survey of examples, risks, and potential solutions},
    journal={Patterns},
    year={2024},
    month={May},
    day={10},
    publisher={Elsevier},
    volume={5},
    number={5},
    issn={2666-3899},
}

@inproceedings{Wang2019_persuasionForGood,
    title = "Persuasion for Good: Towards a Personalized Persuasive Dialogue System for Social Good",
    author = "Wang, Xuewei  and et al.",
    booktitle = "Proceedings of ACL 2019",
    year = "2019",
    pages = "5635--5649",
}

@misc{Wang2024_VoyagerMinecraft,
    title={Voyager: An Open-Ended Embodied Agent with Large Language Models},
    author={Guanzhi Wang and et al.},
    note={arxiv: 2305.16291},
    year={2024},
}

@misc{avalon,
      title={Avalon's Game of Thoughts: Battle Against Deception through Recursive Contemplation}, 
      author={Shenzhi Wang and et al.},
      year={2023},
      note={arxiv: 2310.01320}
}

@misc{cradle,
      title={Cradle: Empowering Foundation Agents Towards General Computer Control}, 
      author={Weihao Tan and et al.},
      year={2024},
      note={arXiv: 2403.03186}
}

@misc{hoodwinked,
      title={Hoodwinked: Deception and Cooperation in a Text-Based Game for Language Models}, 
      author={Aidan O'Gara},
      year={2023},
      note={arXiv: 2308.01404}
}

@misc{hu2024survey,
      title={A Survey on Large Language Model-Based Game Agents}, 
      author={Sihao Hu and et al.},
      year={2024},
      note={arXiv: 2404.02039}
}

@misc{rogiers2024,
      title={Persuasion with Large Language Models: a Survey}, 
      author={Alexander Rogiers and et al.},
      year={2024},
      note={arXiv: 2411.06837}
}

@inproceedings{wongkamjan2024_ciceroDiplomacy,
    title = "More Victories, Less Cooperation: Assessing Cicero{'}s Diplomacy Play",
    author = "Wongkamjan, Wichayaporn  and et al.",
    booktitle = "Proceedings of ACL 2024",
    year = "2024",
    pages = "12423--12441"
}

