@book{aristotle_rhetoric,
  title={Rhetoric},
  author={Aristotle},
  publisher={Dover Publications},
  
  year={2004}
}

@book{dillard_persuasion_handbook,
  title={The Persuasion Handbook: Developments in Theory and Practice},
  author={Dillard, J. P. and Pfau, M.},
  year={2002},
  publisher={SAGE Publications}
}

@book{hovland_communication_persuasion,
  title={Communication and Persuasion: Psychological Studies of Opinion Change},
  author={Hovland, C. I. and et al.},
  year={1953},
  publisher={Yale University Press}
}

@article{kunda_motivated_reasoning,
  title={The case for motivated reasoning.},
  author={Kunda, Ziva},
  journal={Psychol. Bull.},
  volume={108},
  number={3},
  pages={480},
  year={1990}
}

@article{walton_burden_proof,
  title={Burden of Proof},
  author={Walton, D. N.},
  journal={Argumentation},
  volume={2},
  pages={233--254},
  year={1988}
}

@article{asch_conformity_studies,
  title={Studies of Independence and Conformity: A Minority of One Against a Unanimous Majority},
  author={Asch, S. E.},
  journal={Psych. Monographs: General and Applied},
  volume={70},
  number={9},
  pages={1--70},
  year={1956}
}

@article{mccornack_information_manipulation,
  title={Information Manipulation Theory},
  author={McCornack, S. A.},
  journal={Communication Monographs},
  volume={59},
  number={1},
  pages={1--16},
  year={1992}
}

@article{marks_false_consensus_effect,
  title={Ten Years of Research on the False-Consensus Effect: An Empirical and Theoretical Review},
  author={Marks, G. and Miller, N.},
  journal={Psychol. Bull.},
  volume={102},
  number={1},
  pages={72--90},
  year={1987}
}

@article{lerner_time_pressure,
  title={Accounting for the Effects of Accountability},
  author={Lerner, J. S. and Tetlock, P. E.},
  journal={Psychol. Bull.},
  volume={125},
  number={2},
  pages={255--275},
  year={1999}
}

@article{abramson_learned_helplessness,
  title={Learned Helplessness in Humans: Critique and Reformulation},
  author={Abramson, L. Y. and et al.},
  journal={Journal of Abnormal Psychology},
  volume={87},
  number={1},
  pages={49--74},
  year={1978}
}

@article{stone_feigning_ignorance,
  title={Impression Management in the Allocation of Responsibility for Performance Outcomes},
  author={Stone, D. N. and Stone, E. F.},
  journal={Human Relations},
  volume={42},
  number={10},
  pages={905--924},
  year={1989}
}

@article{jones_impression_management,
  title={Ingratiation: A Social Psychological Analysis},
  author={Jones, E. E.},
  journal={Psychol. Bull.},
  volume={79},
  number={4},
  pages={281--312},
  year={1973}
}

@article{schlenker_self_presentation,
  title={Self-Presentation: Managing the Impression of Consistency When Reality Interferes with Self-Enhancement},
  author={Schlenker, B. R.},
  journal={J. Pers. Soc. Psychol.},
  volume={61},
  number={6},
  pages={895--898},
  year={1991}
}

@article{newman_projection,
  title={Understanding the Defensive Projection of Self-Attributes},
  author={Newman, L. S. and et al.},
  journal={J. Pers. Soc. Psychol.},
  volume={74},
  number={5},
  pages={988--1001},
  year={1998}
}

@article{linden_persuasion_friendship,
  title={Persuasion and the Role of Friendship},
  author={Linden, A. N.},
  journal={Soc. Influ.},
  volume={3},
  number={2},
  pages={91--107},
  year={2008}
}

@article{freedman_aggression_persuasion,
  title={Aggression as Persuasion},
  author={Freedman, J. L.},
  journal={Journal of Personality and Social Psychology},
  volume={14},
  number={2},
  pages={103--112},
  year={1970}
}

@book{martin_humor_persuasion,
  title={The Psychology of Humor: An Integrative Approach},
  author={Martin, R. A.},
  year={2007},
  publisher={Academic Press}
}

@article{grice_conversational_implicature,
  title={Logic and Conversation},
  author={Grice, H. P.},
  journal={Syntax and Semantics},
  volume={3},
  pages={41--58},
  year={1975}
}

@article{chan_flattery_persuasion,
  title={The Malleable Efficacy of Flattery: Self-Enhancement and Performance},
  author={Chan, E. and Sengupta, J.},
  journal={Journal of Consumer Research},
  volume={37},
  number={5},
  pages={822--832},
  year={2011}
}

@article{schwarz_denial_persuasion,
  title={Denials and Confessions: The Psychology of Lying and Implications for Persuasion},
  author={Schwarz, N.},
  journal={Advances in Experimental Social Psychology},
  volume={40},
  pages={103--142},
  year={2008}
}

@article{meyer_strategic_voting,
  title={Strategic Voting in Multiplayer Games},
  author={Meyer, D. E.},
  journal={Games and Economic Behavior},
  volume={68},
  number={2},
  pages={719--731},
  year={2010}
}

@article{linder_game_mechanics_persuasion,
  title={Persuasive Game Design: A Model and its Definitions},
  author={Linder, R. and et al.},
  journal={CHI '13 Extended Abstracts},
  pages={1861--1866},
  year={2013}
}

@article{nickerson_confirmation_bias,
  title={Confirmation Bias: A Ubiquitous Phenomenon in Many Guises},
  author={Nickerson, R. S.},
  journal={Review of General Psychology},
  volume={2},
  number={2},
  pages={175--220},
  year={1998}
}

@article{jacoby_information_overload,
  title={Information Load and Decision Quality: Some Contested Issues},
  author={Jacoby, J.},
  journal={Journal of Marketing Research},
  volume={11},
  number={4},
  pages={569--573},
  year={1974}
}

@misc{elsayed2024,
      title={A Mechanism-Based Approach to Mitigating Harms from Persuasive Generative {AI}}, 
      author={Seliem El-Sayed and et al.},
      year={2024},
      note={arxiv: 2404.15058},
}

@misc{adler2024,
      title={Personhood credentials: Artificial intelligence and the value of privacy-preserving tools to distinguish who is real online}, 
      author={Steven Adler and et al.},
      year={2024},
      note={arxiv: 2408.07892}
}

@article{barman2024,
title = {The Dark Side of Language Models: Exploring the Potential of {LLM}s in Multimedia Disinformation Generation and Dissemination},
journal = {Machine Learning with Applications},
volume = {16},
pages = {100545},
year = {2024},
author = {Dipto Barman and et al.}
}

@article{dong2024safeguarding,
  title={Safeguarding Large Language Models: A Survey},
  author={Dong, Yi and et al.},
  journal={arXiv: 2406.02622},
  year={2024}
}

@article{chen2024,
author = {Chen, Canyu and Shu, Kai},
title = {Combating misinformation in the age of {LLM}s: Opportunities and challenges},
journal = {AI Magazine},
volume = {45},
number = {3},
pages = {354-368},
year = {2024}
}

@inproceedings{liu2024,
    title = "{TELLER}: A Trustworthy Framework for Explainable, Generalizable and Controllable Fake News Detection",
    author = "Liu, Hui  and
      et al.",
    booktitle = "Findings of the Association for Computational Linguistics: ACL 2024",
    year = "2024",
    pages = "15556--15583"
}

@techreport{eu_ai_act,
  title = {{Artificial Intelligence Act}},
  author = {{European Parliament}},
  year = {2023},
  month = {6},
  type = {P9\_TA(2023)0236},
  institution = {European Parliament},
  note = {Accessed: 11.09.2024}
}

@misc{rogiers2024,
      title={Persuasion with Large Language Models: a Survey}, 
      author={Alexander Rogiers and et al.},
      year={2024},
      note={arXiv: 2411.06837}
}

@online{anthropic_measures_of_persuasion,
  author = {Durmus, Esin and et al.},
  title = {Measuring the Persuasiveness of Language Models},
  year = {2024},
  url = {https://www.anthropic.com/news/measuring-model-persuasiveness},
  note = {Accessed: 27.11.2024}
}

@misc{amongus_stats,
  author = {{Among Us Developers}},
  title = {Crewmate and Impostor win percentage},
  year = {2020},
  url = {https://x.com/AmongUsGame/status/1334923871611461638},
  note = {Accessed: 27.11.2024}
}

@misc{hu2024survey,
      title={A Survey on Large Language Model-Based Game Agents}, 
      author={Sihao Hu and et al.},
      year={2024},
      note={arXiv: 2404.02039}
}

@inproceedings{simulacra,
author = {Park, Joon Sung and et al.},
title = {Generative Agents: Interactive Simulacra of Human Behavior},
year = {2023},
booktitle = {Proceedings UIST '23},
articleno = {2},
numpages = {22}
}

@misc{cradle,
      title={Cradle: Empowering Foundation Agents Towards General Computer Control}, 
      author={Weihao Tan and et al.},
      year={2024},
      note={arXiv: 2403.03186}
}

@misc{avalon,
      title={Avalon's Game of Thoughts: Battle Against Deception through Recursive Contemplation}, 
      author={Shenzhi Wang and et al.},
      year={2023},
      note={arxiv: 2310.01320}
}

@misc{hoodwinked,
      title={Hoodwinked: Deception and Cooperation in a Text-Based Game for Language Models}, 
      author={Aidan O'Gara},
      year={2023},
      note={arXiv: 2308.01404}
}

@inproceedings{wongkamjan2024_ciceroDiplomacy,
    title = "More Victories, Less Cooperation: Assessing Cicero{'}s Diplomacy Play",
    author = "Wongkamjan, Wichayaporn  and et al.",
    booktitle = "Proceedings of ACL 2024",
    year = "2024",
    pages = "12423--12441"
}

@article{Bakhtin2022_cicero,
    author = {{Meta Fundamental AI Research Diplomacy Team (FAIR)}},
    title = {Human-level play in the game of Diplomacy by combining language models with strategic reasoning},
    journal = {Science},
    volume = {378},
    number = {6624},
    pages = {1067-1074},
    year = {2022}
}

@inproceedings{Light2023_avalon,
    title={AvalonBench: Evaluating {LLM}s Playing the Game of Avalon},
    author={Jonathan Light and et al.},
    booktitle={NeurIPS FNDM Workshop},
    year={2023}
}

@inproceedings{Stepputtis2023_avalon,
    title = "Long-Horizon Dialogue Understanding for Role Identification in the Game of Avalon with Large Language Models",
    author = "Stepputtis, Simon  and et al.",
    booktitle = "EMNLP 2023",
    year = "2023",
    pages = "11193--11208"
}

@inproceedings{Lan2024_avalonCollaborationAndConfrontation,
    title = "{LLM}-Based Agent Society Investigation: Collaboration and Confrontation in Avalon Gameplay",
    author = "Lan, Yihuai  and et al.",
    booktitle = "Proceedings of the 2024 Conference on Empirical Methods in Natural Language Processing",
    year = "2024",
    pages = "128--145",
}

@inproceedings{Wang2019_persuasionForGood,
    title = "Persuasion for Good: Towards a Personalized Persuasive Dialogue System for Social Good",
    author = "Wang, Xuewei  and et al.",
    booktitle = "Proceedings of ACL 2019",
    year = "2019",
    pages = "5635--5649",
}

@article{Radivojevic2024_LLMsAmongUs,
	title={{LLM}s Among Us: Generative {AI} Participating in Digital Discourse},
	author={Radivojevic, Kristina and et al.},
	volume={3},
	number={1},
	journal={Proceedings of the AAAI Symposium Series},
	year={2024},
	pages={209-218}
}

@misc{Chi2024_AmongAgents,
    title={{A}MONG{A}GENTS: Evaluating Large Language Models in the Interactive Text-Based Social Deduction Game}, 
    author={Yizhou Chi and et al.},
    year={2024},
    note={arxiv: 2407.16521}
}

@misc{Kopparapu2022_HiddenAgenda,
      title={Hidden Agenda: a Social Deduction Game with Diverse Learned Equilibria}, 
      author={Kavya Kopparapu and et al.},
      year={2022},
      note={arxiv: 2201.01816}
}

@misc{Wang2024_VoyagerMinecraft,
    title={Voyager: An Open-Ended Embodied Agent with Large Language Models},
    author={Guanzhi Wang and et al.},
    note={arxiv: 2305.16291},
    year={2024},
}

@inproceedings{Jin2024_PersuadingAcrossDiverseDomains,
    title = "Persuading across Diverse Domains: a Dataset and Persuasion Large Language Model",
    author = "Jin, Chuhao and et al.",
    booktitle = "Proceedings of ACL 2024",
    year = "2024",
    pages = "1678--1706",
}

@article{Breum2024_PersuasivePowerOfLLMs,
	title={The Persuasive Power of Large Language Models},
	volume={18},
	number={1},
	journal={Proceedings of AAAI Conference on Web and Social Media},
	author={Breum,
	Simon Martin and et al.},
	year={2024},
	pages={152-163}
}

@article{Deri2018_CapturingSocialTies,
    author = {Deri, Sebastian and et al.},
    title = {Coloring in the Links: Capturing Social Ties as They are Perceived},
    year = {2018},
    volume = {2},
    journal = {Proc. ACM Hum.-Comput. Interact.},
    articleno = {43}
}

@book{Cialdini2008_Influence,
    author = {Robert Cialdini},
    title = {Influence: The Psychology of Persuasion},
    publisher = {Harper Business},
    year = 2006,
}

@Article{Park2024_AIDeception,
    author={Park, Peter S. and et al.},
    title={{AI} deception: A survey of examples, risks, and potential solutions},
    journal={Patterns},
    year={2024},
    month={May},
    day={10},
    publisher={Elsevier},
    volume={5},
    number={5},
    issn={2666-3899},
}
