@article{article,
  title={Parameter-Efficient Model Adaptation for Vision Transformers},
  author={He, Xuehai and Li, Chunyuan and Zhang, Pengchuan and Yang, Jianwei and Wang, Xin Eric},
  booktitle={Proceedings of the AAAI Conference on Artificial Intelligence},
  volume={37},
  number={1},
  pages={817--825},
  year={2023}
}

@misc{chen2022adaptformeradaptingvisiontransformers,
  title={AdaptFormer: Adapting Vision Transformers for Scalable Visual Recognition},
  author={Chen, Shoufa and Ge, Chongjian and Tong, Zhan and Wang, Jiangliu and Song, Yibing and Wang, Jue and Luo, Ping},
  journal={Advances in Neural Information Processing Systems},
  volume={35},
  pages={16664--16678},
  year={2022}
}

@misc{guo2021parameterefficienttransferlearningdiff,
  title={Parameter-Efficient Transfer Learning with Diff Pruning},
  author={Guo, Demi and Rush, Alexander M and Kim, Yoon},
  journal={arXiv preprint arXiv:2012.07463},
  year={2020}
}

@article{hu2021lora,
  title={LoRA: Low-Rank Adaptation of Large Language Models},
  author={Hu, Edward J and Shen, Yelong and Wallis, Phillip and Allen-Zhu, Zeyuan and Li, Yuanzhi and Wang, Shean and Wang, Lu and Chen, Weizhu},
  journal={arXiv preprint arXiv:2106.09685},
  year={2021}
}

@misc{wu2023medicalsamadapteradapting,
  title={Medical SAM Adapter: Adapting Segment Anything Model for Medical Image Segmentation},
  author={Wu, Junde and Ji, Wei and Liu, Yuanpei and Fu, Huazhu and Xu, Min and Xu, Yanwu and Jin, Yueming},
  journal={arXiv preprint arXiv:2304.12620},
  year={2023}
}

@misc{zhang2023customizedsegmentmodelmedical,
  title={Customized Segment Anything Model for Medical Image Segmentation},
  author={Zhang, Kaidong and Liu, Dong},
  journal={arXiv preprint arXiv:2304.13785},
  year={2023}
}

