@article{ WOS:000087387300023,
title={Ranking of optic disc variables for detection of glaucomatous optic nerve damage},
  author={Jonas, Jost B and Bergua, Antonio and Schmitz--Valckenberg, Paul and Papastathopoulos, Konstantinos I and Budde, Wido M},
  journal={Investigative Ophthalmology \& Visual Science},
  volume={41},
  number={7},
  pages={1764--1773},
  year={2000},
  publisher={The Association for Research in Vision and Ophthalmology}
}

@article{HANCOXOD199959,
title={Optic disc size, an important consideration in the glaucoma evaluation},
  author={OD, Michael D Hancox},
  journal={Clinical Eye and Vision Care},
  volume={11},
  number={2},
  pages={59--62},
  year={1999},
  publisher={Elsevier}
}

@inproceedings{long2015fully,
  title={Fully Convolutional Networks for Semantic Segmentation},
  author={Long, Jonathan and Shelhamer, Evan and Darrell, Trevor},
  booktitle={Proceedings of the IEEE conference on computer vision and pattern recognition},
  pages={3431--3440},
  year={2015}
}

@inproceedings{ WOS:000365963800028,
  title={U-Net: Convolutional Networks for Biomedical Image Segmentation},
  author={Ronneberger, Olaf and Fischer, Philipp and Brox, Thomas},
  booktitle={Medical image computing and computer-assisted intervention--MICCAI 2015: 18th international conference, Munich, Germany, October 5-9, 2015, proceedings, part III 18},
  pages={234--241},
  year={2015},
  organization={Springer}
}

@article{ WOS:000426687100005,
title={DeepLab: Semantic Image Segmentation with Deep Convolutional Nets, Atrous Convolution, and Fully Connected CRFs},
  author={Chen, Liang-Chieh and Papandreou, George and Kokkinos, Iasonas and Murphy, Kevin and Yuille, Alan L},
  journal={IEEE transactions on pattern analysis and machine intelligence},
  volume={40},
  number={4},
  pages={834--848},
  year={2017},
  publisher={IEEE}
}

@inproceedings{ WOS:000425498403005,
  title={Mask R-CNN},
  author={He, Kaiming and Gkioxari, Georgia and Doll{\'a}r, Piotr and Girshick, Ross},
  booktitle={Proceedings of the IEEE international conference on computer vision},
  pages={2961--2969},
  year={2017}
}

@inproceedings{ WOS:001159644304024,
  title={Segment Anything},
  author={Kirillov, Alexander and Mintun, Eric and Ravi, Nikhila and Mao, Hanzi and Rolland, Chloe and Gustafson, Laura and Xiao, Tete and Whitehead, Spencer and Berg, Alexander C and Lo, Wan-Yen and others},
  booktitle={Proceedings of the IEEE/CVF International Conference on Computer Vision},
  pages={4015--4026},
  year={2023}
}

@inproceedings{ WOS:000594221500001,
title = {CBAM: Convolutional Block Attention Module},
  author={Woo, Sanghyun and Park, Jongchan and Lee, Joon-Young and Kweon, In So},
  booktitle={Proceedings of the European conference on computer vision (ECCV)},
  pages={3--19},
  year={2018}
}

@misc{zhang2023customizedsegmentmodelmedical,
  title={Customized Segment Anything Model for Medical Image Segmentation},
  author={Zhang, Kaidong and Liu, Dong},
  journal={arXiv preprint arXiv:2304.13785},
  year={2023}
}

@article{ WOS:001148371500004,
  title={Segment anything in medical images},
  author={Ma, Jun and He, Yuting and Li, Feifei and Han, Lin and You, Chenyu and Wang, Bo},
  journal={Nature Communications},
  volume={15},
  number={1},
  pages={654},
  year={2024},
  publisher={Nature Publishing Group UK London}
}

@article{ INSPEC:23394927,
  title={How to Efficiently Adapt Large Segmentation Model (SAM) to Medical Images},
  author={Hu, Xinrong and Xu, Xiaowei and Shi, Yiyu},
  journal={arXiv preprint arXiv:2306.13731},
  year={2023}
}

@misc{wu2023medicalsamadapteradapting,
  title={Medical SAM Adapter: Adapting Segment Anything Model for Medical Image Segmentation},
  author={Wu, Junde and Ji, Wei and Liu, Yuanpei and Fu, Huazhu and Xu, Min and Xu, Yanwu and Jin, Yueming},
  journal={arXiv preprint arXiv:2304.12620},
  year={2023}
}

@article{ INSPEC:23780196,
  title={SAMUS: Adapting Segment Anything Model for Clinically-Friendly and Generalizable Ultrasound Image Segmentation},
  author={Lin, Xian and Xiang, Yangyang and Zhang, Li and Yang, Xin and Yan, Zengqiang and Yu, Li},
  journal={arXiv preprint arXiv:2309.06824},
  year={2023}
}

@misc{lin2024adaptingsamendtoendultrasound,
      title={Beyond Adapting SAM: Towards End-to-End Ultrasound Image Segmentation via Auto Prompting}, 
      author={Xian Lin and Yangyang Xiang and Li Yu and Zengqiang Yan},
      year={2024},
      eprint={2309.06824},
      archivePrefix={arXiv},
      primaryClass={cs.CV},
      url={https://arxiv.org/abs/2309.06824}, 
}

@inproceedings{ WOS:000684034302095,
  title={Parameter-Efficient Transfer Learning for NLP},
  author={Houlsby, Neil and Giurgiu, Andrei and Jastrzebski, Stanislaw and Morrone, Bruna and De Laroussilhe, Quentin and Gesmundo, Andrea and Attariyan, Mona and Gelly, Sylvain},
  booktitle={International conference on machine learning},
  pages={2790--2799},
  year={2019},
  organization={PMLR}
}

@misc{guo2021parameterefficienttransferlearningdiff,
  title={Parameter-Efficient Transfer Learning with Diff Pruning},
  author={Guo, Demi and Rush, Alexander M and Kim, Yoon},
  journal={arXiv preprint arXiv:2012.07463},
  year={2020}
}

@inproceedings{ WOS:000855966303015,
  title={The Power of Scale for Parameter-Efficient Prompt Tuning},
  author={Lester, Brian and Al-Rfou, Rami and Constant, Noah},
  journal={arXiv preprint arXiv:2104.08691},
  year={2021}
}

@inproceedings{ WOS:000698679200153,
  title={Prefix-Tuning: Optimizing Continuous Prompts for Generation},
  author={Li, Xiang Lisa and Liang, Percy},
  journal={arXiv preprint arXiv:2101.00190},
  year={2021}
}

@article{hu2021lora,
  title={LoRA: Low-Rank Adaptation of Large Language Models},
  author={Hu, Edward J and Shen, Yelong and Wallis, Phillip and Allen-Zhu, Zeyuan and Li, Yuanzhi and Wang, Shean and Wang, Lu and Chen, Weizhu},
  journal={arXiv preprint arXiv:2106.09685},
  year={2021}
}

@article{article,
  title={Parameter-Efficient Model Adaptation for Vision Transformers},
  author={He, Xuehai and Li, Chunyuan and Zhang, Pengchuan and Yang, Jianwei and Wang, Xin Eric},
  booktitle={Proceedings of the AAAI Conference on Artificial Intelligence},
  volume={37},
  number={1},
  pages={817--825},
  year={2023}
}

@misc{chen2022adaptformeradaptingvisiontransformers,
  title={AdaptFormer: Adapting Vision Transformers for Scalable Visual Recognition},
  author={Chen, Shoufa and Ge, Chongjian and Tong, Zhan and Wang, Jiangliu and Song, Yibing and Wang, Jue and Luo, Ping},
  journal={Advances in Neural Information Processing Systems},
  volume={35},
  pages={16664--16678},
  year={2022}
}

@article{ WOS:000845070100011,
  title={A CBAM Based Multiscale Transformer Fusion Approach for Remote Sensing Image Change Detection},
  author={Wang, Wei and Tan, Xinai and Zhang, Peng and Wang, Xin},
  journal={IEEE Journal of Selected Topics in Applied Earth Observations and Remote Sensing},
  volume={15},
  pages={6817--6825},
  year={2022},
  publisher={IEEE}
}

@inproceedings{ WOS:000371029500008,
  title={Efficient Optic Cup Detection from Intra-image Learning with Retinal Structure Priors},
  author={Xu, Yanwu and Liu, Jiang and Lin, Stephen and Xu, Dong and Cheung, Carol Y and Aung, Tin and Wong, Tien Yin},
  booktitle={Medical Image Computing and Computer-Assisted Intervention--MICCAI 2012: 15th International Conference, Nice, France, October 1-5, 2012, Proceedings, Part I 15},
  pages={58--65},
  year={2012},
  organization={Springer}
}

@article{Wang_2019,
  title={Patch-Based Output Space Adversarial Learning for Joint Optic Disc and Cup Segmentation},
  author={Wang, Shujun and Yu, Lequan and Yang, Xin and Fu, Chi-Wing and Heng, Pheng-Ann},
  journal={IEEE transactions on medical imaging},
  volume={38},
  number={11},
  pages={2485--2495},
  year={2019},
  publisher={IEEE}
}

@article{Fu_2018,
  title={Joint Optic Disc and Cup Segmentation Based on Multi-Label Deep Network and Polar Transformation},
  author={Fu, Huazhu and Cheng, Jun and Xu, Yanwu and Wong, Damon Wing Kee and Liu, Jiang and Cao, Xiaochun},
  journal={IEEE transactions on medical imaging},
  volume={37},
  number={7},
  pages={1597--1605},
  year={2018},
  publisher={IEEE}
}

@misc{fang2022refuge2challengetreasuretrove,
  title={REFUGE2 Challenge: A Treasure Trove for Multi-Dimension Analysis and Evaluation in Glaucoma Screening},
  author={Fang, Huihui and Li, Fei and Wu, Junde and Fu, Huazhu and Sun, Xu and Son, Jaemin and Yu, Shuang and Zhang, Menglu and Yuan, Chenglang and Bian, Cheng and others},
  journal={arXiv preprint arXiv:2202.08994},
  year={2022}
}

@misc{milletari2016vnetfullyconvolutionalneural,
  title={V-Net: Fully Convolutional Neural Networks for Volumetric Medical Image Segmentation},
  author={Milletari, Fausto and Navab, Nassir and Ahmadi, Seyed-Ahmad},
  booktitle={2016 fourth international conference on 3D vision (3DV)},
  pages={565--571},
  year={2016},
  organization={IEEE}
}

@article{Zhang_2018,
  title={Road Extraction by Deep Residual U-Net},
  author={Zhang, Zhengxin and Liu, Qingjie and Wang, Yunhong},
  journal={IEEE Geoscience and Remote Sensing Letters},
  volume={15},
  number={5},
  pages={749--753},
  year={2018},
  publisher={IEEE}
}

@article{isensee2021nnu,
  title={nnU-Net: a self-configuring method for deep learning-based biomedical image segmentation},
  author={Isensee, Fabian and Jaeger, Paul F and Kohl, Simon AA and Petersen, Jens and Maier-Hein, Klaus H},
  journal={Nature methods},
  volume={18},
  number={2},
  pages={203--211},
  year={2021},
  publisher={Nature Publishing Group}
}

@misc{chen2021transunettransformersmakestrong,
  title={TransUNet: Transformers Make Strong Encoders for Medical Image Segmentation},
  author={Chen, Jieneng and Lu, Yongyi and Yu, Qihang and Luo, Xiangde and Adeli, Ehsan and Wang, Yan and Lu, Le and Yuille, Alan L and Zhou, Yuyin},
  journal={arXiv preprint arXiv:2102.04306},
  year={2021}
}

@misc{hatamizadeh2022swinunetrswintransformers,
  title={Swin UNETR: Swin Transformers for Semantic Segmentation of Brain Tumors in MRI Images},
  author={Hatamizadeh, Ali and Nath, Vishwesh and Tang, Yucheng and Yang, Dong and Roth, Holger R and Xu, Daguang},
  booktitle={International MICCAI brainlesion workshop},
  pages={272--284},
  year={2021},
  organization={Springer} 
}

@article{ WOS:000471732700007,
  title={Robust optic disc and cup segmentation with deep learning for glaucoma detection},
  author={Yu, Shuang and Xiao, Di and Frost, Shaun and Kanagasingam, Yogesan},
  journal={Computerized Medical Imaging and Graphics},
  volume={74},
  pages={61--71},
  year={2019},
  publisher={Elsevier}
}