@article{10081330,
	title        = {Improving GNSS Spoofing Awareness in Smartphones via Statistical Processing of Raw Measurements},
	author       = {Rustamov, Akmal and Minetto, Alex and Dovis, Fabio},
	year         = 2023,
	journal      = {IEEE Open Journal of the Communications Society},
	volume       = 4,
	pages        = {873--891},
	doi          = {10.1109/OJCOMS.2023.3260905}
}

@article{8915828,
	title        = {Performance Assessment of the Android Smartphone’s IMU in a GNSS/INS Coupled Navigation Model},
	author       = {Yan, Wenlin and Bastos, Luísa and Magalhães, Américo},
	year         = 2019,
	journal      = {IEEE Access},
	volume       = 7,
	number       = {},
	pages        = {171073--171083},
	doi          = {10.1109/ACCESS.2019.2956239}
}

@article{Clements2022CarrierphaseAI,
	title        = {Carrier-phase and IMU based GNSS Spoofing Detection for Ground Vehicles},
	author       = {Zachary Clements and James E. Yoder and Todd E. Humphreys},
	year         = 2022,
	journal      = {The International Technical Meeting of the The Institute of Navigation},
	address      = {Long Beach, CA, USA}
}

@inproceedings{Curran2017OnTU,
	title        = {On the use of Low-Cost IMUs for {GNSS} Spoofing Detection in Vehicular Applications},
	author       = {James T. Curran and Ali Broumandan},
	year         = 2017,
	month        = nov,
	booktitle    = {International Technical Symposium on Navigation and Timing (ITSNT)},
	location     = {Toulouse, France}
}

@inproceedings{DBLP:conf/ndss/SathayeLCR22,
	title        = {SemperFi: Anti-spoofing {GPS} Receiver for UAVs},
	author       = {Harshad Sathaye and Gerald LaMountain and Pau Closas and Aanjhan Ranganathan},
	year         = 2022,
	month        = apr,
	booktitle    = {29th Annual Network and Distributed System Security Symposium (NDSS)},
	location     = {San Diego, CA, USA},
	biburl       = {https://dblp.org/rec/conf/ndss/SathayeLCR22.bib}
}

@article{Hu_Bian_Ji_Li_2018,
	title        = {GNSS Spoofing Detection Technique Using Fraction Parts of Double-difference Carrier Phases},
	author       = {Hu, Yanfeng and Bian, Shaofeng and Ji, Bing and Li, Juan},
	year         = 2018,
	journal      = {Journal of Navigation},
	volume       = 71,
	number       = 5,
	pages        = {1111–1129},
	doi          = {10.1017/S0373463318000206}
}

@article{Jovanovic2014MultitestDA,
	title        = {Multi-test detection and protection algorithm against spoofing attacks on GNSS receivers},
	author       = {Aleksandar Jovanovic and Cyril Botteron and Pierre-Andr{\'e} Farine},
	year         = 2014,
	month        = may,
	journal      = {2014 IEEE/ION Position, Location and Navigation Symposium (IEEE/ION PLANS)},
	location     = {Monterey, CA, USA},
	pages        = {1258--1271}
}

@article{Lee2022GNSSFD,
	title        = {GNSS Fault Detection and Mitigation using Android IMU},
	author       = {Dong-Kyeong Lee and Trey Taylor and Dennis M. Akos and Jeonghyeon Yun and Yongrae Jo and Byung-Koo Park},
	year         = 2022,
	month        = sep,
	journal      = {The International Technical Meeting of the Satellite Division of The Institute of Navigation (ION GNSS+)},
	location     = {Denver, CO, USA}
}

@inproceedings{PapadimitratosJ:C:2008,
	title        = {{GNSS-based Positioning: Attacks and Countermeasures}},
	author       = {Papadimitratos, Panos and Jovanovic, Aleksandar},
	year         = 2008,
	month        = {November},
	booktitle    = {IEEE Military Communications Conference (IEEE MILCOM)},
	address      = {San Diego, CA, USA},
	doi          = {10.1109/milcom.2008.4753512},
	comment      = {DIVA - Fulltext},
	webpdf       = {https://nss.proj.kth.se/publications/fulltext/gnss-GPS-security-c1.pdf},
	typ          = {C}
}

@inproceedings{PapadimitratosJa:C:2008,
	title        = {{Protection and Fundamental Vulnerability of GNSS}},
	author       = {Papadimitratos, Panos and Jovanovic, Aleksandar},
	year         = 2008,
	month        = {October},
	booktitle    = {IEEE International Workshop on Satellite and Space Communications (IEEE IWSSC)},
	address      = {Toulouse, France},
	doi          = {10.1109/iwssc.2008.4656777},
	comment      = {DIVA - Fulltext},
	webpdf       = {https://nss.proj.kth.se/publications/fulltext/gnss-GPS-security-c2.pdf},
	typ          = {C}
}

@article{Sharma2021TimeSynchronizedGD,
	title        = {Time-Synchronized GNSS/IMU Data Logging from Android Smartphone and its Influence on the Positioning Accuracy},
	author       = {Himanshu Sharma and Mohamed Bochkati and Thomas Pany},
	year         = 2021,
	month        = sep,
	journal      = {International Technical Meeting of the Satellite Division of The Institute of Navigation (ION GNSS+)},
	location     = {St. Louis, MO, USA}
}

@inproceedings{SpangheroPP:C:2023,
	title        = {{Detecting GNSS misbehavior leveraging secure heterogeneous time sources}},
	author       = {Spanghero, Marco and Papadimitratos, Panos},
	year         = 2023,
	month        = {April},
	booktitle    = {IEEE/ION Position, Location and Navigation Symposium (PLANS)},
	address      = {Monterey, California},
	doi          = {10.1109/plans53410.2023.10140008},
	webpdf       = {https://nss.proj.kth.se/publications/fulltext/detecting_gnss_misbheavior_by_time_PLANS.pdf},
	typ          = {C}
}

@article{Spensnavi.537,
	title        = {Detecting GNSS Jamming and Spoofing on Android Devices},
	author       = {Spens, Nicholas and Lee, Dong-Kyeong and Nedelkov,, Filip and Akos, Dennis},
	year         = 2022,
	journal      = {NAVIGATION: Journal of the Institute of Navigation},
	publisher    = {Institute of Navigation},
	volume       = 69,
	number       = 3,
	doi          = {10.33012/navi.537},
	elocation-id = {navi.537},
	eprint       = {https://navi.ion.org/content/69/3/navi.537.full.pdf}
}

@article{WOS:000209006500003,
	title        = {{Who's Afraid of the Spoofer? GPS/GNSS Spoofing Detection via Automatic Gain Control (AGC)}},
	author       = {Akos, Dennis M.},
	year         = 2012,
	month        = {Win},
	journal      = {Journal Of The Institute Of Navigation},
	volume       = 59,
	number       = 4,
	pages        = {281--290},
	doi          = {10.1002/navi.19},
	eissn        = {2161-4296}
}

@inproceedings{WOS:000356331204003,
	title        = {GNSS Spoofing Detection using Two-Antenna Differential Carrier Phase},
	author       = {Psiaki, Mark L. and O'Hanlon, Brady W. and Powell, Steven P. and Bhatti, Jahshan A. and Wesson, Kyle D. and Humphreys, Todd E. and Schofield, Andrew},
	year         = 2014,
	month        = sep,
	booktitle    = {International Technical meeting of the Satellite Division of the Insititute of Navigation (ION GNSS)},
	location     = {Tampa, FL, USA},
	pages        = {2776--2800}
}

@inproceedings{WOS:000359380700146,
	title        = {{Vestigial Signal Defense through Signal Quality Monitoring Techniques based on Joint Use of Two Metrics}},
	author       = {Ali, Khurram and Manfredini, Esteban Garbin and Dovis, Fabio},
	year         = 2014,
	month        = may,
	booktitle    = {IEEE/ION Position, Location And Navigation Symposium - Plans 2014},
	location     = {Monterey, CA, USA}
}

@inproceedings{WOS:000375213003001,
	title        = {GNSS Spoofing Detection using High-Frequency Antenna Motion and Carrier-Phase Data},
	author       = {Psiaki, Mark L. and Powell, Steven P. and O'Hanlon, Brady W.},
	year         = 2013,
	booktitle    = {International Technical Meeting of the Satellite Division of The Institute of Navigation (ION GNSS+)},
	address      = {Nashville, TN, USA}
}

@article{WOS:000423143700015,
	title        = {{GNSS spoofing detection based on new signal quality assessment model}},
	author       = {Hu, Yanfeng and Bian, Shaofeng and Cao, Kejin and Ji, Bing},
	year         = 2018,
	month        = {Jan},
	journal      = {Gps Solutions},
	volume       = 22,
	number       = 1,
	doi          = {10.1007/s10291-017-0693-7},
	eissn        = {1521-1886}
}

@inproceedings{WOS:000545000100015,
	title        = {Android Raw GNSS Measurements as a New Anti-Spoofing and Anti-Jamming Solution},
	author       = {Miralles, Damian and Levigne, Nathan and Akos, Dennis M. and Blanch, Juan and Lo, Sherman},
	year         = 2018,
	booktitle    = {International technical meeting of the satellite division of the Instituite of Navigation (ION GNSS+)},
	location     = {Portland, OR, USA},
	series       = {Institute of Navigation Satellite Division Proceedings of the International Technical Meeting},
	pages        = {334--344},
	doi          = {10.33012/2018.15883},
	mont         = sep
}

@inproceedings{akos2003,
	title        = {{Automatic Gain Control (AGC) as an Interference Assessment Tool}},
	author       = {Bastide, F. and Akos, D. and  Macabiau, C. and Roturier, B},
	year         = 2003,
	month        = sep,
	booktitle    = {16th International Technical Meeting of the Satellite Division of The Institute of Navigation (ION GPS/GNSS},
	publisher    = {Institute of Navigation},
	address      = {Portland, OR, USA},
	pages        = {2042--2053}
}

