
% Journals

% First the Full Name is given, then the abbreviation used in the AMS Math
% Reviews, with an indication if it could not be found there.
% Note the 2nd overwrites the 1st, so swap them if you want the full name.

 %{AMS}
 @String{AMSTrans = "American Mathematical Society Translations" }
 @String{AMSTrans = "Amer. Math. Soc. Transl." }
 @String{BullAMS = "Bulletin of the American Mathematical Society" }
 @String{BullAMS = "Bull. Amer. Math. Soc." }
 @String{ProcAMS = "Proceedings of the American Mathematical Society" }
 @String{ProcAMS = "Proc. Amer. Math. Soc." }
 @String{TransAMS = "Transactions of the American Mathematical Society" }
 @String{TransAMS = "Trans. Amer. Math. Soc." }

 %ACM
 @String{CACM = "Communications of the {ACM}" }
 @String{CACM = "Commun. {ACM}" }
 @String{CompServ = "Comput. Surveys" }
 @String{JACM = "J. ACM" }
 @String{ACMMathSoft = "{ACM} Transactions on Mathematical Software" }
 @String{ACMMathSoft = "{ACM} Trans. Math. Software" }
 @String{SIGNUM = "{ACM} {SIGNUM} Newsletter" }
 @String{SIGNUM = "{ACM} {SIGNUM} Newslett." }

 @String{AmerSocio = "American Journal of Sociology" }
 @String{AmerStatAssoc = "Journal of the American Statistical Association" }
 @String{AmerStatAssoc = "J. Amer. Statist. Assoc." }
 @String{ApplMathComp = "Applied Mathematics and Computation" }
 @String{ApplMathComp = "Appl. Math. Comput." }
 @String{AmerMathMonthly = "American Mathematical Monthly" }
 @String{AmerMathMonthly = "Amer. Math. Monthly" }
 @String{BIT = "{BIT}" }
 @String{BritStatPsych = "British Journal of Mathematical and Statistical
          Psychology" }
 @String{BritStatPsych = "Brit. J. Math. Statist. Psych." }
 @String{CanMathBull = "Canadian Mathematical Bulletin" }
 @String{CanMathBull = "Canad. Math. Bull." }
 @String{CompApplMath = "Journal of Computational and Applied Mathematics" }
 @String{CompApplMath = "J. Comput. Appl. Math." }
 @String{CompPhys = "Journal of Computational Physics" }
 @String{CompPhys = "J. Comput. Phys." }
 @String{CompStruct = "Computers and Structures" }
 @String{CompStruct = "Comput. \& Structures" }
 @String{CompJour = "The Computer Journal" }
 @String{CompJour = "Comput. J." }
 @String{CompSysSci = "Journal of Computer and System Sciences" }
 @String{CompSysSci = "J. Comput. System Sci." }
 @String{Computing = "Computing" }
 @String{ContempMath = "Contemporary Mathematics" }
 @String{ContempMath = "Contemp. Math." }
 @String{Crelle = "Crelle's Journal" }
 @String{GiornaleMath = "Giornale di Mathematiche" }
 @String{GiornaleMath = "Giorn. Mat." } % didn't find in AMS MR., ibid.

 %IEEE
 @String{Computer = "{IEEE} Computer" }
 @String{IEEETransComp = "{IEEE} Transactions on Computers" }
 @String{IEEETransComp = "{IEEE} Trans. Comput." }
 @String{IEEETransAC = "{IEEE} Transactions on Automatic Control" }
 @String{IEEETransAC = "{IEEE} Trans. Automat. Control" }
 @String{IEEESpec = "{IEEE} Spectrum" } % didn't find in AMS MR
 @String{ProcIEEE = "Proceedings of the {IEEE}" }
 @String{ProcIEEE = "Proc. {IEEE}" } % didn't find in AMS MR
 @String{IEEETransAeroElec = "{IEEE} Transactions on Aerospace and Electronic
     Systems" }
 @String{IEEETransAeroElec = "{IEEE} Trans. Aerospace Electron. Systems" }

 @String{IMANumerAna = "{IMA} Journal of Numerical Analysis" }
 @String{IMANumerAna = "{IMA} J. Numer. Anal." }
 @String{InfProcLet = "Information Processing Letters" }
 @String{InfProcLet = "Inform. Process. Lett." }
 @String{InstMathApp = "Journal of the Institute of Mathematics and
     its Applications" }
 @String{InstMathApp = "J. Inst. Math. Appl." }
 @String{IntControl = "International Journal of Control" }
 @String{IntControl = "Internat. J. Control" }
 @String{IntNumerEng = "International Journal for Numerical Methods in
     Engineering" }
 @String{IntNumerEng = "Internat. J. Numer. Methods Engrg." }
 @String{IntSuper = "International Journal of Supercomputing Applications" }
 @String{IntSuper = "Internat. J. Supercomputing Applic." } % didn't find
%% in AMS MR
 @String{Kibernetika = "Kibernetika" }
 @String{JResNatBurStand = "Journal of Research of the National Bureau
     of Standards" }
 @String{JResNatBurStand = "J. Res. Nat. Bur. Standards" }
 @String{LinAlgApp = "Linear Algebra and its Applications" }
 @String{LinAlgApp = "Linear Algebra Appl." }
 @String{MathAnaAppl = "Journal of Mathematical Analysis and Applications" }
 @String{MathAnaAppl = "J. Math. Anal. Appl." }
 @String{MathAnnalen = "Mathematische Annalen" }
 @String{MathAnnalen = "Math. Ann." }
 @String{MathPhys = "Journal of Mathematical Physics" }
 @String{MathPhys = "J. Math. Phys." }
 @String{MathComp = "Mathematics of Computation" }
 @String{MathComp = "Math. Comp." }
 @String{MathScand = "Mathematica Scandinavica" }
 @String{MathScand = "Math. Scand." }
 @String{TablesAidsComp = "Mathematical Tables and Other Aids to Computation" }
 @String{TablesAidsComp = "Math. Tables Aids Comput." }
 @String{NumerMath = "Numerische Mathematik" }
 @String{NumerMath = "Numer. Math." }
 @String{PacificMath = "Pacific Journal of Mathematics" }
 @String{PacificMath = "Pacific J. Math." }
 @String{ParDistComp = "Journal of Parallel and Distributed Computing" }
 @String{ParDistComp = "J. Parallel and Distrib. Comput." } % didn't find
%% in AMS MR
 @String{ParComputing = "Parallel Computing" }
 @String{ParComputing = "Parallel Comput." }
 @String{PhilMag = "Philosophical Magazine" }
 @String{PhilMag = "Philos. Mag." }
 @String{ProcNAS = "Proceedings of the National Academy of Sciences
                    of the USA" }
 @String{ProcNAS = "Proc. Nat. Acad. Sci. U. S. A." }
 @String{Psychometrika = "Psychometrika" }
 @String{QuartMath = "Quarterly Journal of Mathematics, Oxford, Series (2)" }
 @String{QuartMath = "Quart. J. Math. Oxford Ser. (2)" }
 @String{QuartApplMath = "Quarterly of Applied Mathematics" }
 @String{QuartApplMath = "Quart. Appl. Math." }
 @String{RevueInstStat = "Review of the International Statisical Institute" }
 @String{RevueInstStat = "Rev. Inst. Internat. Statist." }

 %SIAM
 @String{JSIAM = "Journal of the Society for Industrial and Applied
     Mathematics" }
 @String{JSIAM = "J. Soc. Indust. Appl. Math." }
 @String{JSIAMB = "Journal of the Society for Industrial and Applied
     Mathematics, Series B, Numerical Analysis" }
 @String{JSIAMB = "J. Soc. Indust. Appl. Math. Ser. B Numer. Anal." }
 @String{SIAMAlgMeth = "{SIAM} Journal on Algebraic and Discrete Methods" }
 @String{SIAMAlgMeth = "{SIAM} J. Algebraic Discrete Methods" }
 @String{SIAMAppMath = "{SIAM} Journal on Applied Mathematics" }
 @String{SIAMAppMath = "{SIAM} J. Appl. Math." }
 @String{SIAMComp = "{SIAM} Journal on Computing" }
 @String{SIAMComp = "{SIAM} J. Comput." }
 @String{SIAMMatrix = "{SIAM} Journal on Matrix Analysis and Applications" }
 @String{SIAMMatrix = "{SIAM} J. Matrix Anal. Appl." }
 @String{SIAMNumAnal = "{SIAM} Journal on Numerical Analysis" }
 @String{SIAMNumAnal = "{SIAM} J. Numer. Anal." }
 @String{SIAMReview = "{SIAM} Review" }
 @String{SIAMReview = "{SIAM} Rev." }
 @String{SIAMSciStat = "{SIAM} Journal on Scientific and Statistical
     Computing" }
 @String{SIAMSciStat = "{SIAM} J. Sci. Statist. Comput." }

 @String{SoftPracExp = "Software Practice and Experience" }
 @String{SoftPracExp = "Software Prac. Experience" } % didn't find in AMS MR
 @String{StatScience = "Statistical Science" }
 @String{StatScience = "Statist. Sci." }
 @String{Techno = "Technometrics" }
 @String{USSRCompMathPhys = "{USSR} Computational Mathematics and Mathematical
     Physics" }
 @String{USSRCompMathPhys = "{U. S. S. R.} Comput. Math. and Math. Phys." }
 @String{VLSICompSys = "Journal of {VLSI} and Computer Systems" }
 @String{VLSICompSys = "J. {VLSI} Comput. Syst." }
 @String{ZAngewMathMech = "Zeitschrift fur Angewandte Mathematik und
     Mechanik" }
 @String{ZAngewMathMech = "Z. Angew. Math. Mech." }
 @String{ZAngewMathPhys = "Zeitschrift fur Angewandte Mathematik und Physik" }
 @String{ZAngewMathPhys = "Z. Angew. Math. Phys." }

% Publishers % ================================================= |

 @String{Academic = "Academic Press" }
 @String{ACMPress = "{ACM} Press" }
 @String{AdamHilger = "Adam Hilger" }
 @String{AddisonWesley = "Addison-Wesley" }
 @String{AllynBacon = "Allyn and Bacon" }
 @String{AMS = "American Mathematical Society" }
 @String{Birkhauser = "Birkha{\"u}ser" }
 @String{CambridgePress = "Cambridge University Press" }
 @String{Chelsea = "Chelsea" }
 @String{ClaredonPress = "Claredon Press" }
 @String{DoverPub = "Dover Publications" }
 @String{Eyolles = "Eyolles" }
 @String{HoltRinehartWinston = "Holt, Rinehart and Winston" }
 @String{Interscience = "Interscience" }
 @String{JohnsHopkinsPress = "The Johns Hopkins University Press" }
 @String{JohnWileySons = "John Wiley and Sons" }
 @String{Macmillan = "Macmillan" }
 @String{MathWorks = "The Math Works Inc." }
 @String{McGrawHill = "McGraw-Hill" }
 @String{NatBurStd = "National Bureau of Standards" }
 @String{NorthHolland = "North-Holland" }
 @String{OxfordPress = "Oxford University Press" }  %address Oxford or London?
 @String{PergamonPress = "Pergamon Press" }
 @String{PlenumPress = "Plenum Press" }
 @String{PrenticeHall = "Prentice-Hall" }
 @String{SIAMPub = "{SIAM} Publications" }
 @String{Springer = "Springer-Verlag" }
 @String{TexasPress = "University of Texas Press" }
 @String{VanNostrand = "Van Nostrand" }
 @String{WHFreeman = "W. H. Freeman and Co." }

%Entries

@article{hussak2023termination,
  title={Termination of amnesiac flooding},
  author={Hussak, Walter and Trehan, Amitabh},
  journal={Distributed Computing},
  volume={36},
  number={2},
  pages={193--207},
  year={2023},
  publisher={Springer}
}
@inproceedings{turau2021amnesiac,
  title={Amnesiac flooding: synchronous stateless information dissemination},
  author={Turau, Volker},
  booktitle={SOFSEM 2021: Theory and Practice of Computer Science: 47th International Conference on Current Trends in Theory and Practice of Computer Science, SOFSEM 2021, Bolzano-Bozen, Italy, January 25--29, 2021, Proceedings 47},
  pages={59--73},
  year={2021},
  organization={Springer}
}
@article{RandomisedBroadcastFinal,
  author       = {Petra Berenbrink and
                  Robert Els{\"{a}}sser and
                  Thomas Sauerwald},
  title        = {Randomised broadcasting: Memory vs. randomness},
  journal      = {Theor. Comput. Sci.},
  volume       = {520},
  pages        = {27--42},
  year         = {2014},
  url          = {https://doi.org/10.1016/j.tcs.2013.08.011},
  doi          = {10.1016/J.TCS.2013.08.011},
  timestamp    = {Wed, 17 Feb 2021 21:59:43 +0100},
  biburl       = {https://dblp.org/rec/journals/tcs/BerenbrinkES14.bib},
  bibsource    = {dblp computer science bibliography, https://dblp.org}
}
@inproceedings{RandomisedBroadcastFirst,
  title={The power of memory in randomized broadcasting},
  author={Els{\"a}sser, Robert and Sauerwald, Thomas},
  booktitle={Proceedings of the nineteenth annual ACM-SIAM symposium on Discrete algorithms},
  pages={218--227},
  year={2008},
  organization={Citeseer}
}
@article{gopal1999fast,
  title={Fast broadcast in high-speed networks},
  author={Gopal, Ajei and Gopal, Inder and Kutten, Shay},
  journal={IEEE/ACM Transactions on Networking},
  volume={7},
  number={2},
  pages={262--275},
  year={1999},
  publisher={IEEE}
}
@inproceedings{turau2020stateless,
  title={Stateless information dissemination algorithms},
  author={Turau, Volker},
  booktitle={International Colloquium on Structural Information and Communication Complexity},
  pages={183--199},
  year={2020},
  organization={Springer}
}
@inproceedings{turau2021synchronous,
  title={Synchronous concurrent broadcasts for intermittent channels with bounded capacities},
  author={Turau, Volker},
  booktitle={International Colloquium on Structural Information and Communication Complexity},
  pages={296--312},
  year={2021},
  organization={Springer}
}
@inproceedings{bayramzadeh2021weak,
  title={Weak amnesiac flooding of multiple messages},
  author={Bayramzadeh, Zahra and Kshemkalyani, Ajay D and Molla, Anisur Rahaman and Sharma, Gokarna},
  booktitle={Networked Systems: 9th International Conference, NETYS 2021, Virtual Event, May 19--21, 2021, Proceedings},
  pages={88--94},
  year={2021},
  organization={Springer}
}
@InProceedings{LimitsofInformationSpread,
  author =	{D'Archivio, Niccol\`{o} and Vacus, Robin},
  title =	{{On the Limits of Information Spread by Memory-Less Agents}},
  booktitle =	{38th International Symposium on Distributed Computing (DISC 2024)},
  pages =	{18:1--18:21},
  series =	{Leibniz International Proceedings in Informatics (LIPIcs)},
  ISBN =	{978-3-95977-352-2},
  ISSN =	{1868-8969},
  year =	{2024},
  volume =	{319},
  editor =	{Alistarh, Dan},
  publisher =	{Schloss Dagstuhl -- Leibniz-Zentrum f{\"u}r Informatik},
  address =	{Dagstuhl, Germany},
  URL =		{https://drops.dagstuhl.de/entities/document/10.4230/LIPIcs.DISC.2024.18},
  URN =		{urn:nbn:de:0030-drops-212441},
  doi =		{10.4230/LIPIcs.DISC.2024.18},
  annote =	{Keywords: Opinion Dynamics, Consensus Protocols, Collective Animal Behavior, Lower Bound}
}
@inproceedings{korman2022early,
  title={Early adapting to trends: Self-stabilizing information spread using passive communication},
  author={Korman, Amos and Vacus, Robin},
  booktitle={Proceedings of the 2022 ACM Symposium on Principles of Distributed Computing},
  pages={235--245},
  year={2022}
}
@InProceedings{MemoryLowerBoundsDISC,
  author =	{Parzych, Garrett and Daymude, Joshua J.},
  title =	{{Memory Lower Bounds and Impossibility Results for Anonymous Dynamic Broadcast}},
  booktitle =	{38th International Symposium on Distributed Computing (DISC 2024)},
  pages =	{35:1--35:18},
  series =	{Leibniz International Proceedings in Informatics (LIPIcs)},
  ISBN =	{978-3-95977-352-2},
  ISSN =	{1868-8969},
  year =	{2024},
  volume =	{319},
  editor =	{Alistarh, Dan},
  publisher =	{Schloss Dagstuhl -- Leibniz-Zentrum f{\"u}r Informatik},
  address =	{Dagstuhl, Germany},
  URL =		{https://drops.dagstuhl.de/entities/document/10.4230/LIPIcs.DISC.2024.35},
  URN =		{urn:nbn:de:0030-drops-212615},
  doi =		{10.4230/LIPIcs.DISC.2024.35},
  annote =	{Keywords: Dynamic networks, anonymity, broadcast, space complexity, lower bounds, termination detection, stabilizing termination}
}
@inproceedings{SocialNetworksSpreadRumors,
author = {Doerr, Benjamin and Fouz, Mahmoud and Friedrich, Tobias},
title = {Social networks spread rumors in sublogarithmic time},
year = {2011},
isbn = {9781450306911},
publisher = {Association for Computing Machinery},
address = {New York, NY, USA},
url = {https://doi.org/10.1145/1993636.1993640},
doi = {10.1145/1993636.1993640},
abstract = {With the prevalence of social networks, it has become increasingly important to understand their features and limitations. It has been observed that information spreads extremely fast in social networks. We study the performance of randomized rumor spreading protocols on graphs in the preferential attachment model. The well-known random phone call model of Karp et al. (FOCS 2000) is a push-pull strategy where in each round, each vertex chooses a random neighbor and exchanges information with it. We prove the following. - The push-pull strategy delivers a message to all nodes within Θ(log n) rounds with high probability. The best known bound so far was O(log2 n). - If we slightly modify the protocol so that contacts are chosen uniformly from all neighbors but the one contacted in the previous round, then this time reduces to Θ(log n / log log n), which is the diameter of the graph. This is the first time that a sublogarithmic broadcast time is proven for a natural setting. Also, this is the first time that avoiding double-contacts reduces the run-time to a smaller order of magnitude.},
booktitle = {Proceedings of the Forty-Third Annual ACM Symposium on Theory of Computing},
pages = {21–30},
numpages = {10},
keywords = {randomized algorithms, rumor spreading, social network},
location = {San Jose, California, USA},
series = {STOC '11}
}
@inproceedings{manfredi2011understanding,
  title={Understanding stateful vs stateless communication strategies for ad hoc networks},
  author={Manfredi, Victoria and Crovella, Mark and Kurose, Jim},
  booktitle={Proceedings of the 17th annual international conference on Mobile computing and networking},
  pages={313--324},
  year={2011}
}
@inproceedings{ni1999broadcast,
  title={The broadcast storm problem in a mobile ad hoc network},
  author={Ni, Sze-Yao and Tseng, Yu-Chee and Chen, Yuh-Shyan and Sheu, Jang-Ping},
  booktitle={Proceedings of the 5th annual ACM/IEEE international conference on Mobile computing and networking},
  pages={151--162},
  year={1999}
}
@article{ruiz2015survey,
  title={Survey on broadcast algorithms for mobile ad hoc networks},
  author={Ruiz, Patricia and Bouvry, Pascal},
  journal={ACM computing surveys (CSUR)},
  volume={48},
  number={1},
  pages={1--35},
  year={2015},
  publisher={ACM New York, NY, USA}
}
@article{manetsArentReallyStateless,
  title={Performance improvements for network-wide broadcast with instantaneous network information},
  author={Banerjee, Abhik and Foh, Chuan Heng and Yeo, Chai Kiat and Lee, Bu Sung},
  journal={Journal of Network and Computer Applications},
  volume={35},
  number={3},
  pages={1162--1174},
  year={2012},
  publisher={Elsevier}
}
@inproceedings{dolev2017stateless,
  title={Stateless computation},
  author={Dolev, Danny and Erdmann, Michael and Lutz, Neil and Schapira, Michael and Zair, Adva},
  booktitle={Proceedings of the ACM Symposium on Principles of Distributed Computing},
  pages={419--421},
  year={2017}
}


@inproceedings{HussakT-AF-STACS20,
  author       = {Walter Hussak and
                  Amitabh Trehan},
  editor       = {Christophe Paul and
                  Markus Bl{\"{a}}ser},
  title        = {On the Termination of Flooding},
  booktitle    = {37th International Symposium on Theoretical Aspects of Computer Science,
                  {STACS} 2020, March 10-13, 2020, Montpellier, France},
  series       = {LIPIcs},
  volume       = {154},
  pages        = {17:1--17:13},
  publisher    = {Schloss Dagstuhl - Leibniz-Zentrum f{\"{u}}r Informatik},
  year         = {2020},
  url          = {https://doi.org/10.4230/LIPIcs.STACS.2020.17},
  doi          = {10.4230/LIPICS.STACS.2020.17},
  timestamp    = {Wed, 21 Aug 2024 22:46:00 +0200},
  biburl       = {https://dblp.org/rec/conf/stacs/HussakT20.bib},
  bibsource    = {dblp computer science bibliography, https://dblp.org}
}

@inproceedings{HussakT-AF-PODC19,
  author       = {Walter Hussak and
                  Amitabh Trehan},
  editor       = {Peter Robinson and
                  Faith Ellen},
  title        = {On Termination of a Flooding Process},
  booktitle    = {Proceedings of the 2019 {ACM} Symposium on Principles of Distributed
                  Computing, {PODC} 2019, Toronto, ON, Canada, July 29 - August 2, 2019},
  pages        = {153--155},
  publisher    = {{ACM}},
  year         = {2019},
  url          = {https://doi.org/10.1145/3293611.3331586},
  doi          = {10.1145/3293611.3331586},
  timestamp    = {Mon, 05 Feb 2024 20:30:43 +0100},
  biburl       = {https://dblp.org/rec/conf/podc/HussakT19.bib},
  bibsource    = {dblp computer science bibliography, https://dblp.org}
}

@article{HT-AFCases-Arxiv20,
  author       = {Walter Hussak and
                  Amitabh Trehan},
  title        = {Terminating cases of flooding},
  journal      = {CoRR},
  volume       = {abs/2009.05776},
  year         = {2020},
  url          = {https://arxiv.org/abs/2009.05776},
  eprinttype    = {arXiv},
  eprint       = {2009.05776},
  timestamp    = {Thu, 17 Sep 2020 12:49:52 +0200},
  biburl       = {https://dblp.org/rec/journals/corr/abs-2009-05776.bib},
  bibsource    = {dblp computer science bibliography, https://dblp.org}
}

@inproceedings{CastanedaLT20-CLS-ICDCN20,
  author       = {Armando Casta{\~{n}}eda and
                  Jonas Lef{\`{e}}vre and
                  Amitabh Trehan},
  editor       = {Nandini Mukherjee and
                  Sriram V. Pemmaraju},
  title        = {Fully Compact Routing in Low Memory Self-Healing Trees},
  booktitle    = {{ICDCN} 2020: 21st International Conference on Distributed Computing
                  and Networking, Kolkata, India, January 4-7, 2020},
  pages        = {21:1--21:10},
  publisher    = {{ACM}},
  year         = {2020},
  url          = {https://doi.org/10.1145/3369740.3369786},
  doi          = {10.1145/3369740.3369786},
  timestamp    = {Sun, 19 Jan 2025 13:28:43 +0100},
  biburl       = {https://dblp.org/rec/conf/icdcn/CastanedaLT20.bib},
  bibsource    = {dblp computer science bibliography, https://dblp.org}
}

@inproceedings{Flin0HKN23-LowMemColouring-SPAA23,
  author       = {Maxime Flin and
                  Mohsen Ghaffari and
                  Magn{\'{u}}s M. Halld{\'{o}}rsson and
                  Fabian Kuhn and
                  Alexandre Nolin},
  editor       = {Kunal Agrawal and
                  Julian Shun},
  title        = {Coloring Fast with Broadcasts},
  booktitle    = {Proceedings of the 35th {ACM} Symposium on Parallelism in Algorithms
                  and Architectures, {SPAA} 2023, Orlando, FL, USA, June 17-19, 2023},
  pages        = {455--465},
  publisher    = {{ACM}},
  year         = {2023},
  url          = {https://doi.org/10.1145/3558481.3591095},
  doi          = {10.1145/3558481.3591095},
  timestamp    = {Thu, 15 Jun 2023 21:57:01 +0200},
  biburl       = {https://dblp.org/rec/conf/spaa/Flin0HKN23.bib},
  bibsource    = {dblp computer science bibliography, https://dblp.org}
}
