% Use this file for citations not found in the ACL Anthology (contained in "anthology.bib").

@misc{OpenAI2023GTP4,
  author = {{OpenAI}},
  title = {{GPT-4}},
  year = {2023},
  howpublished = {Online},
  url = {https://www.openai.com/research/gpt-4},
}

@inproceedings{zhang2024detecting,
  title = {Detecting Machine-Generated Texts by Multi-Population Aware Optimization for Maximum Mean Discrepancy},
  author = {Zhang, Shuhai and Song, Yiliao and Yang, Jiahao and Li, Yuanqing and Han, Bo and Tan, Mingkui},
  booktitle = {Proceedings of The 12th International Conference on Learning Representations},
  year = {2024},
  url = {https://openreview.net/forum?id=3fEKavFsnv},
}

@misc{Yang2023a,
  title = {A Survey on Detection of {LLMs}-Generated Content},
  author = {Yang, Xianjun and Pan, Liangming and Zhao, Xuandong and Chen, Haifeng and Petzold, Linda and Wang, William Yang and Cheng, Wei},
  year = {2023},
  howpublished = {arXiv:2310.15654 [cs.CL]},
  doi = {10.48550/arXiv.2310.15654},
}

@misc{solaiman2019release,
  title = {Release Strategies and the Social Impacts of Language Models},
  author = {Solaiman, Irene and Brundage, Miles and Clark, Jack and Askell, Amanda and Herbert-Voss, Ariel and Wu, Jeff and Radford, Alec and Krueger, Gretchen and Kim, Jong Wook and Kreps, Sarah and McCain, Miles and Newhouse, Alex and Blazakis, Jason and McGuffie, Kris and Wang, Jasmine},
  howpublished = {arXiv:1908.09203 [cs.CL]},
  year = {2019},
  doi = {10.48550/arXiv.1908.09203},
}

@misc{gptzero_website,
  title = {{GPTZero}},
  author = {Tian, Edward and Cui, Alex and Kusio, Olivia and others},
  year = {2023},
  howpublished = {Online},
  url = {https://www.gptzero.me/},
}

@misc{sapling_website,
  title = {{Sapling}},
  author = {{Sapling AI Team}},
  year = {2023},
  howpublished = {Online},
  url = {https://sapling.ai/ai-content-detector},
}

@misc{originality_ai_website,
  title = {{Originality.AI}},
  author = {{Originality.AI}},
  year = {2024},
  howpublished = {Online},
  url = {https://app.originality.ai/api-access},
}

@misc{copyleaks_website,
  title = {{AI} Detector | {ChatGPT} Detector | {AI} Checker - {CopyLeaks}},
  author = {{Copyleaks Technologies Ltd.}},
  year = {2023},
  howpublished = {Online},
  url = {https://copyleaks.com/ai-content-detector},
}

@misc{crossplag_website,
  title = {{AI} Content Detector},
  author = {{Inspera}},
  year = {2023},
  howpublished = {Online},
  url = {https://crossplag.com/ai-content-detector/},
}

@misc{zerogpt_website,
  title = {{ZeroGPT}},
  author = {{ZeroGPT.com}},
  year = {2023},
  howpublished = {Online},
  url = {https://www.zerogpt.com/},
}

% Demo URL: https://openai-openai-detector.hf.space/
@misc{openai_text_classifier,
  title = {{GPT}-2 Output Detector Demo},
  author = {{OpenAI}},
  year = {2021},
  howpublished = {Online},
  url = {https://github.com/openai/gpt-2-output-dataset/},
}

@misc{Hans2024Binoculars,
  title = {Spotting {LLMs} With {Binoculars}: Zero-Shot Detection of Machine-Generated Text},
  author = {Hans, Abhimanyu and Schwarzschild, Avi and Cherepanova, Valeriia and Kazemi, Hamid and Saha, Aniruddha and Goldblum, Micah and Geiping, Jonas and Goldstein, Tom},
  howpublished = {arXiv:2401.12070 [cs.CL]},
  doi = {10.48550/arXiv.2401.12070},
  year = {2024},
}

@inproceedings{Kumari2024DEMASQ,
  title = {{DEMASQ}: Unmasking the {ChatGPT} Wordsmith},
  author = {Kumari, Kavita and Pegoraro, Alessandro and Fereidooni, Hossein and Sadeghi, Ahmad-Reza},
  year = {2024},
  url = {https://www.ndss-symposium.org/ndss-paper/demasq-unmasking-the-chatgpt-wordsmith/},
}

@misc{gehrmann2019gltr,
  title = {{GLTR}: Statistical Detection and Visualization of Generated Text},
  author = {Gehrmann, Sebastian and Strobelt, Hendrik and Rush, Alexander M.},
  year = {2019},
  howpublished = {arXiv:1906.04043 [cs.CL]},
  doi = {10.48550/arXiv.1906.04043},
}

@inproceedings{Mitchell2023DetectGPT,
  title = {{DetectGPT}: Zero-Shot Machine-Generated Text Detection Using Probability Curvature},
  author = {Mitchell, Eric and Lee, Yoonho and Khazatsky, Alexander and Manning, Christopher D. and Finn, Chelsea},
  booktitle = {Proceedings of the 40th International Conference on Machine Learning},
  articleno = {1038},
  numpages = {13},
  pages = {24950--24962},
  year = {2023},
  url = {https://proceedings.mlr.press/v202/mitchell23a.html},
}

@misc{su2023detectllm,
  title = {{DetectLLM}: Leveraging Log Rank Information for Zero-Shot Detection of Machine-Generated Text},
  author = {Su, Jinyan and Zhuo, Terry Yue and Wang, Di and Nakov, Preslav},
  howpublished = {arXiv:2306.05540 [cs.CL]},
  year = {2023},
  doi = {10.48550/arXiv.2306.05540},
}

@article{wu2023mfd,
  title = {{MFD}: Multi-Feature Detection of {LLM}-Generated Text},
  author = {Wu, Zhendong and Xiang, Hui},
  year = {2023},
  doi = {10.21203/rs.3.rs-3226684/v1},
}

@inproceedings{Bao2024Fast-DetectGPT,
  title = {{Fast-DetectGPT}: Efficient Zero-Shot Detection of Machine-Generated Text via Conditional Probability Curvature},
  author = {Bao, Guangsheng and Zhao, Yanbin and Teng, Zhiyang and Yang, Linyi and Zhang, Yue},
  booktitle = {Proceedings of the 12th International Conference on Learning Representations},
  year = {2024},
  url = {https://openreview.net/forum?id=Bpcgcr8E8Z},
}

@inproceedings{Wang2023SeqXGPT,
  title = {{SeqXGPT}: Sentence-Level {AI}-Generated Text Detection},
  author = {Wang, Pengyu and Li, Linyang and Ren, Ke and Jiang, Botian and Zhang, Dong and Qiu, Xipeng},
  booktitle = {Proceedings of the 2023 Conference on Empirical Methods in Natural Language Processing},
  pages = {1144--1156},
  year = {2023},
  url = {https://aclanthology.org/2023.emnlp-main.73},
}

@inproceedings{bhattacharjee2023conda,
  title = {{ConDA}: Contrastive Domain Adaptation for {AI}-Generated Text Detection},
  author = {Bhattacharjee, Amrita and Kumarage, Tharindu and Moraffah, Raha and Liu, Huan},
  booktitle = {Proceedings of the 13th International Joint Conference on Natural Language Processing and the 3rd Conference of the Asia-Pacific Chapter of the Association for Computational Linguistics (Volume 1: Long Papers)},
  pages = {598--610},
  year = {2023},
  doi = {10.18653/v1/2023.ijcnlp-main.40},
}

@inproceedings{Antoun2024text2source,
  title = {From Text to Source: Results in Detecting Large Language Model-Generated Content},
  author = {Antoun, Wissam and Sagot, Beno{\^i}t and Seddah, Djam{\'e}},
  booktitle = {Proceedings of the 2024 Joint International Conference on Computational Linguistics, Language Resources and Evaluation (LREC-COLING 2024)},
  pages = {7531--7543},
  year = {2023},
  url = {https://aclanthology.org/2024.lrec-main.665},
}

@inproceedings{zhu2023beat,
  title = {Beat {LLMs} at Their Own Game: Zero-Shot {LLM}-Generated Text Detection via Querying {ChatGPT}},
  author = {Zhu, Biru and Yuan, Lifan and Cui, Ganqu and Chen, Yangyi and Fu, Chong and He, Bingxiang and Deng, Yangdong and Liu, Zhiyuan and Sun, Maosong and Gu, Ming},
  booktitle = {Proceedings of the 2023 Conference on Empirical Methods in Natural Language Processing},
  pages = {7470--7483},
  year = {2023},
  doi = {10.18653/v1/2023.emnlp-main.463},
}

@misc{mitrovic2023chatgpt,
  title = {{ChatGPT} or Human? Detect and Explain. Explaining Decisions of Machine Learning Model for Detecting Short {ChatGPT}-Generated Text},
  author = {Mitrovi{\'c}, Sandra and Andreoletti, Davide and Ayoub, Omran},
  howpublished = {arXiv:2301.13852 [cs.CL]},
  year = {2023},
  doi = {10.48550/arXiv.2301.13852},
}

@article{lundberg2017unified,
  title = {A Unified Approach to Interpreting Model Predictions},
  author = {Lundberg, Scott M. and Lee, Su-In},
  journal = {Advances in Neural Information Processing Systems},
  volume = {30},
  pages = {4768--4777},
  year = {2017},
  url = {https://proceedings.neurips.cc/paper_files/paper/2017/file/8a20a8621978632d76c43dfd28b67767-Paper.pdf},
}

@inproceedings{andre2023detecting,
  title = {Detecting {AI} Authorship: Analyzing Descriptive Features for {AI} Detection},
  author = {Andr{\'e}, Christopher M. J. and Eriksen, Helene F. L. and Jakobsen, Emil J. and Mingolla, Luca C. B. and Thomsen, Nicolai B.},
  booktitle = {Proceedings of the 7th Workshop on Natural Language for Artificial Intelligence (NL4AI 2023)},
  articleno = {3},
  numpages = {14},
  year = {2023},
  url = {https://ceur-ws.org/Vol-3551/paper3.pdf},
}

@inproceedings{mindner2023classification,
  title = {Classification of Human-and {AI}-Generated Texts: Investigating Features for {ChatGPT}},
  author = {Mindner, Lorenz and Schlippe, Tim and Schaaff, Kristina},
  booktitle = {Artificial Intelligence in Education Technologies: New Development and Innovative Practices -- Proceedings of 2023 4th International Conference on Artificial Intelligence in Education Technology},
  pages = {152--170},
  year = {2023},
  doi = {10.1007/978-981-99-7947-9_12},
  publisher = {Springer},
}

@misc{munoz2023contrasting,
  title = {Contrasting Linguistic Patterns in Human and {LLM}-Generated Text},
  author = {Mu{\~n}oz-Ortiz, Alberto and G{\'o}mez-Rodr{\'\i}guez, Carlos and Vilares, David},
  howpublished = {arXiv:2308.09067 [cs.CL]},
  year = {2023},
  doi = {10.48550/arXiv.2308.09067},
}

@misc{Grammarly,
  title = {{Grammarly}: Free Online Writing Assistant},
  howpublished = {Online},
  url = {https://www.grammarly.com},
}

@article{Flesch1948readability,
  title = {A New Readability Yardstick},
  author = {Flesch, Rudolf},
  journal = {Journal of Applied Psychology},
  volume = {32},
  number = {3},
  pages = {221--233},
  year = {1948},
  doi = {10.1037/h0057532},
  publisher = {APA},
}

@techreport{Kincaid1975readbility,
  title = {Derivation of New Readability Formulas ({Automated Readability Index}, {Fog Count} and {Flesch Reading Ease Formula}) for Navy Enlisted Personnel},
  author = {Kincaid, J. Peter and Fishburne, Robert P. Jr and Rogers, Richard L. and Chissom, Brad S.},
  number = {Research Branch Report 8-75},
  institution = {Naval Technical Training Command Millington TN Research Branch},
  year = {1975},
  url = {https://stars.library.ucf.edu/istlibrary/56/},
}

@misc{OpenAI2022ChatGPT3.5,
  author = {{OpenAI}},
  title = {Introducing {ChatGPT}},
  year = {2022},
  howpublished = {Online},
  url = {https://openai.com/index/chatgpt/},
}

@misc{Touvron2023LLaMA,
  title = {{LLaMA}: Open and Efficient Foundation Language Models},
  author = {Touvron, Hugo and Lavril, Thibaut and Izacard, Gautier and Martinet, Xavier and Lachaux, Marie-Anne and Lacroix, Timothée and Rozière, Baptiste and Goyal, Naman and Hambro, Eric and Azhar, Faisal and Rodriguez, Aurelien and Joulin, Armand and Grave, Edouard and Lample, Guillaume},
  howpublished = {arXiv:2302.13971 [cs.CL]},
  year = {2023},
  doi = {10.48550/arXiv.2302.13971},
}

@misc{gemini2023,
  author = {Hassabis, Demis and the Gemini Team},
  title = {Introducing {Gemini}: {Google}'s Most Capable {AI} Model Yet},
  year = {2023},
  howpublished = {Online},
  url = {https://blog.google/technology/ai/introducing-gemini/},
}

@misc{Guo2023ChatGPT_vs_humans,
  title = {How Close is {ChatGPT} to Human Experts? Comparison Corpus, Evaluation, and Detection},
  author = {Guo, Biyang and Zhang, Xin and Wang, Ziyuan and Jiang, Minqi and Nie, Jinran and Ding, Yuxuan and Yue, Jianwei and Wu, Yupeng},
  howpublished = {arXiv:2301.07597 [cs.CL]},
  year = {2023},
  doi = {10.48550/arXiv.2301.07597},
}

@article{abdalla2023benchmark,
  title = {A Benchmark Dataset to Distinguish Human-Written and Machine-Generated Scientific Papers},
  author = {Abdalla, Mohamed Hesham Ibrahim and Malberg, Simon and Dementieva, Daryna and Mosca, Edoardo and Groh, Georg},
  journal = {Information},
  volume = {14},
  number = {10},
  articleno = {522},
  numpages = {33},
  pages = {522:1--522:33},
  year = {2023},
  doi = {10.3390/info14100522},
  publisher = {MDPI},
}

@misc{X_Twitter,
  title = {{Home / {X}}},
  howpublished = {Online},
  url = {https://x.com/},
}

@article{Fleiss1971kappa,
  title = {Measuring Nominal Scale Agreement Among Many Raters},
  author = {Fleiss, Joseph L.},
  journal = {Psychological Bulletin},
  volume = {76},
  number = {5},
  pages = {378--382},
  year = {1971},
  doi = {10.1037/h0031619},
  publisher = {APA},
}

@article{Cox1958,
  author = {Cox, D. R.},
  title = {The Regression Analysis of Binary Sequences},
  journal = {Journal of the Royal Statistical Society. Series B (Methodological)},
  year = {1958},
  volume = {20},
  number = {2},
  pages = {215--242},
  doi = {10.1111/j.2517-6161.1958.tb00292.x},
  publisher = {RSS},
}

@article{Cortes1995SVN,
  author = {Cortes, Corinna and Vapnik, Vladimir},
  title = {Support-Vector Networks},
  journal = {Machine Learning},
  year = {1995},
  volume = {20},
  number = {3},
  pages = {273--297},
  doi = {10.1007/BF00994018},
  publisher = {Kluwer Academic Publishers},
}

@article{Rosenblatt1958perceptron,
  author = {Rosenblatt, Frank},
  title = {The Perceptron: A Probabilistic Model for Information Storage and Organization in The Brain},
  journal = {Psychological Review},
  year = {1958},
  volume = {65},
  number = {6},
  pages = {386--408},
  doi = {10.1037/h0042519},
  publisher = {APA},
}

@book{Breiman1984,
  author = {Breiman, Leo and Friedman, Jerome and Olshen, Richard and Stone, Charles},
  title = {Classification and Regression Trees},
  year = {1984},
  doi = {10.1201/9781315139470},
  publisher = {Chapman and Hall/CRC},
}

@inproceedings{KGWKM2023watermarkLLM,
  author    = {Kirchenbauer, John and Geiping, Jonas and Wen, Yuxin and Katz, Jonathan and Miers, Ian and Goldstein, Tom},
  title     = {A Watermark for Large Language Models},
  booktitle = {Proceedings of the 40th International Conference on Machine Learning},
  series    = {Proceedings of Machine Learning Research},
  volume    = {202},
  pages     = {17061--17084},
  year      = {2023},
  publisher = {PMLR},
  url       = {https://proceedings.mlr.press/v202/kirchenbauer23a.html},
}

@misc{Liu2024watermarkLLM,
  author       = {Liu, Aiwei and Pan, Leyi and Hu, Xuming and Li, Shuang and Wen, Lijie and King, Irwin and Yu, Philip S.},
  title        = {An Unforgeable Publicly Verifiable Watermark for Large Language Models},
  booktitle    = {Proceedings of the 12th International Conference on Learning Representations},
  year         = {2024},
  url          = {https://openreview.net/forum?id=gMLQwKDY3N},
}

@misc{Wu2024survey,
  author       = {Wu, Junchao and Yang, Shu and Zhan, Runzhe and Yuan, Yulin and Wong, Derek F. and Chao, Lidia S.},
  title        = {A Survey on {LLM}-Generated Text Detection: Necessity, Methods, and Future Directions},
  year         = {2024},
  howpublished = {arXiv:2310.14724v3 [cs.CL]},
  doi = {10.48550/arXiv.2310.14724},
}

@article{Hu2023RADAR,
  author       = {Hu, Xiaomeng and Chen, Pin-Yu and Ho, Tsung-Yi},
  title        = {{RADAR}: Robust {AI-Text} Detection via Adversarial Learning},
  journal      = {Advances in Neural Information Processing Systems},
  volume       = {36},
  pages        = {15077--15095},
  year         = {2023},
  url          = {https://proceedings.neurips.cc/paper_files/paper/2023/file/30e15e5941ae0cdab7ef58cc8d59a4ca-Paper-Conference.pdf},
}

@misc{Weng2023explainable_detection,
  author       = {Weng, Lilin and Zhu, Mengyu and Wong, Kwok-Kwan and Liu, Sheng and Sun, Jian and Zhu, Hong and Han, Dong and Chen, Wei},
  title        = {Towards an Understanding and Explanation for Mixed-Initiative Artificial Scientific Text Detection},
  howpublished = {arXiv:2304.05011 [cs.HC]},
  year         = {2023},
  doi          = {10.48550/arXiv.2304.05011},
}

@misc{He2023MGTBench,
  author       = {He, Xinlei and Shen, Xinyue and Chen, Zeyuan and Backes, Michael and Zhang, Yang},
  title        = {{MGTBench}: Benchmarking Machine-Generated Text Detection},
  howpublished = {arXiv:2303.14822 [cs.CR]},
  year         = {2023},
  doi          = {10.48550/arXiv.2303.14822},
}

@inproceedings{Wu2023LLMDet,
  author    = {Wu, Kangxi and Pang, Liang and Shen, Huawei and Cheng, Xueqi and Chua, Tat-Seng},
  title     = {{LLMDet}: A Third Party Large Language Models Generated Text Detection Tool},
  booktitle = {Findings of the Association for Computational Linguistics: EMNLP 2023},
  pages     = {2113--2133},
  year      = {2023},
  doi       = {10.18653/v1/2023.findings-emnlp.139},
}

@misc{Fan2019ELI5,
  title = {{ELI5}: Long Form Question Answering},
  author = {Fan, Angela and Jernite, Yacine and Perez, Ethan and Grangier, David and Weston, Jason and Auli, Michael},
  howpublished = {arXiv:1907.09190 [cs.CL]},
  year = {2019},
  doi = {10.48550/arXiv.1907.09190},
}

@inproceedings{bhattacharjee2024fighting,
  title={Fighting fire with fire: Can ChatGPT detect AI-generated text?},
  author={Bhattacharjee, A. and Liu, H.},
  booktitle={SIGKDD Explorations Newsletter},
  year={2024},
  volume={25},
  number={2},
  pages={1--12}
}

@inproceedings{kovacs2024turing,
  title={The Turing test of online reviews: Can we tell the difference between human-written and GPT-4-written online reviews?},
  author={Kovács, B.},
  journal={Mark Lett},
  volume={35},
  pages={651--666},
  year={2024},
  doi={10.1007/s11002-024-09729-3}
}

@inproceedings{frank2024detection,
  title={A Representative Study on Human Detection of Artificially Generated Media Across Countries},
  author={Frank, J. and others},
  booktitle={IEEE Symposium on Security and Privacy (SP)},
  year={2024},
  pages={55--73},
  doi={10.1109/SP54263.2024.00159}
}

@inproceedings{zhou2024humanizing,
  title={Humanizing Machine-Generated Content: Evading AI-Text Detection through Adversarial Attack},
  author={Zhou, Y. and He, B. and Sun, L.},
  booktitle={Proceedings of the 2024 Joint International Conference on Computational Linguistics, Language Resources and Evaluation (LREC-COLING 2024)},
  pages={8427--8437},
  year={2024},
  publisher={ELRA and ICCL}
}

@inproceedings{lee2023do,
  title={Do Language Models Plagiarize?},
  author={Lee, J. and others},
  booktitle={Proceedings of the ACM Web Conference 2023 (WWW '23)},
  year={2023},
  pages={3637--3647},
  doi={10.1145/3543507.3583199}
}

@inproceedings{weng2024understanding,
  title={Towards an Understanding and Explanation for Mixed-Initiative Artificial Scientific Text Detection},
  author={Weng, L. and Liu, S. and others},
  journal={Information Visualization},
  volume={23},
  number={3},
  pages={272--291},
  year={2024},
  doi={10.1177/14738716241240156}
}

@misc{OpenAI2024GTP4O,
  author = {{OpenAI}},
  title = {{GPT-4O}},
  year = {2024},
  howpublished = {Online},
  url = {https://openai.com/index/gpt-4o-system-card/},
}



@article{ali2024qwen2,
  title={Qwen2 Technical Report},
  author={Qwen2 Team},
  journal={arXiv preprint arXiv:2407.10671},
  year={2024},
  url={https://arxiv.org/abs/2407.10671}
}


@article{zhang2023perplexity,
  title={Perplexity-based detection of LLM-generated content},
  author={Zhang, Haoran and Li, Cheng and Wang, Jinpeng and Zhou, Wei},
  journal={arXiv preprint arXiv:2303.10102},
  year={2023}
}



@article{dugan2024raid,
    author = {Dugan, Liam and Hwang, Alyssa and Trhlík, Filip and Zhu, Andrew and Ludan, Josh Magnus and Xu, Hainiu and Ippolito, Daphne and Callison-Burch, Chris},
    title = {RAID: A Shared Benchmark for Robust Evaluation of Machine-Generated Text Detectors},
    journal = {Proceedings of the 62nd Annual Meeting of the Association for Computational Linguistics (Volume 1: Long Papers)},
    year = {2024},
    pages = {12463–12492},
    url = {https://doi.org/10.18653/v1/2024.acl-long.674}
}

@article{ideate2024,
    author = {IDEATE: Detecting AI-Generated Text Using Internal and External Factual Structures},
    title = {LREC-COLING 2024},
    year = {2024},
    url = {https://www.aclweb.org/anthology/2024.lrec-main.919/}
}

@inproceedings{lee2024llm,
    author = {Lee, Jooyoung and Le, Thai and Chen, Jinghui and Lee, Dongwon},
    title = {LLM-as-a-Coauthor: Can Mixed Human-Written and Machine-Generated Text Be Detected?},
    booktitle = {NAACL 2024 Findings},
    year = {2024},
    url = {https://aclanthology.org/2024.findings-naacl.29/}
}

@article{turingtest2024,
    author = {Frank, J. and others},
    title = {The Turing test of online reviews: Can we tell the difference between human-written and GPT-4-written online reviews?},
    journal = {Proceedings of the 2024 IEEE Symposium on Security and Privacy (SP)},
    year = {2024},
    pages = {55-73},
    doi = {10.1109/SP54263.2024.00159}
}

@article{coling2024,
    author = {Bhattacharjee, A. and Liu, H.},
    title = {Limitations of Human Identification of Automatically Generated Text},
    booktitle = {LREC-COLING 2024},
    year = {2024},
    url = {https://aclanthology.org/2024.lrec-main.919/}
}



@article{plagbench2024,
  title={Plagbench: Exploring the duality of large language models in plagiarism generation and detection},
  author={Lee, Jooyoung and Agrawal, Toshini and Uchendu, Adaku and Le, Thai and Chen, Jinghui and Lee, Dongwon},
  journal={arXiv preprint arXiv:2406.16288},
  year={2024}
}

@article{smallerLLM2024,
  author = {He, Zhiyuan and Liu, Rui and Liu, Xiaojun and Huang, Yiming},
  title = {Smaller Language Models are Better Zero-shot Machine-Generated Text Detectors},
  year = {2024},
  journal = {arXiv preprint arXiv:2400.00000},
  url = {https://arxiv.org/abs/2400.00000}
}


@inproceedings{wang2024m4gt,
  title={{M4GT-Bench}: Evaluation Benchmark for Black-Box Machine-Generated Text Detection},
  author={Wang, Yuxia and Mansurov, Jonibek and Ivanov, Petar and Su, Jinyan and Shelmanov, Artem and Tsvigun, Akim and Afzal, Osama Mohanned and Mahmoud, Tarek and Puccetti, Giovanni and Arnold, Thomas and Aji, Alham Fikri and Habash, Nizar and Gurevych, Iryna and Nakov, Preslav},
  booktitle={Proceedings of the 62nd Annual Meeting of the Association for Computational Linguistics (Volume 1: Long Papers)},
  pages={12493--12523},
  year={2024},
  organization={Association for Computational Linguistics},
  doi={10.18653/v1/2024.acl-long.218},
  url={https://aclanthology.org/2024.acl-long.218}
}


@article{matarazzo2025survey,
  title={A Survey on Large Language Models with some Insights on their Capabilities and Limitations},
  author={Andrea Matarazzo and Riccardo Torlone},
  year={2025},
  journal={arXiv preprint arXiv:2501.04040},
  note={174 pages, to be submitted to a journal in a shorter version. Includes figures taken from papers by other authors. All sources have been referenced.},
  doi={10.48550/arXiv.2501.04040},
  subjects={Computation and Language (cs.CL); Artificial Intelligence (cs.AI); Machine Learning (cs.LG); Neural and Evolutionary Computing (cs.NE)},
  acm_classes={I.2.7; I.2.6}
}

@article{hu2025unveiling,
  title={Unveiling ambiguity: ChatGPT vs. human writing},
  author={Hu, B.},
  journal={Applied Economics Letters},
  year={2025},
  pages={1--9},
  doi={10.1080/13504851.2024.2449145}
}

@article{ji2024detecting,
  title={Detecting machine-generated texts: Not just ``ai vs humans'' and explainability is complicated},
  author={Ji, Jiazhou and Li, Ruizhe and Li, Shujun and Guo, Jie and Qiu, Weidong and Huang, Zheng and Chen, Chiyu and Jiang, Xiaoyu and Lu, Xinru},
  journal={arXiv preprint arXiv:2406.18259},
  year={2024}
}

@article{hurst2024gpt,
  title={Gpt-4o system card},
  author={Hurst, Aaron and Lerer, Adam and Goucher, Adam P and Perelman, Adam and Ramesh, Aditya and Clark, Aidan and Ostrow, AJ and Welihinda, Akila and Hayes, Alan and Radford, Alec and others},
  journal={arXiv preprint arXiv:2410.21276},
  year={2024}
}

@article{yang2024qwen2,
  title={Qwen2. 5 technical report},
  author={Yang, An and Yang, Baosong and Zhang, Beichen and Hui, Binyuan and Zheng, Bo and Yu, Bowen and Li, Chengyuan and Liu, Dayiheng and Huang, Fei and Wei, Haoran and others},
  journal={arXiv preprint arXiv:2412.15115},
  year={2024}
}

@article{dubey2024llama,
  title={The llama 3 herd of models},
  author={Dubey, Abhimanyu and Jauhri, Abhinav and Pandey, Abhinav and Kadian, Abhishek and Al-Dahle, Ahmad and Letman, Aiesha and Mathur, Akhil and Schelten, Alan and Yang, Amy and Fan, Angela and others},
  journal={arXiv preprint arXiv:2407.21783},
  year={2024}
}

@inproceedings{hu2021lora,
  title={LoRA: Low-Rank Adaptation of Large Language Models},
  author={Hu, Edward and Peng, Xiang and Liu, Xuehai and Song, Le and Zhang, Furu and Wang, Xihong},
  booktitle={Proceedings of the 38th International Conference on Machine Learning (ICML)},
  year={2021},
  url={https://arxiv.org/abs/2106.09685}
}
