@inproceedings{Yuan_2020,
   title={XGNN: Towards Model-Level Explanations of Graph Neural Networks},
   booktitle={International Conference on Knowledge Discovery and Data Mining},
   author={Yuan, Hao and Tang, Jiliang and Hu, Xia and Ji, Shuiwang},
   year={2020},
}

@article{adams2025from,
  title={From Mechanistic Interpretability to Mechanistic Biology: Training, Evaluating, and Interpreting Sparse Autoencoders on Protein Language Models},
  author={Etowah Adams and Liam Bai and Minji Lee and Yiyang Yu and Mohammed AlQuraishi},
  journal={bioRxiv},
  year={2025},
}

@misc{barak2023hidden,
      title={Hidden Progress in Deep Learning: SGD Learns Parities Near the Computational Limit}, 
      author={Boaz Barak and Benjamin L. Edelman and Surbhi Goel and Sham Kakade and Eran Malach and Cyril Zhang},
      year={2023},
      eprint={2207.08799},
      archivePrefix={arXiv},
      primaryClass={cs.LG}
}

@article{cammarata2020thread:,
  author = {Cammarata, Nick and Carter, Shan and Goh, Gabriel and Olah, Chris and Petrov, Michael and Schubert, Ludwig and Voss, Chelsea and Egan, Ben and Lim, Swee Kiat},
  title = {Thread: Circuits},
  journal = {Distill},
  year = {2020},
  note = {https://distill.pub/2020/circuits},
  doi = {10.23915/distill.00024}
}

@article{cranmer2020discovering,
  title={Discovering symbolic models from deep learning with inductive biases},
  author={Cranmer, Miles and Sanchez Gonzalez, Alvaro and Battaglia, Peter and Xu, Rui and Cranmer, Kyle and Spergel, David and Ho, Shirley},
  journal={Advances in neural information processing systems},
  year={2020}
}

@article{elhage2021mathematical,
   title={A Mathematical Framework for Transformer Circuits},
   author={Elhage, Nelson and Nanda, Neel and Olsson, Catherine and Henighan, Tom and Joseph, Nicholas and Mann, Ben and Askell, Amanda and Bai, Yuntao and Chen, Anna and Conerly, Tom and DasSarma, Nova and Drain, Dawn and Ganguli, Deep and Hatfield-Dodds, Zac and Hernandez, Danny and Jones, Andy and Kernion, Jackson and Lovitt, Liane and Ndousse, Kamal and Amodei, Dario and Brown, Tom and Clark, Jack and Kaplan, Jared and McCandlish, Sam and Olah, Chris},
   year={2021},
   journal={Transformer Circuits Thread},
   note={https://transformer-circuits.pub/2021/framework/index.html}
}

@misc{elhage2022toy,
      title={Toy Models of Superposition}, 
      author={Nelson Elhage and Tristan Hume and Catherine Olsson and Nicholas Schiefer and Tom Henighan and Shauna Kravec and Zac Hatfield-Dodds and Robert Lasenby and Dawn Drain and Carol Chen and Roger Grosse and Sam McCandlish and Jared Kaplan and Dario Amodei and Martin Wattenberg and Christopher Olah},
      year={2022},
      eprint={2209.10652},
      archivePrefix={arXiv},
      primaryClass={cs.LG}
}

@misc{hernandez2022natural,
      title={Natural Language Descriptions of Deep Visual Features}, 
      author={Evan Hernandez and Sarah Schwettmann and David Bau and Teona Bagashvili and Antonio Torralba and Jacob Andreas},
      year={2022},
      eprint={2201.11114},
      archivePrefix={arXiv},
      primaryClass={cs.CV}
}

@article{krickel2023and,
  title={How and when are topological explanations complete mechanistic explanations? The case of multilayer network models},
  author={Krickel, Beate and de Bruin, Leon and Douw, Linda},
  journal={Synthese},
  year={2023},
}

@misc{lucic2022cfgnnexplainer,
      title={CF-GNNExplainer: Counterfactual Explanations for Graph Neural Networks}, 
      author={Ana Lucic and Maartje ter Hoeve and Gabriele Tolomei and Maarten de Rijke and Fabrizio Silvestri},
      year={2022},
      eprint={2102.03322},
      archivePrefix={arXiv},
      primaryClass={cs.LG}
}

@misc{magister2021gcexplainer,
      title={GCExplainer: Human-in-the-Loop Concept-based Explanations for Graph Neural Networks}, 
      author={Lucie Charlotte Magister and Dmitry Kazhdan and Vikash Singh and Pietro Li√≤},
      year={2021},
      eprint={2107.11889},
      archivePrefix={arXiv},
      primaryClass={cs.LG}
}

@misc{mu2021compositional,
      title={Compositional Explanations of Neurons}, 
      author={Jesse Mu and Jacob Andreas},
      year={2021},
      eprint={2006.14032},
      archivePrefix={arXiv},
      primaryClass={cs.LG}
}

@article{olah2017feature,
  author = {Olah, Chris and Mordvintsev, Alexander and Schubert, Ludwig},
  title = {Feature Visualization},
  journal = {Distill},
  year = {2017},
  note = {https://distill.pub/2017/feature-visualization},
  doi = {10.23915/distill.00007}
}

@misc{olah2022mechanistic,
  title={Mechanistic Interpretability, Variables, and the Importance of Interpretable Bases},
  author={Olah, Chris},
  year={2022},
  month={Jun},
  howpublished={https://www.transformer-circuits.pub/2022/mech-interp-essay},
}

@article{rathkopf2018network,
  title={Network representation and complex systems},
  author={Rathkopf, Charles},
  journal={Synthese},
  volume={195},
  pages={55--78},
  year={2018},
  publisher={Springer}
}

@article{simon2024interplm,
  title={InterPLM: Discovering Interpretable Features in Protein Language Models via Sparse Autoencoders},
  author={Simon, Elana and Zou, James},
  journal={bioRxiv},
  year={2024},
}

@misc{wei2022emergent,
      title={Emergent Abilities of Large Language Models}, 
      author={Jason Wei and Yi Tay and Rishi Bommasani and Colin Raffel and Barret Zoph and Sebastian Borgeaud and Dani Yogatama and Maarten Bosma and Denny Zhou and Donald Metzler and Ed H. Chi and Tatsunori Hashimoto and Oriol Vinyals and Percy Liang and Jeff Dean and William Fedus},
      year={2022},
      eprint={2206.07682},
      archivePrefix={arXiv},
      primaryClass={cs.CL}
}

@misc{ying2019gnnexplainer,
      title={GNNExplainer: Generating Explanations for Graph Neural Networks}, 
      author={Rex Ying and Dylan Bourgeois and Jiaxuan You and Marinka Zitnik and Jure Leskovec},
      year={2019},
      journal={Advances in Neural Information Processing Systems},
}

