
% Journals

% First the Full Name is given, then the abbreviation used in the AMS Math
% Reviews, with an indication if it could not be found there.
% Note the 2nd overwrites the 1st, so swap them if you want the full name.

 %{AMS}
 @String{AMSTrans = "American Mathematical Society Translations" }
 @String{AMSTrans = "Amer. Math. Soc. Transl." }
 @String{BullAMS = "Bulletin of the American Mathematical Society" }
 @String{BullAMS = "Bull. Amer. Math. Soc." }
 @String{ProcAMS = "Proceedings of the American Mathematical Society" }
 @String{ProcAMS = "Proc. Amer. Math. Soc." }
 @String{TransAMS = "Transactions of the American Mathematical Society" }
 @String{TransAMS = "Trans. Amer. Math. Soc." }

 %ACM
 @String{CACM = "Communications of the {ACM}" }
 @String{CACM = "Commun. {ACM}" }
 @String{CompServ = "Comput. Surveys" }
 @String{JACM = "J. ACM" }
 @String{ACMMathSoft = "{ACM} Transactions on Mathematical Software" }
 @String{ACMMathSoft = "{ACM} Trans. Math. Software" }
 @String{SIGNUM = "{ACM} {SIGNUM} Newsletter" }
 @String{SIGNUM = "{ACM} {SIGNUM} Newslett." }

 @String{AmerSocio = "American Journal of Sociology" }
 @String{AmerStatAssoc = "Journal of the American Statistical Association" }
 @String{AmerStatAssoc = "J. Amer. Statist. Assoc." }
 @String{ApplMathComp = "Applied Mathematics and Computation" }
 @String{ApplMathComp = "Appl. Math. Comput." }
 @String{AmerMathMonthly = "American Mathematical Monthly" }
 @String{AmerMathMonthly = "Amer. Math. Monthly" }
 @String{BIT = "{BIT}" }
 @String{BritStatPsych = "British Journal of Mathematical and Statistical
          Psychology" }
 @String{BritStatPsych = "Brit. J. Math. Statist. Psych." }
 @String{CanMathBull = "Canadian Mathematical Bulletin" }
 @String{CanMathBull = "Canad. Math. Bull." }
 @String{CompApplMath = "Journal of Computational and Applied Mathematics" }
 @String{CompApplMath = "J. Comput. Appl. Math." }
 @String{CompPhys = "Journal of Computational Physics" }
 @String{CompPhys = "J. Comput. Phys." }
 @String{CompStruct = "Computers and Structures" }
 @String{CompStruct = "Comput. \& Structures" }
 @String{CompJour = "The Computer Journal" }
 @String{CompJour = "Comput. J." }
 @String{CompSysSci = "Journal of Computer and System Sciences" }
 @String{CompSysSci = "J. Comput. System Sci." }
 @String{Computing = "Computing" }
 @String{ContempMath = "Contemporary Mathematics" }
 @String{ContempMath = "Contemp. Math." }
 @String{Crelle = "Crelle's Journal" }
 @String{GiornaleMath = "Giornale di Mathematiche" }
 @String{GiornaleMath = "Giorn. Mat." } % didn't find in AMS MR., ibid.

 %IEEE
 @String{Computer = "{IEEE} Computer" }
 @String{IEEETransComp = "{IEEE} Transactions on Computers" }
 @String{IEEETransComp = "{IEEE} Trans. Comput." }
 @String{IEEETransAC = "{IEEE} Transactions on Automatic Control" }
 @String{IEEETransAC = "{IEEE} Trans. Automat. Control" }
 @String{IEEESpec = "{IEEE} Spectrum" } % didn't find in AMS MR
 @String{ProcIEEE = "Proceedings of the {IEEE}" }
 @String{ProcIEEE = "Proc. {IEEE}" } % didn't find in AMS MR
 @String{IEEETransAeroElec = "{IEEE} Transactions on Aerospace and Electronic
     Systems" }
 @String{IEEETransAeroElec = "{IEEE} Trans. Aerospace Electron. Systems" }

 @String{IMANumerAna = "{IMA} Journal of Numerical Analysis" }
 @String{IMANumerAna = "{IMA} J. Numer. Anal." }
 @String{InfProcLet = "Information Processing Letters" }
 @String{InfProcLet = "Inform. Process. Lett." }
 @String{InstMathApp = "Journal of the Institute of Mathematics and
     its Applications" }
 @String{InstMathApp = "J. Inst. Math. Appl." }
 @String{IntControl = "International Journal of Control" }
 @String{IntControl = "Internat. J. Control" }
 @String{IntNumerEng = "International Journal for Numerical Methods in
     Engineering" }
 @String{IntNumerEng = "Internat. J. Numer. Methods Engrg." }
 @String{IntSuper = "International Journal of Supercomputing Applications" }
 @String{IntSuper = "Internat. J. Supercomputing Applic." } % didn't find
%% in AMS MR
 @String{Kibernetika = "Kibernetika" }
 @String{JResNatBurStand = "Journal of Research of the National Bureau
     of Standards" }
 @String{JResNatBurStand = "J. Res. Nat. Bur. Standards" }
 @String{LinAlgApp = "Linear Algebra and its Applications" }
 @String{LinAlgApp = "Linear Algebra Appl." }
 @String{MathAnaAppl = "Journal of Mathematical Analysis and Applications" }
 @String{MathAnaAppl = "J. Math. Anal. Appl." }
 @String{MathAnnalen = "Mathematische Annalen" }
 @String{MathAnnalen = "Math. Ann." }
 @String{MathPhys = "Journal of Mathematical Physics" }
 @String{MathPhys = "J. Math. Phys." }
 @String{MathComp = "Mathematics of Computation" }
 @String{MathComp = "Math. Comp." }
 @String{MathScand = "Mathematica Scandinavica" }
 @String{MathScand = "Math. Scand." }
 @String{TablesAidsComp = "Mathematical Tables and Other Aids to Computation" }
 @String{TablesAidsComp = "Math. Tables Aids Comput." }
 @String{NumerMath = "Numerische Mathematik" }
 @String{NumerMath = "Numer. Math." }
 @String{PacificMath = "Pacific Journal of Mathematics" }
 @String{PacificMath = "Pacific J. Math." }
 @String{ParDistComp = "Journal of Parallel and Distributed Computing" }
 @String{ParDistComp = "J. Parallel and Distrib. Comput." } % didn't find
%% in AMS MR
 @String{ParComputing = "Parallel Computing" }
 @String{ParComputing = "Parallel Comput." }
 @String{PhilMag = "Philosophical Magazine" }
 @String{PhilMag = "Philos. Mag." }
 @String{ProcNAS = "Proceedings of the National Academy of Sciences
                    of the USA" }
 @String{ProcNAS = "Proc. Nat. Acad. Sci. U. S. A." }
 @String{Psychometrika = "Psychometrika" }
 @String{QuartMath = "Quarterly Journal of Mathematics, Oxford, Series (2)" }
 @String{QuartMath = "Quart. J. Math. Oxford Ser. (2)" }
 @String{QuartApplMath = "Quarterly of Applied Mathematics" }
 @String{QuartApplMath = "Quart. Appl. Math." }
 @String{RevueInstStat = "Review of the International Statisical Institute" }
 @String{RevueInstStat = "Rev. Inst. Internat. Statist." }

 %SIAM
 @String{JSIAM = "Journal of the Society for Industrial and Applied
     Mathematics" }
 @String{JSIAM = "J. Soc. Indust. Appl. Math." }
 @String{JSIAMB = "Journal of the Society for Industrial and Applied
     Mathematics, Series B, Numerical Analysis" }
 @String{JSIAMB = "J. Soc. Indust. Appl. Math. Ser. B Numer. Anal." }
 @String{SIAMAlgMeth = "{SIAM} Journal on Algebraic and Discrete Methods" }
 @String{SIAMAlgMeth = "{SIAM} J. Algebraic Discrete Methods" }
 @String{SIAMAppMath = "{SIAM} Journal on Applied Mathematics" }
 @String{SIAMAppMath = "{SIAM} J. Appl. Math." }
 @String{SIAMComp = "{SIAM} Journal on Computing" }
 @String{SIAMComp = "{SIAM} J. Comput." }
 @String{SIAMMatrix = "{SIAM} Journal on Matrix Analysis and Applications" }
 @String{SIAMMatrix = "{SIAM} J. Matrix Anal. Appl." }
 @String{SIAMNumAnal = "{SIAM} Journal on Numerical Analysis" }
 @String{SIAMNumAnal = "{SIAM} J. Numer. Anal." }
 @String{SIAMReview = "{SIAM} Review" }
 @String{SIAMReview = "{SIAM} Rev." }
 @String{SIAMSciStat = "{SIAM} Journal on Scientific and Statistical
     Computing" }
 @String{SIAMSciStat = "{SIAM} J. Sci. Statist. Comput." }

 @String{SoftPracExp = "Software Practice and Experience" }
 @String{SoftPracExp = "Software Prac. Experience" } % didn't find in AMS MR
 @String{StatScience = "Statistical Science" }
 @String{StatScience = "Statist. Sci." }
 @String{Techno = "Technometrics" }
 @String{USSRCompMathPhys = "{USSR} Computational Mathematics and Mathematical
     Physics" }
 @String{USSRCompMathPhys = "{U. S. S. R.} Comput. Math. and Math. Phys." }
 @String{VLSICompSys = "Journal of {VLSI} and Computer Systems" }
 @String{VLSICompSys = "J. {VLSI} Comput. Syst." }
 @String{ZAngewMathMech = "Zeitschrift fur Angewandte Mathematik und
     Mechanik" }
 @String{ZAngewMathMech = "Z. Angew. Math. Mech." }
 @String{ZAngewMathPhys = "Zeitschrift fur Angewandte Mathematik und Physik" }
 @String{ZAngewMathPhys = "Z. Angew. Math. Phys." }

% Publishers % ================================================= |

 @String{Academic = "Academic Press" }
 @String{ACMPress = "{ACM} Press" }
 @String{AdamHilger = "Adam Hilger" }
 @String{AddisonWesley = "Addison-Wesley" }
 @String{AllynBacon = "Allyn and Bacon" }
 @String{AMS = "American Mathematical Society" }
 @String{Birkhauser = "Birkha{\"u}ser" }
 @String{CambridgePress = "Cambridge University Press" }
 @String{Chelsea = "Chelsea" }
 @String{ClaredonPress = "Claredon Press" }
 @String{DoverPub = "Dover Publications" }
 @String{Eyolles = "Eyolles" }
 @String{HoltRinehartWinston = "Holt, Rinehart and Winston" }
 @String{Interscience = "Interscience" }
 @String{JohnsHopkinsPress = "The Johns Hopkins University Press" }
 @String{JohnWileySons = "John Wiley and Sons" }
 @String{Macmillan = "Macmillan" }
 @String{MathWorks = "The Math Works Inc." }
 @String{McGrawHill = "McGraw-Hill" }
 @String{NatBurStd = "National Bureau of Standards" }
 @String{NorthHolland = "North-Holland" }
 @String{OxfordPress = "Oxford University Press" }  %address Oxford or London?
 @String{PergamonPress = "Pergamon Press" }
 @String{PlenumPress = "Plenum Press" }
 @String{PrenticeHall = "Prentice-Hall" }
 @String{SIAMPub = "{SIAM} Publications" }
 @String{Springer = "Springer-Verlag" }
 @String{TexasPress = "University of Texas Press" }
 @String{VanNostrand = "Van Nostrand" }
 @String{WHFreeman = "W. H. Freeman and Co." }

%Entries

@article{ITS0,
  author       = {Hyacinth S. Nwana},
  title        = {Intelligent tutoring systems: an overview},
  journal      = {Artif. Intell. Rev.},
  volume       = {4},
  number       = {4},
  pages        = {251--277},
  year         = {1990},
}

@article{ITS1,
  author       = {Elham Mousavinasab and
                  Nahid Zarifsanaiey and
                  Sharareh R. Niakan Kalhori and
                  Mahnaz Rakhshan and
                  Leila Keikha and
                  Marjan Ghazi Saeedi},
  title        = {Intelligent tutoring systems: a systematic review of characteristics,
                  applications, and evaluation methods},
  journal      = {Interact. Learn. Environ.},
  volume       = {29},
  number       = {1},
  pages        = {142--163},
  year         = {2021},
}

@inproceedings{conv_its,
  author       = {Sherry Ruan and
                  Liwei Jiang and
                  Justin Xu and
                  Bryce Joe{-}Kun Tham and
                  Zhengneng Qiu and
                  Yeshuang Zhu and
                  Elizabeth L. Murnane and
                  Emma Brunskill and
                  James A. Landay},
  title        = {QuizBot: {A} Dialogue-based Adaptive Learning System for Factual Knowledge},
  booktitle    = {CHI},
  pages        = {357--358},
  year         = {2019},
}




@inproceedings{conv_its2,
  author       = {Benjamin D. Nye and
                  Dillon Mee and
                  Mark G. Core},
  title        = {Generative Large Language Models for Dialog-Based Tutoring: An Early
                  Consideration of Opportunities and Concerns},
  booktitle    = {AIED Workshops},
  pages        = {78--88},
  year         = {2023},
}

@article{conv_its3,
  author       = {Pablo Arnau{-}Gonz{\'{a}}lez and
                  Miguel Arevalillo{-}Herr{\'{a}}ez and
                  Romina Soledad Albornoz{-}De Luise and
                  David Arnau},
  title        = {A methodological approach to enable natural language interaction in
                  an Intelligent Tutoring System},
  journal      = {Comput. Speech Lang.},
  volume       = {81},
  pages        = {101516},
  year         = {2023},
}

@inproceedings{math,
  author       = {Jihai Zhang and
                  Wei Wang and
                  Siyan Guo and
                  Li Wang and
                  Fangquan Lin and
                  Cheng Yang and
                  Wotao Yin},
  title        = {Solving General Natural-Language-Description Optimization Problems
                  with Large Language Models},
  booktitle    = {NAACL},
  pages        = {483--490},
  year         = {2024},
}

@inproceedings{sci,
  author       = {Shashank Sonkar and
                  Naiming Liu and
                  Debshila Basu Mallick and
                  Richard G. Baraniuk},
  title        = {{CLASS:} {A} Design Framework for Building Intelligent Tutoring Systems
                  Based on Learning Science principles},
  booktitle    = {Findings of EMNLP},
  pages        = {1941--1961},
  year         = {2023},
}

@inproceedings{mathdial,
  author       = {Jakub Macina and
                  Nico Daheim and
                  Sankalan Pal Chowdhury and
                  Tanmay Sinha and
                  Manu Kapur and
                  Iryna Gurevych and
                  Mrinmaya Sachan},
  title        = {MathDial: {A} Dialogue Tutoring Dataset with Rich Pedagogical Properties
                  Grounded in Math Reasoning Problems},
  booktitle    = {Findings of EMNLP},
  pages        = {5602--5621},
  year         = {2023},
}

@inproceedings{social,
  author       = {Ruiyi Wang and
                  Haofei Yu and
                  Wenxin Sharon Zhang and
                  Zhengyang Qi and
                  Maarten Sap and
                  Yonatan Bisk and
                  Graham Neubig and
                  Hao Zhu},
  title        = {SOTOPIA-{\(\pi\)}: Interactive Learning of Socially Intelligent Language
                  Agents},
  booktitle    = {ACL},
  pages        = {12912--12940},
  year         = {2024},
}

@inproceedings{language,
  author       = {Kun Qian and
                  Ryan Shea and
                  Yu Li and
                  Luke Kutszik Fryer and
                  Zhou Yu},
  title        = {User Adaptive Language Learning Chatbots with a Curriculum},
  booktitle    = {AIED},
  pages        = {308--313},
  year         = {2023},
}

@article{educhat,
  author       = {Yuhao Dan and
                  Zhikai Lei and
                  Yiyang Gu and
                  Yong Li and
                  Jianghao Yin and
                  Jiaju Lin and
                  Linhao Ye and
                  Zhiyan Tie and
                  Yougen Zhou and
                  Yilei Wang and
                  Aimin Zhou and
                  Ze Zhou and
                  Qin Chen and
                  Jie Zhou and
                  Liang He and
                  Xipeng Qiu},
  title        = {EduChat: {A} Large-Scale Language Model-based Chatbot System for Intelligent
                  Education},
  journal      = {CoRR},
  year         = {2023},
}

@article{socratic,
  author       = {Yuyang Ding and
                  Hanglei Hu and
                  Jie Zhou and
                  Qin Chen and
                  Bo Jiang and
                  Liang He},
  title        = {Boosting Large Language Models with Socratic Method for Conversational
                  Mathematics Teaching},
  journal      = {CoRR},
  year         = {2024},
}

@inproceedings{chi,
  author       = {Minju Park and
                  Sojung Kim and
                  Seunghyun Lee and
                  Soonwoo Kwon and
                  Kyuseok Kim},
  title        = {Empowering Personalized Learning through a Conversation-based Tutoring
                  System with Student Modeling},
  booktitle    = {CHI},
  pages        = {123:1--123:10},
  year         = {2024},
}

@article{felder,
  title={Learning and teaching styles in engineering education},
  author={Felder, Richard M and Silverman, Linda K and others},
  journal={Engineering education},
  volume={78},
  number={7},
  pages={674--681},
  year={1988},
}

@article{oscars,
  title={The Oscars of AI Theater: A Survey on Role-Playing with Language Models},
  author={Chen, Nuo and Wang, Y and Deng, Yang and Li, Jia},
  journal={CoRR},
  year={2024}
}

@inproceedings{boo2dial,
  author       = {Junling Wang and
                  Jakub Macina and
                  Nico Daheim and
                  Sankalan Pal Chowdhury and
                  Mrinmaya Sachan},
  title        = {Book2Dial: Generating Teacher Student Interactions from Textbooks
                  for Cost-Effective Development of Educational Chatbots},
  booktitle    = {Findings of ACL},
  pages        = {9707--9731},
  year         = {2024},
}

@article{class_agent,
  author       = {Zheyuan Zhang and
                  Daniel Zhang{-}Li and
                  Jifan Yu and
                  Linlu Gong and
                  Jinchang Zhou and
                  Zhiyuan Liu and
                  Lei Hou and
                  Juanzi Li},
  title        = {Simulating Classroom Education with LLM-Empowered Agents},
  journal      = {CoRR},
  year         = {2024},
}

@article{socratic_teach,
  title={The role of Socratic questioning in thinking, teaching, and learning},
  author={Elder, Linda and Paul, Richard},
  journal={The Clearing House},
  volume={71},
  number={5},
  pages={297--301},
  year={1998},
}

@article{gpt4,
  author       = {OpenAI},
  title        = {{GPT-4} Technical Report},
  journal      = {CoRR},
  year         = {2023},
}

@article{llama,
  author       = {Hugo Touvron and
                  Louis Martin and
                  Kevin Stone and
                  Peter Albert and
                  Amjad Almahairi and
                  Yasmine Babaei and
                  Nikolay Bashlykov and
                  Soumya Batra and
                  Prajjwal Bhargava and
                  Shruti Bhosale and
                  Dan Bikel and
                  Lukas Blecher and
                  Cristian Canton{-}Ferrer and
                  Moya Chen and
                  Guillem Cucurull and
                  David Esiobu and
                  Jude Fernandes and
                  Jeremy Fu and
                  Wenyin Fu and
                  Brian Fuller and
                  Cynthia Gao and
                  Vedanuj Goswami and
                  Naman Goyal and
                  Anthony Hartshorn and
                  Saghar Hosseini and
                  Rui Hou and
                  Hakan Inan and
                  Marcin Kardas and
                  Viktor Kerkez and
                  Madian Khabsa and
                  Isabel Kloumann and
                  Artem Korenev and
                  Punit Singh Koura and
                  Marie{-}Anne Lachaux and
                  Thibaut Lavril and
                  Jenya Lee and
                  Diana Liskovich and
                  Yinghai Lu and
                  Yuning Mao and
                  Xavier Martinet and
                  Todor Mihaylov and
                  Pushkar Mishra and
                  Igor Molybog and
                  Yixin Nie and
                  Andrew Poulton and
                  Jeremy Reizenstein and
                  Rashi Rungta and
                  Kalyan Saladi and
                  Alan Schelten and
                  Ruan Silva and
                  Eric Michael Smith and
                  Ranjan Subramanian and
                  Xiaoqing Ellen Tan and
                  Binh Tang and
                  Ross Taylor and
                  Adina Williams and
                  Jian Xiang Kuan and
                  Puxin Xu and
                  Zheng Yan and
                  Iliyan Zarov and
                  Yuchen Zhang and
                  Angela Fan and
                  Melanie Kambadur and
                  Sharan Narang and
                  Aur{\'{e}}lien Rodriguez and
                  Robert Stojnic and
                  Sergey Edunov and
                  Thomas Scialom},
  title        = {Llama 2: Open Foundation and Fine-Tuned Chat Models},
  journal      = {CoRR},
  year         = {2023}
}

@article{moe,
  author       = {Albert Q. Jiang and
                  Alexandre Sablayrolles and
                  Antoine Roux and
                  Arthur Mensch and
                  Blanche Savary and
                  Chris Bamford and
                  Devendra Singh Chaplot and
                  Diego de Las Casas and
                  Emma Bou Hanna and
                  Florian Bressand and
                  Gianna Lengyel and
                  Guillaume Bour and
                  Guillaume Lample and
                  L{\'{e}}lio Renard Lavaud and
                  Lucile Saulnier and
                  Marie{-}Anne Lachaux and
                  Pierre Stock and
                  Sandeep Subramanian and
                  Sophia Yang and
                  Szymon Antoniak and
                  Teven Le Scao and
                  Th{\'{e}}ophile Gervet and
                  Thibaut Lavril and
                  Thomas Wang and
                  Timoth{\'{e}}e Lacroix and
                  William El Sayed},
  title        = {Mixtral of Experts},
  journal      = {CoRR},
  year         = {2024}
}

@article{mistral,
  author       = {Albert Q. Jiang and
                  Alexandre Sablayrolles and
                  Arthur Mensch and
                  Chris Bamford and
                  Devendra Singh Chaplot and
                  Diego de Las Casas and
                  Florian Bressand and
                  Gianna Lengyel and
                  Guillaume Lample and
                  Lucile Saulnier and
                  L{\'{e}}lio Renard Lavaud and
                  Marie{-}Anne Lachaux and
                  Pierre Stock and
                  Teven Le Scao and
                  Thibaut Lavril and
                  Thomas Wang and
                  Timoth{\'{e}}e Lacroix and
                  William El Sayed},
  title        = {Mistral 7B},
  journal      = {CoRR},
  year         = {2023}
}

@article{qwen,
  author       = {An Yang and
                  Baosong Yang and
                  Binyuan Hui and
                  Bo Zheng and
                  Bowen Yu and
                  Chang Zhou and
                  Chengpeng Li and
                  Chengyuan Li and
                  Dayiheng Liu and
                  Fei Huang and
                  Guanting Dong and
                  Haoran Wei and
                  Huan Lin and
                  Jialong Tang and
                  Jialin Wang and
                  Jian Yang and
                  Jianhong Tu and
                  Jianwei Zhang and
                  Jianxin Ma and
                  Jianxin Yang and
                  Jin Xu and
                  Jingren Zhou and
                  Jinze Bai and
                  Jinzheng He and
                  Junyang Lin and
                  Kai Dang and
                  Keming Lu and
                  Keqin Chen and
                  Kexin Yang and
                  Mei Li and
                  Mingfeng Xue and
                  Na Ni and
                  Pei Zhang and
                  Peng Wang and
                  Ru Peng and
                  Rui Men and
                  Ruize Gao and
                  Runji Lin and
                  Shijie Wang and
                  Shuai Bai and
                  Sinan Tan and
                  Tianhang Zhu and
                  Tianhao Li and
                  Tianyu Liu and
                  Wenbin Ge and
                  Xiaodong Deng and
                  Xiaohuan Zhou and
                  Xingzhang Ren and
                  Xinyu Zhang and
                  Xipin Wei and
                  Xuancheng Ren and
                  Xuejing Liu and
                  Yang Fan and
                  Yang Yao and
                  Yichang Zhang and
                  Yu Wan and
                  Yunfei Chu and
                  Yuqiong Liu and
                  Zeyu Cui and
                  Zhenru Zhang and
                  Zhifang Guo and
                  Zhihao Fan},
  title        = {Qwen2 Technical Report},
  journal      = {CoRR},
  year         = {2024},
}

@inproceedings{personalize,
  author       = {Alireza Salemi and
                  Sheshera Mysore and
                  Michael Bendersky and
                  Hamed Zamani},
  title        = {LaMP: When Large Language Models Meet Personalization},
  booktitle    = {ACL},
  pages        = {7370--7392},
  year         = {2024},
}

@inproceedings{char,
  author       = {Yunfan Shao and
                  Linyang Li and
                  Junqi Dai and
                  Xipeng Qiu},
  title        = {Character-LLM: {A} Trainable Agent for Role-Playing},
  booktitle    = {EMNLP},
  pages        = {13153--13187},
  year         = {2023},
}

@inproceedings{lora,
  author       = {Edward J. Hu and
                  Yelong Shen and
                  Phillip Wallis and
                  Zeyuan Allen{-}Zhu and
                  Yuanzhi Li and
                  Shean Wang and
                  Lu Wang and
                  Weizhu Chen},
  title        = {LoRA: Low-Rank Adaptation of Large Language Models},
  booktitle    = {ICLR},
  year         = {2022}
}

@article{bloom,
  title={The 2 Sigma Problem: The Search for Methods of Group Instruction as Effective as One-to-One Tutoring},
  author={Benjamin S. Bloom},
  journal={Educational Researcher},
  volume={13},
  number={6},
  pages={4--16},
  year={1984},
}

@article{stern,
  title={The Impact of Intelligent Tutoring on Student Learning: A Comprehensive Study},
  author={Stern D., Doney M. A., Pritchard R},
  journal={International Journal of Educational Technology in Higher Education},
  volume={18},
  number={1},
  pages={12},
  year={2021},
}


@article{zhuang,
  title={A Meta-Analysis of Intelligent Tutoring Systems in STEM Education},
  author={Zhuang Z., Zhang S., Lee L},
  journal={Educational Technology Research and Development},
  volume={70},
  number={5},
  pages={1671--1707},
  year={2022},
}

@article{Miao,
  title={Natural Language Processing in Intelligent Tutoring Systems: Past, Present, and Future},
  author={Miao M., Sinha M., Woolf B. P},
  journal={User Modeling and User-Adapted Interaction},
  volume={33},
  number={1},
  pages={1--24},
  year={2023},
}

@inproceedings{student_model,
  title={Modeling and understanding students' off-task behavior in intelligent tutoring systems},
  author={Baker, Ryan SJd},
  booktitle={CHI},
  pages={1059--1068},
  year={2007}
}

@article{gms8k,
  title={Training verifiers to solve math word problems},
  author={Cobbe, Karl and Kosaraju, Vineet and Bavarian, Mohammad and Chen, Mark and Jun, Heewoo and Kaiser, Lukasz and Plappert, Matthias and Tworek, Jerry and Hilton, Jacob and Nakano, Reiichiro and others},
  journal={CoRR},
  year={2021}
}

@inproceedings{bert,
  author       = {Jacob Devlin and
                  Ming{-}Wei Chang and
                  Kenton Lee and
                  Kristina Toutanova},
  title        = {{BERT:} Pre-training of Deep Bidirectional Transformers for Language
                  Understanding},
  booktitle    = {NAACL)},
  pages        = {4171--4186},
  year         = {2019},
}

@inproceedings{bertscore,
  author       = {Tianyi Zhang and
                  Varsha Kishore and
                  Felix Wu and
                  Kilian Q. Weinberger and
                  Yoav Artzi},
  title        = {BERTScore: Evaluating Text Generation with {BERT}},
  booktitle    = {ICLR},
  year         = {2020},
}

@inproceedings{bleu,
  author       = {Kishore Papineni and
                  Salim Roukos and
                  Todd Ward and
                  Wei{-}Jing Zhu},
  title        = {Bleu: a Method for Automatic Evaluation of Machine Translation},
  booktitle    = {ACL},
  pages        = {311--318},
  year         = {2002},
}

@inproceedings{rouge,
    title = {{ROUGE:} A Package for Automatic Evaluation of Summaries},
    author = {Lin, Chin-Yew},
    booktitle = {Text Summarization Branches Out},
    year = {2004},
    pages = {74--81},
}

@inproceedings{meteor,
  author       = {Satanjeev Banerjee and
                  Alon Lavie},
  title        = {{METEOR:} An Automatic Metric for {MT} Evaluation with Improved Correlation
                  with Human Judgments},
  booktitle    = {Workshop of ACL},
  pages        = {65--72},
  year         = {2005},
}



@article{Mzwri,
  title={Internet Wizard for Enhancing Open-Domain Question-Answering Chatbot Knowledge Base in Education. Applied Sciences},
  author={Mzwri K, Turcsányi-Szabo M},
  journal={Applied Sciences},
  volume={13},
  number={14},
  pages={8114--8115},
  year={2023},
}

@article{rule,
  title={AutoTutor: A simulation of a human tutor},
  author={Graesser, Arthur C and Wiemer-Hastings, Katja and Wiemer-Hastings, Peter and Kreuz, Roger and Tutoring Research Group and others},
  journal={Cognitive Systems Research},
  volume={1},
  number={1},
  pages={35--51},
  year={1999},
}


@article{domain,
  title={Domain-general tutor authoring with apprentice learner models},
  author={Christopher J MacLellan, Kenneth R Koedinger},
  journal={International Journal of Artificial Intelligence in Education},
  volume={32},
  number={1},
  pages={76--117},
  year={2022},
}

@inproceedings{related_work,
  author       = {Shazia Afzal and
                  Tejas I. Dhamecha and
                  Nirmal Mukhi and
                  Renuka Sindhgatta and
                  Smit Marvaniya and
                  Matthew Ventura and
                  Jessica Yarbro},
  title        = {Development and Deployment of a Large-Scale Dialog-based Intelligent
                  Tutoring System},
  booktitle    = {NAACL},
  pages        = {114--121},
  year         = {2019},
}


@article{preson,
  title={Personality-aware Student Simulation for Conversational Intelligent Tutoring Systems},
  author={Zhengyuan Liu, Stella Xin Yin, Geyu Lin, Nancy F. Chen},
  journal={CoRR},
  year={2024},
}

@article{person2,
  author       = {Ehsan Lotfi and
                  Maxime De Bruyn and
                  Jeska Buhmann and
                  Walter Daelemans},
  title        = {PersonalityChat: Conversation Distillation for Personalized Dialog
                  Modeling with Facts and Traits},
  journal      = {CoRR},
  year         = {2024}
}

@article{influ,
  title={Use of Felder and Silverman learning style model for online course design},
  author={El-Bishouty, Moushir M and Aldraiweesh, Ahmed and Alturki, Uthman and Tortorella, Richard and Yang, Junfeng and Chang, Ting-Wen and Graf, Sabine and others},
  journal={Educational Technology Research and Development},
  volume={67},
  number={1},
  pages={161--177},
  year={2019},
}

@article{llm_eval,
  author       = {Shuai Zhang and
                  Yu Lu and
                  Junwen Liu and
                  Jia Yu and
                  Huachuan Qiu and
                  Yuming Yan and
                  Zhenzhong Lan},
  title        = {Unveiling the Secrets of Engaging Conversations: Factors that Keep
                  Users Hooked on Role-Playing Dialog Agents},
  journal      = {CoRR},
  year         = {2024},
}

@inproceedings{adam,
  author       = {Ilya Loshchilov and
                  Frank Hutter},
  title        = {Decoupled Weight Decay Regularization},
  booktitle    = {ICLR},
  year         = {2019}
}