@online{21GaussianMixture,
  title = {2.1. Gaussian Mixture Models},
  organization = {scikit-learn},
  year = {2024},
  url = {https://scikit-learn/stable/modules/mixture.html}
}

@online{Adjusted_mutual_info_score,
  title = {Adjusted mutual info score},
  organization = {scikit-learn},
  year = {2024},
  url = {https://scikit-learn/stable/modules/generated/sklearn.metrics.adjusted\_mutual\_info\_score.html}
}

@article{JMLR:v11:vinh10a,
  author = {N. X. Vinh and J. Epps and J. Bailey},
  title = {Information Theoretic Measures for Clusterings Comparison: Variants, Properties, Normalization and Correction for Chance},
  journal = {Journal of Machine Learning Research},
  volume = {11},
  number = {95},
  pages = {2837--2854},
  year = {2010},
  url = {http://jmlr.org/papers/v11/vinh10a.html}
}

@article{JMLR:v18:17-069,
  author = {Morstatter, Fred and Liu, Huan},
  title = {In Search of Coherence and Consensus: Measuring the Interpretability of Statistical Topics},
  journal = {Journal of Machine Learning Research},
  volume = {18},
  number = {169},
  pages = {1--32},
  year = {2018},
  url = {http://jmlr.org/papers/v18/17-069.html}
}

@article{JMLR:v25:23-1245,
  author = {X. Li and J. Zhou and H. Wang},
  title = {Gaussian Mixture Models with Rare Events},
  journal = {Journal of Machine Learning Research},
  volume = {25},
  number = {252},
  pages = {1--40},
  year = {2024},
  url = {http://jmlr.org/papers/v25/23-1245.html}
}

@article{ahmedKmeansAlgorithmComprehensive2020,
  author = {M. Ahmed and R. Seraj and S. M. S. Islam},
  title = {The K-Means Algorithm: A Comprehensive Survey and Performance Evaluation},
  journal = {Electronics},
  volume = {9},
  number = {8},
  pages = {1295},
  year = {2020},
  publisher = {Multidisciplinary Digital Publishing Institute},
  issn = {2079-9292},
  doi = {10.3390/electronics9081295},
  url = {https://www.mdpi.com/2079-9292/9/8/1295}
}

@misc{ghosh2018emnotes,
  author = {S. Mukherjee},
  title = {Lecture Notes on Expectation-Maximization Algorithm},
  year = {2018},
  url = {http://www2.stat.duke.edu/~sayan/Sta613/2018/lec/emnotes.pdf}
}

@article{handlComputationalClusterValidation2005,
  author = {Handl, Julia and Knowles, Joshua and Kell, Douglas B.},
  title = {Computational Cluster Validation in Post-Genomic Data Analysis},
  journal = {Bioinformatics},
  volume = {21},
  number = {15},
  pages = {3201--3212},
  year = {2005},
  doi = {10.1093/bioinformatics/bti517},
  url = {https://doi.org/10.1093/bioinformatics/bti517},
  issn = {1367-4803}
}

@article{hosseiniAlternativeEMGaussian2020,
  author = {R. Hosseini and S. Sra},
  title = {An Alternative to EM for Gaussian Mixture Models: Batch and Stochastic Riemannian Optimization},
  journal = {Mathematical Programming},
  volume = {181},
  number = {1},
  pages = {187--223},
  year = {2020},
  issn = {1436-4646},
  doi = {10.1007/s10107-019-01381-4},
  url = {https://doi.org/10.1007/s10107-019-01381-4}
}

@article{kiselevChallengesUnsupervisedClustering2019,
  author = {Kiselev, Vladimir Yu and Andrews, Tallulah S. and Hemberg, Martin},
  title = {Challenges in Unsupervised Clustering of Single-Cell RNA-seq Data},
  journal = {Nature Reviews Genetics},
  volume = {20},
  number = {5},
  pages = {273--282},
  year = {2019},
  doi = {10.1038/s41576-018-0088-9},
  url = {https://www.nature.com/articles/s41576-018-0088-9},
  issn = {1471-0064}
}

@article{kuncheva2006evaluation,
  author    = {Ludmila I. Kuncheva and Dmitry P. Vetrov},
  title     = {Evaluation of stability of k-means cluster ensembles with respect to random initialization},
  journal   = {IEEE Transactions on Pattern Analysis and Machine Intelligence},
  volume    = {28},
  number    = {11},
  pages     = {1798--1808},
  year      = {2006},
  publisher = {IEEE},
  doi       = {10.1109/TPAMI.2006.227},
}

@article{lord2017using,
  author    = {Etienne Lord and Matthieu Willems and Fran√ßois-Joseph Lapointe and Vladimir Makarenkov},
  title     = {Using the stability of objects to determine the number of clusters in datasets},
  journal   = {Information Sciences},
  volume    = {393},
  pages     = {29--46},
  year      = {2017},
  publisher = {Elsevier},
  doi       = {10.1016/j.ins.2017.02.014},
}

@misc{mit_ml_notes_2015,
  title = {Algorithmic Aspects of Machine Learning: Chapter 6 Notes},
  author = {{Massachusetts Institute of Technology}},
  year = {2015},
  url = {https://ocw.mit.edu/courses/18-409-algorithmic-aspects-of-machine-learning-spring-2015/e339520c4069ca5e785b29a3c604470e\_MIT18\_409S15\_chapp6.pdf}
}

@article{pengCellTypeHierarchy2021,
  author = {Peng, Minshi and Wamsley, Brie and Elkins, Andrew G and Geschwind, Daniel H and Wei, Yuting and Roeder, Kathryn},
  title = {Cell Type Hierarchy Reconstruction via Reconciliation of Multi-Resolution Cluster Tree},
  journal = {Nucleic Acids Research},
  volume = {49},
  number = {16},
  pages = {e91},
  year = {2021},
  doi = {10.1093/nar/gkab481},
  url = {https://doi.org/10.1093/nar/gkab481},
  issn = {0305-1048}
}

@article{qiClusteringClassificationMethods2020,
  author = {Qi, Ren and Ma, Anjun and Ma, Qin and Zou, Quan},
  title = {Clustering and Classification Methods for Single-Cell RNA-sequencing Data},
  journal = {Briefings in Bioinformatics},
  volume = {21},
  number = {4},
  pages = {1196--1208},
  year = {2020},
  doi = {10.1093/bib/bbz062},
  url = {https://doi.org/10.1093/bib/bbz062},
  issn = {1477-4054}
}

@article{ronanAvoidingCommonPitfalls2016,
  author = {Ronan, Tom and Qi, Zhijie and Naegle, Kristen M.},
  title = {Avoiding Common Pitfalls When Clustering Biological Data},
  journal = {Science Signaling},
  volume = {9},
  number = {432},
  pages = {re6-re6},
  year = {2016},
  doi = {10.1126/scisignal.aad1932},
  url = {https://www.science.org/doi/10.1126/scisignal.aad1932}
}

@article{yu2022benchmarking,
  author    = {Lijia Yu and Yue Cao and Jean Y. H. Yang and Pengyi Yang},
  title     = {Benchmarking clustering algorithms on estimating the number of cell types from single-cell RNA-sequencing data},
  journal   = {Genome Biology},
  volume    = {23},
  number    = {1},
  pages     = {49},
  year      = {2022},
  publisher = {Springer},
  doi       = {10.1186/s13059-022-02601-2},
}

@article{zappiaClusteringTreesVisualization2018c,
  author    = {Luke Zappia and Alicia Oshlack},
  title     = {Clustering Trees: A Visualization for Evaluating Clusterings at Multiple Resolutions},
  journal   = {GigaScience},
  volume    = {7},
  number    = {7},
  pages     = {giy083},
  year      = {2018},
  publisher = {Oxford University Press},
  doi       = {10.1093/gigascience/giy083},
}

