@article{ahmedKmeansAlgorithmComprehensive2020,
  author = {M. Ahmed and R. Seraj and S. M. S. Islam},
  title = {The K-Means Algorithm: A Comprehensive Survey and Performance Evaluation},
  journal = {Electronics},
  volume = {9},
  number = {8},
  pages = {1295},
  year = {2020},
  publisher = {Multidisciplinary Digital Publishing Institute},
  issn = {2079-9292},
  doi = {10.3390/electronics9081295},
  url = {https://www.mdpi.com/2079-9292/9/8/1295}
}


@article{hosseiniAlternativeEMGaussian2020,
  author = {R. Hosseini and S. Sra},
  title = {An Alternative to EM for Gaussian Mixture Models: Batch and Stochastic Riemannian Optimization},
  journal = {Mathematical Programming},
  volume = {181},
  number = {1},
  pages = {187--223},
  year = {2020},
  issn = {1436-4646},
  doi = {10.1007/s10107-019-01381-4},
  url = {https://doi.org/10.1007/s10107-019-01381-4}
}



@online{21GaussianMixture,
  title = {2.1. Gaussian Mixture Models},
  organization = {scikit-learn},
  year = {2024},
  url = {https://scikit-learn/stable/modules/mixture.html}
}

@misc{mit_ml_notes_2015,
  title = {Algorithmic Aspects of Machine Learning: Chapter 6 Notes},
  author = {{Massachusetts Institute of Technology}},
  year = {2015},
  url = {https://ocw.mit.edu/courses/18-409-algorithmic-aspects-of-machine-learning-spring-2015/e339520c4069ca5e785b29a3c604470e\_MIT18\_409S15\_chapp6.pdf}
}


@article{JMLR:v25:23-1245,
  author = {X. Li and J. Zhou and H. Wang},
  title = {Gaussian Mixture Models with Rare Events},
  journal = {Journal of Machine Learning Research},
  volume = {25},
  number = {252},
  pages = {1--40},
  year = {2024},
  url = {http://jmlr.org/papers/v25/23-1245.html}
}

@online{GaussianMixture,
  title = {GaussianMixture},
  organization = {scikit-learn},
  year = {2024},
  url = {https://scikit-learn/stable/modules/generated/sklearn.mixture.GaussianMixture.html}
}


@misc{ghosh2018emnotes,
  author = {S. Mukherjee},
  title = {Lecture Notes on Expectation-Maximization Algorithm},
  year = {2018},
  url = {http://www2.stat.duke.edu/~sayan/Sta613/2018/lec/emnotes.pdf}
}


@article{JMLR:v11:vinh10a,
  author = {N. X. Vinh and J. Epps and J. Bailey},
  title = {Information Theoretic Measures for Clusterings Comparison: Variants, Properties, Normalization and Correction for Chance},
  journal = {Journal of Machine Learning Research},
  volume = {11},
  number = {95},
  pages = {2837--2854},
  year = {2010},
  url = {http://jmlr.org/papers/v11/vinh10a.html}
}


@online{Adjusted_mutual_info_score,
  title = {Adjusted mutual info score},
  organization = {scikit-learn},
  year = {2024},
  url = {https://scikit-learn/stable/modules/generated/sklearn.metrics.adjusted\_mutual\_info\_score.html}
}


@article{van2023white,
  author = {I. Van Mechelen and A.-L. Boulesteix and R. Dangl and N. Dean and C. Hennig and F. Leisch and D. Steinley and M. J. Warrens},
  title = {A White Paper on Good Research Practices in Benchmarking: The Case of Cluster Analysis},
  journal = {Wiley Interdisciplinary Reviews: Data Mining and Knowledge Discovery},
  volume = {13},
  number = {6},
  pages = {e1511},
  year = {2023},
  publisher = {Wiley Online Library},
  doi = {10.1002/widm.1511},
  url = {https://doi.org/10.1002/widm.1511}
}

@incollection{roschPrinciplesCategorization1978,
  author    = {Eleanor Rosch},
  title     = {Principles of Categorization},
  booktitle = {Cognition and Categorization},
  editor    = {Eleanor Rosch and Barbara B. Lloyd},
  publisher = {Lawrence Erlbaum Associates},
  address   = {Hillsdale, NJ},
  year      = {1978},
  pages     = {27--48},
  url       = {https://escholarship.org/uc/item/0sz9c8qh},
}



@article{hennig2015true,
  author    = {Christian Hennig},
  title     = {What are the true clusters?},
  journal   = {Pattern Recognition Letters},
  volume    = {64},
  pages     = {53--62},
  year      = {2015},
  publisher = {Elsevier},
  doi       = {10.1016/j.patrec.2015.04.009},
}


@incollection{hennig2019cluster,
  author    = {Christian Hennig},
  title     = {Cluster validation by measurement of clustering characteristics relevant to the user},
  booktitle = {Data Analysis and Applications 1: Clustering and Regression, Modeling--Estimating, Forecasting and Data Mining},
  editor    = {Christophe Gatu and Eric Diday and Gilbert Saporta},
  publisher = {John Wiley \& Sons},
  address   = {Hoboken, NJ},
  volume    = {2},
  pages     = {1--24},
  year      = {2019},
  doi       = {10.1002/9781119721881.ch1},
}


@article{ahlquist2012model,
  author    = {John S. Ahlquist and Christian Breunig},
  title     = {Model-based clustering and typologies in the social sciences},
  journal   = {Political Analysis},
  volume    = {20},
  number    = {1},
  pages     = {92--112},
  year      = {2012},
  publisher = {Cambridge University Press},
  doi       = {10.1093/pan/mpr039},
}


@article{grimmer2021machine,
  author    = {Justin Grimmer and Margaret E. Roberts and Brandon M. Stewart},
  title     = {Machine learning for social science: An agnostic approach},
  journal   = {Annual Review of Political Science},
  volume    = {24},
  pages     = {395--419},
  year      = {2021},
  publisher = {Annual Reviews},
  doi       = {10.1146/annurev-polisci-053119-015921},
}

@book{van1993categories,
  author    = {Iven Van Mechelen and James Hampton and Ryszard S. Michalski and Peter Theuns},
  title     = {Categories and Concepts: Theoretical Views and Inductive Data Analysis},
  publisher = {Academic Press},
  address   = {San Diego, CA},
  year      = {1993},
  series    = {Cognitive Science Series},
}

@article{kuncheva2006evaluation,
  author    = {Ludmila I. Kuncheva and Dmitry P. Vetrov},
  title     = {Evaluation of stability of k-means cluster ensembles with respect to random initialization},
  journal   = {IEEE Transactions on Pattern Analysis and Machine Intelligence},
  volume    = {28},
  number    = {11},
  pages     = {1798--1808},
  year      = {2006},
  publisher = {IEEE},
  doi       = {10.1109/TPAMI.2006.227},
}

@article{lord2017using,
  author    = {Etienne Lord and Matthieu Willems and Fran√ßois-Joseph Lapointe and Vladimir Makarenkov},
  title     = {Using the stability of objects to determine the number of clusters in datasets},
  journal   = {Information Sciences},
  volume    = {393},
  pages     = {29--46},
  year      = {2017},
  publisher = {Elsevier},
  doi       = {10.1016/j.ins.2017.02.014},
}


@article{yu2022benchmarking,
  author    = {Lijia Yu and Yue Cao and Jean Y. H. Yang and Pengyi Yang},
  title     = {Benchmarking clustering algorithms on estimating the number of cell types from single-cell RNA-sequencing data},
  journal   = {Genome Biology},
  volume    = {23},
  number    = {1},
  pages     = {49},
  year      = {2022},
  publisher = {Springer},
  doi       = {10.1186/s13059-022-02601-2},
}


@article{Miller2025,
  author    = {Justin K. Miller and Tristram J. Alexander},
  title     = {Human-interpretable clustering of short text using large language models},
  journal   = {Royal Society Open Science},
  volume    = {12},
  pages     = {241692},
  year      = {2025},
  publisher = {The Royal Society},
  doi       = {10.1098/rsos.241692},
}


@article{montiConsensusClusteringResamplingBased2003,
  author    = {Stefano Monti and Pablo Tamayo and Jill Mesirov and Todd Golub},
  title     = {Consensus Clustering: A Resampling-Based Method for Class Discovery and Visualization of Gene Expression Microarray Data},
  journal   = {Machine Learning},
  volume    = {52},
  number    = {1},
  pages     = {91--118},
  year      = {2003},
  publisher = {Springer},
  doi       = {10.1023/A:1023949509487},
}

@article{zappiaClusteringTreesVisualization2018c,
  author    = {Luke Zappia and Alicia Oshlack},
  title     = {Clustering Trees: A Visualization for Evaluating Clusterings at Multiple Resolutions},
  journal   = {GigaScience},
  volume    = {7},
  number    = {7},
  pages     = {giy083},
  year      = {2018},
  publisher = {Oxford University Press},
  doi       = {10.1093/gigascience/giy083},
}

@article{pengCellTypeHierarchy2021,
  author = {Peng, Minshi and Wamsley, Brie and Elkins, Andrew G and Geschwind, Daniel H and Wei, Yuting and Roeder, Kathryn},
  title = {Cell Type Hierarchy Reconstruction via Reconciliation of Multi-Resolution Cluster Tree},
  journal = {Nucleic Acids Research},
  volume = {49},
  number = {16},
  pages = {e91},
  year = {2021},
  doi = {10.1093/nar/gkab481},
  url = {https://doi.org/10.1093/nar/gkab481},
  issn = {0305-1048}
}

@article{kiselevChallengesUnsupervisedClustering2019,
  author = {Kiselev, Vladimir Yu and Andrews, Tallulah S. and Hemberg, Martin},
  title = {Challenges in Unsupervised Clustering of Single-Cell RNA-seq Data},
  journal = {Nature Reviews Genetics},
  volume = {20},
  number = {5},
  pages = {273--282},
  year = {2019},
  doi = {10.1038/s41576-018-0088-9},
  url = {https://www.nature.com/articles/s41576-018-0088-9},
  issn = {1471-0064}
}

@article{handlComputationalClusterValidation2005,
  author = {Handl, Julia and Knowles, Joshua and Kell, Douglas B.},
  title = {Computational Cluster Validation in Post-Genomic Data Analysis},
  journal = {Bioinformatics},
  volume = {21},
  number = {15},
  pages = {3201--3212},
  year = {2005},
  doi = {10.1093/bioinformatics/bti517},
  url = {https://doi.org/10.1093/bioinformatics/bti517},
  issn = {1367-4803}
}

@article{ronanAvoidingCommonPitfalls2016,
  author = {Ronan, Tom and Qi, Zhijie and Naegle, Kristen M.},
  title = {Avoiding Common Pitfalls When Clustering Biological Data},
  journal = {Science Signaling},
  volume = {9},
  number = {432},
  pages = {re6-re6},
  year = {2016},
  doi = {10.1126/scisignal.aad1932},
  url = {https://www.science.org/doi/10.1126/scisignal.aad1932}
}

@article{qiClusteringClassificationMethods2020,
  author = {Qi, Ren and Ma, Anjun and Ma, Qin and Zou, Quan},
  title = {Clustering and Classification Methods for Single-Cell RNA-sequencing Data},
  journal = {Briefings in Bioinformatics},
  volume = {21},
  number = {4},
  pages = {1196--1208},
  year = {2020},
  doi = {10.1093/bib/bbz062},
  url = {https://doi.org/10.1093/bib/bbz062},
  issn = {1477-4054}
}

@article{JMLR:v18:17-069,
  author = {Morstatter, Fred and Liu, Huan},
  title = {In Search of Coherence and Consensus: Measuring the Interpretability of Statistical Topics},
  journal = {Journal of Machine Learning Research},
  volume = {18},
  number = {169},
  pages = {1--32},
  year = {2018},
  url = {http://jmlr.org/papers/v18/17-069.html}
}

@inproceedings{wang2020,
  author = {Wang, Wenhui and Wei, Furu and Dong, Li and Bao, Hangbo and Yang, Nan and Zhou, Ming},
  title = {MINILM: Deep Self-Attention Distillation for Task-Agnostic Compression of Pre-Trained Transformers},
  booktitle = {Proceedings of the 34th International Conference on Neural Information Processing Systems (NeurIPS)},
  year = {2020},
  pages = {5776--5788},
  publisher = {Curran Associates Inc.},
  url = {https://proceedings.neurips.cc/paper\_files/paper/2020/file/3f5ee243547dee91fbd053c1c4a845aa-Paper.pdf}
}

@article{loper2002nltk,
  author = {Loper, Edward and Bird, Steven},
  title = {NLTK: The Natural Language Toolkit},
  journal = {arXiv preprint cs/0205028},
  year = {2002}
}

@article{rousseeuwSilhouettesGraphicalAid1987,
  author = {Rousseeuw, Peter J.},
  title = {Silhouettes: A Graphical Aid to the Interpretation and Validation of Cluster Analysis},
  journal = {Journal of Computational and Applied Mathematics},
  volume = {20},
  pages = {53--65},
  year = {1987},
  doi = {10.1016/0377-0427(87)90125-7},
  url = {https://www.sciencedirect.com/science/article/pii/0377042787901257},
  issn = {0377-0427}
}

@article{pedryczFuzzyClusteringKnowledgebased2004,
  author = {Pedrycz, Witold},
  title = {Fuzzy Clustering with a Knowledge-Based Guidance},
  journal = {Pattern Recognition Letters},
  volume = {25},
  number = {4},
  pages = {469--480},
  year = {2004},
  doi = {10.1016/j.patrec.2003.12.010},
  url = {https://www.sciencedirect.com/science/article/pii/S0167865503002770},
  issn = {0167-8655}
}

@inproceedings{lakhawatNovelClusteringAlgorithm2016,
  author = {Lakhawat, Piyush and Mishra, Mayank and Somani, Arun},
  title = {A Novel Clustering Algorithm to Capture Utility Information in Transactional Data},
  booktitle = {Proceedings of the 8th International Joint Conference on Knowledge Discovery, Knowledge Engineering and Knowledge Management},
  year = {2016},
  pages = {456--462},
  publisher = {SCITEPRESS - Science and Technology Publications},
  doi = {10.5220/0006092104560462},
  url = {http://www.scitepress.org/DigitalLibrary/Link.aspx?doi=10.5220/0006092104560462}
}

@article{krishnapuramPossibilisticApproachClustering1993,
  author = {Krishnapuram, R. and Keller, J.M.},
  title = {A Possibilistic Approach to Clustering},
  journal = {IEEE Transactions on Fuzzy Systems},
  volume = {1},
  number = {2},
  pages = {98--110},
  year = {1993},
  doi = {10.1109/91.227387},
  url = {https://ieeexplore.ieee.org/document/227387},
  issn = {1941-0034}
}

@article{akhanliComparingClusteringsNumbers2020,
  author = {Akhanli, Serhat Emre and Hennig, Christian},
  title = {Comparing Clusterings and Numbers of Clusters by Aggregation of Calibrated Clustering Validity Indexes},
  journal = {Statistics and Computing},
  volume = {30},
  number = {5},
  pages = {1523--1544},
  year = {2020},
  doi = {10.1007/s11222-020-09958-2},
  url = {https://doi.org/10.1007/s11222-020-09958-2},
  issn = {1573-1375}
}


@article{krausMultiobjectiveSelectionCollecting2011,
  author    = {Johann M. Kraus and Christoph M{\"u}ssel and G{\"u}nther Palm and Hans A. Kestler},
  title     = {Multi-Objective Selection for Collecting Cluster Alternatives},
  journal   = {Computational Statistics},
  volume    = {26},
  number    = {2},
  pages     = {341--353},
  year      = {2011},
  doi       = {10.1007/s00180-011-0244-6},
  url       = {https://doi.org/10.1007/s00180-011-0244-6}
}

@inproceedings{stevensExploringTopicCoherence2012,
  author    = {Keith Stevens and Philip Kegelmeyer and David Andrzejewski and David Buttler},
  title     = {Exploring Topic Coherence over Many Models and Many Topics},
  booktitle = {Proceedings of the 2012 Joint Conference on Empirical Methods in Natural Language Processing and Computational Natural Language Learning},
  pages     = {952--961},
  year      = {2012},
  address   = {Jeju Island, Korea},
  publisher = {Association for Computational Linguistics},
  url       = {https://aclanthology.org/D12-1087}
}

@misc{2022emoji,
  author    = {Taehoon Kim and Kevin Wurster and Tahir Jalilov},
  title     = {emoji: Emoji for Python},
  year      = {2022},
  note      = {Version 2.0.0},
  url       = {https://pypi.org/project/emoji/}
}