@incollection{acemoglu2015democracy,
  title={Democracy, redistribution, and inequality},
  author={Acemoglu, Daron and Naidu, Suresh and Restrepo, Pascual and Robinson, James A},
  booktitle={Handbook of income distribution},
  volume={2},
  pages={1885--1966},
  year={2015},
  publisher={Elsevier}
}

@inproceedings{brown2020language,
  title={Language models are few-shot learners},
  author={Brown, Tom and Mann, Benjamin and Ryder, Nick and others},
  booktitle={Advances in Neural Information Processing Systems},
  volume={33},
  pages={1877--1901},
  year={2020}
}

@article{calvano2020artificial,
  title={Artificial intelligence, algorithmic pricing, and collusion},
  author={Calvano, Emilio and Calzolari, Giacomo and Denicolo, Vincenzo and Pastorello, Sergio},
  journal={American Economic Review},
  volume={110},
  number={10},
  pages={3267--3297},
  year={2020},
  publisher={American Economic Association 2014 Broadway, Suite 305, Nashville, TN 37203}
}

@article{catalini2020some,
  title={Some simple economics of the blockchain},
  author={Catalini, Christian and Gans, Joshua S},
  journal={Communications of the ACM},
  volume={63},
  number={7},
  pages={80--90},
  year={2020},
  publisher={ACM New York, NY, USA}
}

@inproceedings{goodfellow2014generative,
  title={Generative adversarial nets},
  author={Goodfellow, Ian and Pouget-Abadie, Jean and Mirza, Mehdi and others},
  booktitle={Advances in Neural Information Processing Systems},
  pages={2672--2680},
  year={2014}
}

@article{hui2024short,
  title={The short-term effects of generative artificial intelligence on employment: Evidence from an online labor market},
  author={Hui, Xiang and Reshef, Oren and Zhou, Luofeng},
  journal={Organization Science},
  volume={35},
  number={6},
  pages={1977--1989},
  year={2024},
  publisher={INFORMS}
}

@incollection{krueger2008political,
  title={The political economy of the rent-seeking society},
  author={Krueger, Anne O},
  booktitle={40 Years of Research on Rent Seeking 2},
  pages={151--163},
  year={2008},
  publisher={Springer}
}

@article{prat2022attention,
  title={Attention oligopoly},
  author={Prat, Andrea and Valletti, Tommaso},
  journal={American Economic Journal: Microeconomics},
  volume={14},
  number={3},
  pages={530--557},
  year={2022},
  publisher={American Economic Association 2014 Broadway, Suite 305, Nashville, TN 37203-2425}
}

@article{rodriguez2004inequality,
  title={Inequality, redistribution, and rent-seeking},
  author={Rodriguez, Francisco},
  journal={Economics \& Politics},
  volume={16},
  number={3},
  pages={287--320},
  year={2004},
  publisher={Wiley Online Library}
}

@book{stiglitz2012price,
  title={The price of inequality: How todayâ€™s divided society endangers our future},
  author={Stiglitz, Joseph E},
  year={2012},
  publisher={WW Norton \& Company}
}

@article{takahashi2019modeling,
  title={Modeling financial time-series with generative adversarial networks},
  author={Takahashi, Shuntaro and Chen, Yu and Tanaka-Ishii, Kumiko},
  journal={Physica A: Statistical Mechanics and its Applications},
  volume={527},
  pages={121261},
  year={2019},
  publisher={Elsevier}
}

@incollection{tullock2008welfare,
  title={The welfare costs of tariffs, monopolies, and theft},
  author={Tullock, Gordon},
  booktitle={40 Years of Research on Rent Seeking 1},
  pages={45--53},
  year={2008},
  publisher={Springer}
}

@article{vinuesa2020role,
  title={The role of artificial intelligence in achieving the Sustainable Development Goals},
  author={Vinuesa, Ricardo and Azizpour, Hossein and Leite, Iolanda and Balaam, Madeline and Dignum, Virginia and Domisch, Sami and Fell{\"a}nder, Anna and Langhans, Simone Daniela and Tegmark, Max and Fuso Nerini, Francesco},
  journal={Nature communications},
  volume={11},
  number={1},
  pages={1--10},
  year={2020},
  publisher={Nature Publishing Group}
}

@inproceedings{weidinger2022taxonomy,
  title={Taxonomy of risks posed by language models},
  author={Weidinger, Laura and Uesato, Jonathan and Rauh, Maribeth and Griffin, Conor and Huang, Po-Sen and Mellor, John and Glaese, Amelia and Cheng, Myra and Balle, Borja and Kasirzadeh, Atoosa and others},
  booktitle={Proceedings of the 2022 ACM Conference on Fairness, Accountability, and Transparency},
  pages={214--229},
  year={2022}
}

@article{xu2019modeling,
  title={Modeling tabular data using conditional gan},
  author={Xu, Lei and Skoularidou, Maria and Cuesta-Infante, Alfredo and Veeramachaneni, Kalyan},
  journal={Advances in neural information processing systems},
  volume={32},
  year={2019}
}

@article{zarifhonarvar2024economics,
  title={Economics of chatgpt: A labor market view on the occupational impact of artificial intelligence},
  author={Zarifhonarvar, Ali},
  journal={Journal of Electronic Business \& Digital Economics},
  volume={3},
  number={2},
  pages={100--116},
  year={2024},
  publisher={Emerald Publishing Limited}
}

@article{zingales2017towards,
  title={Towards a political theory of the firm},
  author={Zingales, Luigi},
  journal={Journal of Economic Perspectives},
  volume={31},
  number={3},
  pages={113--130},
  year={2017},
  publisher={American Economic Association 2014 Broadway, Suite 305, Nashville, TN 37203-2418}
}

