% Use this file for citations not found in the ACL Anthology (contained in "anthology.bib").

@article{rochet2006two,
  title={Two-sided markets: a progress report},
  author={Rochet, Jean-Charles and Tirole, Jean},
  journal={The RAND Journal of Economics},
  volume={37},
  number={3},
  pages={645--667},
  year={2006},
  publisher={Wiley Online Library}
}

@book{parker2016platform,
  title={Platform revolution: How networked markets are transforming the economy and how to make them work for you},
  author={Parker, Geoffrey G and Van Alstyne, Marshall W and Choudary, Sangeet Paul},
  year={2016},
  publisher={WW Norton \& Company}
}

@article{rochet2003platform,
  title={Platform competition in two-sided markets},
  author={Rochet, Jean-Charles and Tirole, Jean},
  journal={Journal of the European Economic Association},
  volume={1},
  number={4},
  pages={990--1029},
  year={2003},
  publisher={Oxford University Press}
}

@article{hagiu2015multi,
  title={Multi-sided platforms},
  author={Hagiu, Andrei and Wright, Julian},
  journal={International Journal of Industrial Organization},
  volume={43},
  pages={162--174},
  year={2015},
  publisher={Elsevier}
}

@article{agrawal2018prediction,
  title={Prediction machines: the simple economics of artificial intelligence},
  author={Agrawal, Ajay and Gans, Joshua and Goldfarb, Avi},
  journal={Harvard Business Press},
  year={2018}
}

@article{goldfarb2019artificial,
  title={Artificial intelligence and the modern productivity paradox: A clash of expectations and statistics},
  author={Goldfarb, Avi and Taska, Bledi and Teodoridis, Florenta},
  journal={The Economics of Artificial Intelligence: An Agenda},
  pages={23--57},
  year={2019},
  publisher={University of Chicago Press}
}

@article{varian2018artificial,
  title={Artificial intelligence, economics, and industrial organization},
  author={Varian, Hal},
  journal={The Economics of Artificial Intelligence: An Agenda},
  pages={399--419},
  year={2018},
  publisher={University of Chicago Press}
}

@book{perzanowski2016end,
  title={The end of ownership: Personal property in the digital economy},
  author={Perzanowski, Aaron and Schultz, Jason},
  year={2016},
  publisher={MIT Press}
}

@article{brynjolfsson2017machine,
  title={What can machine learning do? Workforce implications},
  author={Brynjolfsson, Erik and Mitchell, Tom},
  journal={Science},
  volume={358},
  number={6370},
  pages={1530--1534},
  year={2017},
  publisher={American Association for the Advancement of Science}
}

@article{eppler2004concept,
  title={The concept of information overload: A review of literature from organization science, accounting, marketing, MIS, and related disciplines},
  author={Eppler, Martin J and Mengis, Jeanne},
  journal={The information society},
  volume={20},
  number={5},
  pages={325--344},
  year={2004},
  publisher={Taylor \& Francis}
}

@article{bawden2009dark,
  title={The dark side of information: overload, anxiety and other paradoxes and pathologies},
  author={Bawden, David and Robinson, Lyn},
  journal={Journal of information science},
  volume={35},
  number={2},
  pages={180--191},
  year={2009},
  publisher={Sage Publications Sage UK: London, England}
}

@article{feng2021impact,
  title={The impact of information overload on user experience and engagement: An eye-tracking study of social media platforms},
  author={Feng, Shanhe and Wong, Yew-Soon and Gao, Yang},
  journal={Journal of the Association for Information Science and Technology},
  volume={72},
  number={4},
  pages={509--520},
  year={2021},
  publisher={Wiley Online Library}
}

@article{cheng2020effects,
  title={The effects of content diversity in social media on consumer engagement: A neural network approach},
  author={Cheng, Xiufang and Fu, Shaoling and de Vreede, Gert-Jan},
  journal={Journal of Management Information Systems},
  volume={37},
  number={1},
  pages={296--325},
  year={2020},
  publisher={Taylor \& Francis}
}

@book{frank2010winner,
  title={The winner-take-all society: Why the few at the top get so much more than the rest of us},
  author={Frank, Robert H and Cook, Philip J},
  year={2010},
  publisher={Random House}
}

@book{anderson2006long,
  title={The long tail: Why the future of business is selling less of more},
  author={Anderson, Chris},
  year={2006},
  publisher={Hachette Books}
}

@article{abdollahpouri2020multi,
  title={Multistakeholder recommendation: Survey and research directions},
  author={Abdollahpouri, Himan and Adomavicius, Gediminas and Burke, Robin and Guy, Ido and Jannach, Dietmar and Kamishima, Toshihiro and Krasnodebski, Jan and Pizzato, Luiz},
  journal={User Modeling and User-Adapted Interaction},
  volume={30},
  pages={127--158},
  year={2020},
  publisher={Springer}
}

@article{celma2018music,
  title={Music recommendation and discovery revisited},
  author={Celma, Oscar and Cano, Pedro},
  journal={Proceedings of the 2018 ACM Conference on Recommender Systems},
  pages={527--528},
  year={2018}
}

@article{acemoglu2019automation,
  title={Automation and new tasks: How technology displaces and reinstates labor},
  author={Acemoglu, Daron and Restrepo, Pascual},
  journal={Journal of Economic Perspectives},
  volume={33},
  number={2},
  pages={3--30},
  year={2019}
}

@article{goldfarb2019digital,
  title={Digital economics},
  author={Goldfarb, Avi and Tucker, Catherine},
  journal={Journal of Economic Literature},
  volume={57},
  number={1},
  pages={3--43},
  year={2019}
}

@article{calvano2019artificial,
  title={Artificial intelligence, algorithmic pricing, and collusion},
  author={Calvano, Emilio and Calzolari, Giacomo and Denicol{\`o}, Vincenzo and Pastorello, Sergio},
  journal={American Economic Review},
  volume={110},
  number={10},
  pages={3267--97},
  year={2020}
}

@article{gans2019artificial,
  title={Artificial intelligence: An Economist's Perspective},
  author={Gans, Joshua and Goldfarb, Avi and Agrawal, Ajay},
  journal={ACM Communications},
  volume={62},
  number={7},
  pages={80--87},
  year={2019}
}

@article{furman2019ai,
  title={AI and the Economy},
  author={Furman, Jason and Seamans, Robert},
  journal={Innovation Policy and the Economy},
  volume={19},
  pages={161--191},
  year={2019},
  publisher={University of Chicago Press}
}

@article{zittrain2019three,
  title={Three Eras of Digital Governance},
  author={Zittrain, Jonathan},
  journal={SSRN Electronic Journal},
  year={2019}
}

@article{cowls2021artificial,
  title={Artificial intelligence in the creative industries: a review},
  author={Cowls, Josh and Tsamados, Andreas and Taddeo, Mariarosaria and Floridi, Luciano},
  journal={AI \& Society},
  volume={36},
  pages={1--16},
  year={2021},
  publisher={Springer}
}

@article{perc2019social,
  title={The social physics collective},
  author={Perc, Matja{\v{z}}},
  journal={Scientific Reports},
  volume={9},
  number={1},
  pages={1--9},
  year={2019},
  publisher={Nature Publishing Group}
}

@article{agrawal2020ai,
  title={AI and international trade},
  author={Agrawal, Ajay and Gans, Joshua S and Goldfarb, Avi},
  journal={National Bureau of Economic Research},
  year={2020}
}

@article{brynjolfsson2021artificial,
  title={Artificial intelligence and the modern productivity paradox: A general discussion},
  author={Brynjolfsson, Erik and Mitchell, Tom and Rock, Daniel},
  journal={The Economics of Artificial Intelligence: An Agenda},
  pages={1--22},
  year={2021},
  publisher={University of Chicago Press}
}

@article{craglia2018artificial,
  title={Artificial intelligence: A European perspective},
  author={Craglia, Massimo and Annoni, Annalisa and Benczur, Peter and Bertoldi, Paolo and Delipetrev, Blagoj and De Prato, Giuditta and Feijoo, Claudio and Fernandez Macias, Enrique and Gomez, Emilia and Iglesias, Maria and others},
  journal={Publications Office of the European Union},
  year={2018}
}

@article{cockburn2018impact,
  title={The impact of artificial intelligence on innovation},
  author={Cockburn, Iain M and Henderson, Rebecca and Stern, Scott},
  journal={The Economics of Artificial Intelligence: An Agenda},
  pages={115--146},
  year={2018},
  publisher={University of Chicago Press}
}

@article{jones2004minimizing,
  title={Minimizing information overload: The ranking of electronic messages},
  author={Jones, Quentin and Ravid, Gilad and Rafaeli, Sheizaf},
  journal={Journal of Information Science},
  volume={30},
  number={5},
  pages={435--447},
  year={2004},
  publisher={Sage Publications Sage CA: Thousand Oaks, CA}
}

@article{weisberg2016content,
  title={The content model: a new approach to content recommendation},
  author={Weisberg, Omer and Gingold, Yotam and Levy, Eyal},
  journal={Proceedings of the 10th ACM Conference on Recommender Systems},
  pages={137--140},
  year={2016}
}

@article{acemoglu2018artificial,
  title={Artificial intelligence, automation and work},
  author={Acemoglu, Daron and Restrepo, Pascual},
  journal={National Bureau of Economic Research},
  year={2018}
}

@book{brynjolfsson2014second,
  title={The second machine age: Work, progress, and prosperity in a time of brilliant technologies},
  author={Brynjolfsson, Erik and McAfee, Andrew},
  year={2014},
  publisher={WW Norton \& Company}
}

@article{raj2019artificial,
  title={Artificial intelligence in economics and finance},
  author={Raj, Maria and Seamans, Robert},
  journal={SSRN Electronic Journal},
  year={2019}
}

@article{lyons2020ai,
  title={AI and the arts: how machine learning is changing artistic work},
  author={Lyons, Michael J},
  journal={Interactions},
  volume={27},
  number={2},
  pages={58--63},
  year={2020},
  publisher={ACM New York, NY, USA}
}

@article{bakhshi2018creative,
  title={The creative digital skills revolution},
  author={Bakhshi, Hasan and Downing, Joseph and Osborne, Michael and Schneider, Philippe},
  journal={Nesta. org},
  year={2018}
}

@article{agrawal2019economic,
  title={Economic policy for artificial intelligence},
  author={Agrawal, Ajay and Gans, Joshua and Goldfarb, Avi},
  journal={Innovation Policy and the Economy},
  volume={19},
  pages={139--159},
  year={2019},
  publisher={University of Chicago Press}
}

@article{evans2020economics,
  title={The economics of artificial intelligence: An agenda},
  author={Evans, David S},
  journal={Journal of Economic Literature},
  volume={58},
  number={4},
  pages={1146--1151},
  year={2020}
}

@article{goldfarb2022ai,
  title={AI and the productivity paradox},
  author={Goldfarb, Avi and Teodoridis, Florenta},
  journal={Nature Machine Intelligence},
  volume={4},
  number={4},
  pages={318--320},
  year={2022},
  publisher={Nature Publishing Group}
}

*************************************

@incollection{tullock2008welfare,
  title={The welfare costs of tariffs, monopolies, and theft},
  author={Tullock, Gordon},
  booktitle={40 Years of Research on Rent Seeking 1},
  pages={45--53},
  year={2008},
  publisher={Springer}
}

@article{lambsdorff2002corruption,
  title={Corruption and rent-seeking},
  author={Lambsdorff, Johann Graf},
  journal={Public choice},
  volume={113},
  number={1},
  pages={97--125},
  year={2002},
  publisher={Springer}
}

@article{aidt2016rent,
  title={Rent seeking and the economics of corruption},
  author={Aidt, Toke S},
  journal={Constitutional Political Economy},
  volume={27},
  pages={142--157},
  year={2016},
  publisher={Springer}
}

@article{wick2006contesting,
  title={Contesting resources--rent seeking, conflict and the natural resource curse},
  author={Wick, Katharina and Bulte, Erwin H},
  journal={Public Choice},
  volume={128},
  number={3},
  pages={457--476},
  year={2006},
  publisher={Springer}
}

@article{dell2022natural,
  title={Natural resources, rent seeking and economic development. An analysis of the resource curse hypothesis for Iran},
  author={Dell’Anno, Roberto and Maddah, Majid},
  journal={Macroeconomics and Finance in Emerging Market Economies},
  volume={15},
  number={1},
  pages={47--65},
  year={2022},
  publisher={Taylor \& Francis}
}

@incollection{acemoglu2015democracy,
  title={Democracy, redistribution, and inequality},
  author={Acemoglu, Daron and Naidu, Suresh and Restrepo, Pascual and Robinson, James A},
  booktitle={Handbook of income distribution},
  volume={2},
  pages={1885--1966},
  year={2015},
  publisher={Elsevier}
}

@article{angelopoulos2021distributional,
  title={The distributional consequences of rent-seeking},
  author={Angelopoulos, Angelos and Angelopoulos, Konstantinos and Lazarakis, Spyridon and Philippopoulos, Apostolis},
  journal={Economic Inquiry},
  volume={59},
  number={4},
  pages={1616--1640},
  year={2021},
  publisher={Wiley Online Library}
}

@article{rodriguez2004inequality,
  title={Inequality, redistribution, and rent-seeking},
  author={Rodriguez, Francisco},
  journal={Economics \& Politics},
  volume={16},
  number={3},
  pages={287--320},
  year={2004},
  publisher={Wiley Online Library}
}

@article{braunstein2008feminist,
  title={The feminist political economy of the rent-seeking society: An investigation of gender inequality and economic growth},
  author={Braunstein, Elissa},
  journal={Journal of Economic Issues},
  volume={42},
  number={4},
  pages={959--979},
  year={2008},
  publisher={Taylor \& Francis}
}

@article{spinesi2009rent,
  title={Rent-seeking bureaucracies, inequality, and growth},
  author={Spinesi, Luca},
  journal={Journal of Development Economics},
  volume={90},
  number={2},
  pages={244--257},
  year={2009},
  publisher={Elsevier}
}

@article{boldrin2004rent,
  title={Rent-seeking and innovation},
  author={Boldrin, Michele and Levine, David K},
  journal={Journal of monetary economics},
  volume={51},
  number={1},
  pages={127--160},
  year={2004},
  publisher={Elsevier}
}

@techreport{glode2024technological,
  title={Technological progress and rent seeking},
  author={Glode, Vincent and Ordonez, Guillermo},
  year={2024},
  institution={National Bureau of Economic Research}
}


@article{bommasani2021opportunities,
  title={On the opportunities and risks of foundation models},
  author={Bommasani, Rishi and Hudson, Drew A and Adeli, Ehsan and Altman, Russ and Arora, Simran and von Arx, Sydney and Bernstein, Michael S and Bohg, Jeannette and Bosselut, Antoine and Brunskill, Emma and others},
  journal={arXiv preprint arXiv:2108.07258},
  year={2021}
}

@article{solaiman2019release,
  title={Release strategies and the social impacts of language models},
  author={Solaiman, Irene and Brundage, Miles and Clark, Jack and Askell, Amanda and Herbert-Voss, Ariel and Wu, Jeff and Radford, Alec and Krueger, Gretchen and Kim, Jong Wook and Kreps, Sarah and others},
  journal={arXiv preprint arXiv:1908.09203},
  year={2019}
}

@article{vinuesa2020role,
  title={The role of artificial intelligence in achieving the Sustainable Development Goals},
  author={Vinuesa, Ricardo and Azizpour, Hossein and Leite, Iolanda and Balaam, Madeline and Dignum, Virginia and Domisch, Sami and Fell{\"a}nder, Anna and Langhans, Simone Daniela and Tegmark, Max and Fuso Nerini, Francesco},
  journal={Nature communications},
  volume={11},
  number={1},
  pages={1--10},
  year={2020},
  publisher={Nature Publishing Group}
}

@inproceedings{weidinger2022taxonomy,
  title={Taxonomy of risks posed by language models},
  author={Weidinger, Laura and Uesato, Jonathan and Rauh, Maribeth and Griffin, Conor and Huang, Po-Sen and Mellor, John and Glaese, Amelia and Cheng, Myra and Balle, Borja and Kasirzadeh, Atoosa and others},
  booktitle={Proceedings of the 2022 ACM Conference on Fairness, Accountability, and Transparency},
  pages={214--229},
  year={2022}
}

@inproceedings{bender2021dangers,
  title={On the dangers of stochastic parrots: Can language models be too big?��},
  author={Bender, Emily M and Gebru, Timnit and McMillan-Major, Angelina and Shmitchell, Shmargaret},
  booktitle={Proceedings of the 2021 ACM conference on fairness, accountability, and transparency},
  pages={610--623},
  year={2021}
}

@inproceedings{acemoglu2018modeling,
  title={Modeling automation},
  author={Acemoglu, Daron and Restrepo, Pascual},
  booktitle={AEA papers and proceedings},
  volume={108},
  pages={48--53},
  year={2018},
  organization={American Economic Association 2014 Broadway, Suite 305, Nashville, TN 37203}
}

@article{catalini2020some,
  title={Some simple economics of the blockchain},
  author={Catalini, Christian and Gans, Joshua S},
  journal={Communications of the ACM},
  volume={63},
  number={7},
  pages={80--90},
  year={2020},
  publisher={ACM New York, NY, USA}
}

@article{prat2022attention,
  title={Attention oligopoly},
  author={Prat, Andrea and Valletti, Tommaso},
  journal={American Economic Journal: Microeconomics},
  volume={14},
  number={3},
  pages={530--557},
  year={2022},
  publisher={American Economic Association 2014 Broadway, Suite 305, Nashville, TN 37203-2425}
}



@incollection{krueger2008political,
  title={The political economy of the rent-seeking society},
  author={Krueger, Anne O},
  booktitle={40 Years of Research on Rent Seeking 2},
  pages={151--163},
  year={2008},
  publisher={Springer}
}

@article{shleifer1993corruption,
  title={Corruption},
  author={Shleifer, Andrei and Vishny, Robert W},
  journal={The quarterly journal of economics},
  volume={108},
  number={3},
  pages={599--617},
  year={1993},
  publisher={MIT Press}
}

@incollection{wilkinson2024big,
  title={Big Data, Artificial Intelligence and Insurance},
  author={Wilkinson, Dino and Christie, Alec and Tarr, Anthony A and Tarr, Julie-Anne},
  booktitle={The Global Insurance Market and Change},
  pages={22--46},
  year={2024},
  publisher={Informa Law from Routledge}
}

@article{zingales2017towards,
  title={Towards a political theory of the firm},
  author={Zingales, Luigi},
  journal={Journal of Economic Perspectives},
  volume={31},
  number={3},
  pages={113--130},
  year={2017},
  publisher={American Economic Association 2014 Broadway, Suite 305, Nashville, TN 37203-2418}
}

@article{tabarrok2015end,
  title={The end of asymmetric information},
  author={Tabarrok, Alex and Cowen, Tyler},
  journal={Cato Unbound},
  volume={6},
  year={2015}
}

@article{srnicek2017platform,
  title={Platform capitalism},
  author={Srnicek, Nick},
  journal={Polity},
  year={2017}
}

@misc{van2018platform,
  title={The platform society: Public values in a connective world},
  author={van Dijck, Jose},
  year={2018},
  publisher={Oxford University Press}
}

@inproceedings{goodfellow2014generative,
  title={Generative adversarial nets},
  author={Goodfellow, Ian and Pouget-Abadie, Jean and Mirza, Mehdi and others},
  booktitle={Advances in Neural Information Processing Systems},
  pages={2672--2680},
  year={2014}
}

@inproceedings{brown2020language,
  title={Language models are few-shot learners},
  author={Brown, Tom and Mann, Benjamin and Ryder, Nick and others},
  booktitle={Advances in Neural Information Processing Systems},
  volume={33},
  pages={1877--1901},
  year={2020}
}

@inproceedings{assefa2020generating,
  title={Generating synthetic data in finance: opportunities, challenges and pitfalls},
  author={Assefa, Samuel A and Dervovic, Danial and Mahfouz, Mahmoud and Tillman, Robert E and Reddy, Prashant and Veloso, Manuela},
  booktitle={Proceedings of the First ACM International Conference on AI in Finance},
  pages={1--8},
  year={2020}
}

@article{xu2019modeling,
  title={Modeling tabular data using conditional gan},
  author={Xu, Lei and Skoularidou, Maria and Cuesta-Infante, Alfredo and Veeramachaneni, Kalyan},
  journal={Advances in neural information processing systems},
  volume={32},
  year={2019}
}


@article{piketty2014capital,
  title={Capital in the twenty-first century},
  author={Piketty, Thomas},
  journal={Trans. Arthur Goldhammer/Belknap},
  year={2014},
  publisher={JSTOR}
}

@book{stiglitz2012price,
  title={The price of inequality: How today’s divided society endangers our future},
  author={Stiglitz, Joseph E},
  year={2012},
  publisher={WW Norton \& Company}
}

@article{zarifhonarvar2024economics,
  title={Economics of chatgpt: A labor market view on the occupational impact of artificial intelligence},
  author={Zarifhonarvar, Ali},
  journal={Journal of Electronic Business \& Digital Economics},
  volume={3},
  number={2},
  pages={100--116},
  year={2024},
  publisher={Emerald Publishing Limited}
}

@article{hui2024short,
  title={The short-term effects of generative artificial intelligence on employment: Evidence from an online labor market},
  author={Hui, Xiang and Reshef, Oren and Zhou, Luofeng},
  journal={Organization Science},
  volume={35},
  number={6},
  pages={1977--1989},
  year={2024},
  publisher={INFORMS}
}


@article{kausik2023long,
  title={Long tails \& the impact of GPT on labor},
  author={Kausik, BN},
  journal={Available at SSRN 4525008},
  year={2023}
}


@article{noy2023experimental,
  title={Experimental evidence on the productivity effects of generative artificial intelligence},
  author={Noy, Shakked and Zhang, Whitney},
  journal={Science},
  volume={381},
  number={6654},
  pages={187--192},
  year={2023},
  publisher={American Association for the Advancement of Science}
}

@article{takahashi2019modeling,
  title={Modeling financial time-series with generative adversarial networks},
  author={Takahashi, Shuntaro and Chen, Yu and Tanaka-Ishii, Kumiko},
  journal={Physica A: Statistical Mechanics and its Applications},
  volume={527},
  pages={121261},
  year={2019},
  publisher={Elsevier}
}


@article{dahal2023utilizing,
  title={Utilizing Generative AI for Real-Time financial market analysis opportunities and challenges},
  author={Dahal, Suresh Budha},
  journal={Advances in Intelligent Information Systems},
  volume={8},
  number={4},
  pages={1--11},
  year={2023}
}

@article{calvano2020artificial,
  title={Artificial intelligence, algorithmic pricing, and collusion},
  author={Calvano, Emilio and Calzolari, Giacomo and Denicolo, Vincenzo and Pastorello, Sergio},
  journal={American Economic Review},
  volume={110},
  number={10},
  pages={3267--3297},
  year={2020},
  publisher={American Economic Association 2014 Broadway, Suite 305, Nashville, TN 37203}
}


@article{einav2014economics,
  title={Economics in the age of big data},
  author={Einav, Liran and Levin, Jonathan},
  journal={Science},
  volume={346},
  number={6210},
  pages={1243089},
  year={2014},
  publisher={American Association for the Advancement of Science}
}

@article{racaniere2017imagination,
  title={Imagination-augmented agents for deep reinforcement learning},
  author={Racani{\`e}re, S{\'e}bastien and Weber, Th{\'e}ophane and Reichert, David and Buesing, Lars and Guez, Arthur and Jimenez Rezende, Danilo and Puigdom{\`e}nech Badia, Adri{\`a} and Vinyals, Oriol and Heess, Nicolas and Li, Yujia and others},
  journal={Advances in neural information processing systems},
  volume={30},
  year={2017}
}