@inproceedings{AbdullaAAJLS15,
  author       = {Parosh Aziz Abdulla and
                  Stavros Aronis and
                  Mohamed Faouzi Atig and
                  Bengt Jonsson and
                  Carl Leonardsson and
                  Konstantinos Sagonas},
  editor       = {Christel Baier and
                  Cesare Tinelli},
  title        = {Stateless Model Checking for {TSO} and {PSO}},
  booktitle    = {Tools and Algorithms for the Construction and Analysis of Systems
                  - 21st International Conference, {TACAS} 2015, Held as Part of the
                  European Joint Conferences on Theory and Practice of Software, {ETAPS}
                  2015, London, UK, April 11-18, 2015. Proceedings},
  series       = {Lecture Notes in Computer Science},
  volume       = {9035},
  pages        = {353--367},
  publisher    = {Springer},
  year         = {2015},
  OPTurl          = {https://doi.org/10.1007/978-3-662-46681-0\_28},
  doi          = {10.1007/978-3-662-46681-0\_28},
  timestamp    = {Sat, 30 Sep 2023 09:57:43 +0200},
  biburl       = {https://dblp.org/rec/conf/tacas/AbdullaAAJLS15.bib},
  bibsource    = {dblp computer science bibliography, https://dblp.org}
}

@inproceedings{AbdullaAJS14,
  author       = {Parosh Aziz Abdulla and
                  Stavros Aronis and
                  Bengt Jonsson and
                  Konstantinos Sagonas},
  editor       = {Suresh Jagannathan and
                  Peter Sewell},
  title        = {Optimal dynamic partial order reduction},
  booktitle    = {The 41st Annual {ACM} {SIGPLAN-SIGACT} Symposium on Principles of
                  Programming Languages, {POPL} '14, San Diego, CA, USA, January 20-21,
                  2014},
  pages        = {373--384},
  publisher    = {{ACM}},
  year         = {2014},
  OPTurl          = {https://doi.org/10.1145/2535838.2535845},
  doi          = {10.1145/2535838.2535845},
  timestamp    = {Tue, 31 Aug 2021 12:07:11 +0200},
  biburl       = {https://dblp.org/rec/conf/popl/AbdullaAJS14.bib},
  bibsource    = {dblp computer science bibliography, https://dblp.org}
}

@article{AstrauskasMP0S20,
  author       = {Vytautas Astrauskas and
                  Christoph Matheja and
                  Federico Poli and
                  Peter M{\"{u}}ller and
                  Alexander J. Summers},
  title        = {How do programmers use unsafe rust?},
  journal      = {Proc. {ACM} Program. Lang.},
  volume       = {4},
  number       = {{OOPSLA}},
  pages        = {136:1--136:27},
  year         = {2020},
  OPTurl          = {https://doi.org/10.1145/3428204},
  doi          = {10.1145/3428204},
  timestamp    = {Sat, 30 Sep 2023 10:23:23 +0200},
  biburl       = {https://dblp.org/rec/journals/pacmpl/AstrauskasMP0S20.bib},
  bibsource    = {dblp computer science bibliography, https://dblp.org}
}

@inproceedings{BurckhardtKMN10,
  author       = {Sebastian Burckhardt and
                  Pravesh Kothari and
                  Madanlal Musuvathi and
                  Santosh Nagarakatte},
  editor       = {James C. Hoe and
                  Vikram S. Adve},
  title        = {A randomized scheduler with probabilistic guarantees of finding bugs},
  booktitle    = {Proceedings of the 15th International Conference on Architectural
                  Support for Programming Languages and Operating Systems, {ASPLOS}
                  2010, Pittsburgh, Pennsylvania, USA, March 13-17, 2010},
  pages        = {167--178},
  publisher    = {{ACM}},
  year         = {2010},
  OPTurl          = {https://doi.org/10.1145/1736020.1736040},
  doi          = {10.1145/1736020.1736040},
  timestamp    = {Wed, 07 Jul 2021 13:23:08 +0200},
  biburl       = {https://dblp.org/rec/conf/asplos/BurckhardtKMN10.bib},
  bibsource    = {dblp computer science bibliography, https://dblp.org}
}

@inproceedings{CRUST_TomanPT15,
  author       = {John Toman and
                  Stuart Pernsteiner and
                  Emina Torlak},
  editor       = {Myra B. Cohen and
                  Lars Grunske and
                  Michael Whalen},
  title        = {Crust: {A} Bounded Verifier for Rust {(N)}},
  booktitle    = {30th {IEEE/ACM} International Conference on Automated Software Engineering,
                  {ASE} 2015, Lincoln, NE, USA, November 9-13, 2015},
  pages        = {75--80},
  publisher    = {{IEEE} Computer Society},
  year         = {2015},
  OPTurl          = {https://doi.org/10.1109/ASE.2015.77},
  doi          = {10.1109/ASE.2015.77},
  timestamp    = {Fri, 24 Mar 2023 00:02:37 +0100},
  biburl       = {https://dblp.org/rec/conf/kbse/TomanPT15.bib},
  bibsource    = {dblp computer science bibliography, https://dblp.org}
}

@inproceedings{EvansCS20,
  author       = {Ana Nora Evans and
                  Bradford Campbell and
                  Mary Lou Soffa},
  editor       = {Gregg Rothermel and
                  Doo{-}Hwan Bae},
  title        = {Is rust used safely by software developers?},
  booktitle    = {{ICSE} '20: 42nd International Conference on Software Engineering,
                  Seoul, South Korea, 27 June - 19 July, 2020},
  pages        = {246--257},
  publisher    = {{ACM}},
  year         = {2020},
  OPTurl          = {https://doi.org/10.1145/3377811.3380413},
  doi          = {10.1145/3377811.3380413},
  timestamp    = {Fri, 04 Jun 2021 14:37:02 +0200},
  biburl       = {https://dblp.org/rec/conf/icse/EvansCS20.bib},
  bibsource    = {dblp computer science bibliography, https://dblp.org}
}

@inproceedings{FlanaganG05,
  author       = {Cormac Flanagan and
                  Patrice Godefroid},
  editor       = {Jens Palsberg and
                  Mart{\'{\i}}n Abadi},
  title        = {Dynamic partial-order reduction for model checking software},
  booktitle    = {Proceedings of the 32nd {ACM} {SIGPLAN-SIGACT} Symposium on Principles
                  of Programming Languages, {POPL} 2005, Long Beach, California, USA,
                  January 12-14, 2005},
  pages        = {110--121},
  publisher    = {{ACM}},
  year         = {2005},
  OPTurl          = {https://doi.org/10.1145/1040305.1040315},
  doi          = {10.1145/1040305.1040315},
  timestamp    = {Sat, 31 Jul 2021 17:22:14 +0200},
  biburl       = {https://dblp.org/rec/conf/popl/FlanaganG05.bib},
  bibsource    = {dblp computer science bibliography, https://dblp.org}
}

@article{JKD18,
  author       = {Ralf Jung and
                  Jacques{-}Henri Jourdan and
                  Robbert Krebbers and
                  Derek Dreyer},
  title        = {RustBelt: securing the foundations of the rust programming language},
  journal      = {Proc. {ACM} Program. Lang.},
  volume       = {2},
  number       = {{POPL}},
  pages        = {66:1--66:34},
  year         = {2018},
  OPTurl          = {https://doi.org/10.1145/3158154},
  doi          = {10.1145/3158154},
  timestamp    = {Sat, 30 Sep 2023 10:23:23 +0200},
  biburl       = {https://dblp.org/rec/journals/pacmpl/0002JKD18.bib},
  bibsource    = {dblp computer science bibliography, https://dblp.org}
}

@inproceedings{LiWSL22_FFI_checker,
  author       = {Zhuohua Li and
                  Jincheng Wang and
                  Mingshen Sun and
                  John C. S. Lui},
  editor       = {Vijayalakshmi Atluri and
                  Roberto Di Pietro and
                  Christian Damsgaard Jensen and
                  Weizhi Meng},
  title        = {Detecting Cross-language Memory Management Issues in Rust},
  booktitle    = {Computer Security - {ESORICS} 2022 - 27th European Symposium on Research
                  in Computer Security, Copenhagen, Denmark, September 26-30, 2022,
                  Proceedings, Part {III}},
  series       = {Lecture Notes in Computer Science},
  volume       = {13556},
  pages        = {680--700},
  publisher    = {Springer},
  year         = {2022},
  OPTurl          = {https://doi.org/10.1007/978-3-031-17143-7\_33},
  doi          = {10.1007/978-3-031-17143-7\_33},
  timestamp    = {Tue, 21 Mar 2023 20:58:00 +0100},
  biburl       = {https://dblp.org/rec/conf/esorics/LiWSL22.bib},
  bibsource    = {dblp computer science bibliography, https://dblp.org},
}

@misc{Lockbud,
note = {url: \url{https://github.com/BurtonQin/lockbud} (Accessed: 2024-1-30)},
name = {lockbud
Statically detect memory, concurrency bugs and possible panic locations for Rust.},
author = {Boqin Qin}
}

@article{NorrisD16,
  author       = {Brian Norris and
                  Brian Demsky},
  title        = {A Practical Approach for Model Checking {C/C++11} Code},
  journal      = {{ACM} Trans. Program. Lang. Syst.},
  volume       = {38},
  number       = {3},
  pages        = {10:1--10:51},
  year         = {2016},
  OPTurl          = {https://doi.org/10.1145/2806886},
  doi          = {10.1145/2806886},
  timestamp    = {Thu, 14 Oct 2021 09:12:21 +0200},
  biburl       = {https://dblp.org/rec/journals/toplas/NorrisD16.bib},
  bibsource    = {dblp computer science bibliography, https://dblp.org}
}

@article{QinCLZWSZ24,
  author       = {Boqin Qin and
                  Yilun Chen and
                  Haopeng Liu and
                  Hua Zhang and
                  Qiaoyan Wen and
                  Linhai Song and
                  Yiying Zhang},
  title        = {Understanding and Detecting Real-World Safety Issues in Rust},
  journal      = {{IEEE} Trans. Software Eng.},
  volume       = {50},
  number       = {6},
  pages        = {1306--1324},
  year         = {2024},
  OPTurl          = {https://doi.org/10.1109/TSE.2024.3380393},
  doi          = {10.1109/TSE.2024.3380393},
  timestamp    = {Fri, 20 Sep 2024 15:38:09 +0200},
  biburl       = {https://dblp.org/rec/journals/tse/QinCLZWSZ24.bib},
  bibsource    = {dblp computer science bibliography, https://dblp.org},
}

@article{SPORE_2024_Kokologiannakis,
  author       = {Michalis Kokologiannakis and
                  Iason Marmanis and
                  Viktor Vafeiadis},
  title        = {{SPORE:} Combining Symmetry and Partial Order Reduction},
  journal      = {Proc. {ACM} Program. Lang.},
  volume       = {8},
  number       = {{PLDI}},
  pages        = {1781--1803},
  year         = {2024},
  OPTurl          = {https://doi.org/10.1145/3656449},
  doi          = {10.1145/3656449},
  timestamp    = {Fri, 02 Aug 2024 21:41:17 +0200},
  biburl       = {https://dblp.org/rec/journals/pacmpl/KokologiannakisMV24.bib},
  bibsource    = {dblp computer science bibliography, https://dblp.org}
}

@inproceedings{SatoMKT24,
  author       = {Shigeyuki Sato and
                  Taiyo Mizuhashi and
                  Genki Kimura and
                  Kenjiro Taura},
  editor       = {Oleg Kiselyov},
  title        = {Efficiently Adapting Stateless Model Checking for {C11/C++11} to Mixed-Size
                  Accesses},
  booktitle    = {Programming Languages and Systems - 22nd Asian Symposium, {APLAS}
                  2024, Kyoto, Japan, October 22-24, 2024, Proceedings},
  series       = {Lecture Notes in Computer Science},
  volume       = {15194},
  pages        = {346--364},
  publisher    = {Springer},
  year         = {2024},
  OPTurl          = {https://doi.org/10.1007/978-981-97-8943-6\_17},
  doi          = {10.1007/978-981-97-8943-6\_17},
  timestamp    = {Mon, 09 Dec 2024 22:46:06 +0100},
  biburl       = {https://dblp.org/rec/conf/aplas/SatoMKT24.bib},
  bibsource    = {dblp computer science bibliography, https://dblp.org}
}

@Misc{awshuttle,
  OPTkey = 	 {},
  author = 	 {AWS},
  title = 	 {Shuttle, a library for testing concurrent Rust code},
  note = {url: \url{https://github.com/awslabs/shuttle} (Accessed: 2024-1-30)},
}

@inproceedings{barrier_aware_model_checking_Kokologiannakis21,
  author       = {Michalis Kokologiannakis and
                  Viktor Vafeiadis},
  editor       = {Karima Echihabi and
                  Roland Meyer},
  title        = {{BAM:} Efficient Model Checking for Barriers},
  booktitle    = {Networked Systems - 9th International Conference, {NETYS} 2021, Virtual
                  Event, May 19-21, 2021, Proceedings},
  series       = {Lecture Notes in Computer Science},
  volume       = {12754},
  pages        = {223--239},
  publisher    = {Springer},
  year         = {2021},
  OPTurl          = {https://doi.org/10.1007/978-3-030-91014-3\_16},
  doi          = {10.1007/978-3-030-91014-3\_16},
  timestamp    = {Wed, 15 Dec 2021 10:32:44 +0100},
  biburl       = {https://dblp.org/rec/conf/netys/Kokologiannakis21.bib},
  bibsource    = {dblp computer science bibliography, https://dblp.org}
}

@article{kokolgiannakis_mixed_size,
author = {Marmanis, Iason and Kokologiannakis, Michalis and Vafeiadis, Viktor},
year = {2025},
month = {01},
pages = {2232-2252},
title = {Model Checking C/C++ with Mixed-Size Accesses},
volume = {9},
journal = {Proceedings of the ACM on Programming Languages},
doi = {10.1145/3704911}
}

@article{lock_handling_Kokologiannakis19,
  author       = {Michalis Kokologiannakis and
                  Azalea Raad and
                  Viktor Vafeiadis},
  title        = {Effective lock handling in stateless model checking},
  journal      = {Proc. {ACM} Program. Lang.},
  volume       = {3},
  number       = {{OOPSLA}},
  pages        = {173:1--173:26},
  year         = {2019},
  OPTurl          = {https://doi.org/10.1145/3360599},
  doi          = {10.1145/3360599},
  timestamp    = {Sun, 19 Jan 2025 14:48:00 +0100},
  biburl       = {https://dblp.org/rec/journals/pacmpl/Kokologiannakis19.bib},
  bibsource    = {dblp computer science bibliography, https://dblp.org}
}

@Misc{loom,
  OPTkey = 	 {},
  author = 	 {Tokio},
  title = 	 {Loom, Concurrency permutation testing tool for Rust},
  note = {url: \url{https://github.com/tokio-rs/loom} (Accessed: 2024-1-30)},
}

@Misc{miri,
  OPTkey = 	 {},
  author = 	 {{The Rust Team}},
  title = 	 {Miri, An interpreter for Rust's mid-level intermediate representation},
  note = {url: \url{https://github.com/rust-lang/miri} (Accessed: 2024-1-30)},
}

