@inproceedings{nguyen2022federated,
  title={Federated learning with buffered asynchronous aggregation},
  author={Nguyen, John and Malik, Kshitiz and Zhan, Hongyuan and Yousefpour, Ashkan and Rabbat, Mike and Malek, Mani and Huba, Dzmitry},
  booktitle={International Conference on Artificial Intelligence and Statistics},
  pages={3581--3607},
  year={2022},
  organization={PMLR}
}

@inproceedings{zheng2017asynchronous,
  title={Asynchronous stochastic gradient descent with delay compensation},
  author={Zheng, Shuxin and Meng, Qi and Wang, Taifeng and Chen, Wei and Yu, Nenghai and Ma, Zhi-Ming and Liu, Tie-Yan},
  booktitle={International Conference on Machine Learning},
  pages={4120--4129},
  year={2017},
  organization={PMLR}
}

@article{koloskova2022sharper,
  title={Sharper convergence guarantees for asynchronous SGD for distributed and federated learning},
  author={Koloskova, Anastasiia and Stich, Sebastian U and Jaggi, Martin},
  journal={Advances in Neural Information Processing Systems},
  volume={35},
  pages={17202--17215},
  year={2022}
}

@article{xie2019asynchronous,
  title={Asynchronous federated optimization},
  author={Xie, Cong and Koyejo, Sanmi and Gupta, Indranil},
  journal={arXiv preprint arXiv:1903.03934},
  year={2019}
}


@inproceedings{su2022asynchronous,
  title={How asynchronous can federated learning be?},
  author={Su, Ningxin and Li, Baochun},
  booktitle={2022 IEEE/ACM 30th International Symposium on Quality of Service (IWQoS)},
  pages={1--11},
  year={2022},
  organization={IEEE}
}


@inproceedings{liu2024fedasmu,
  title={Fedasmu: Efficient asynchronous federated learning with dynamic staleness-aware model update},
  author={Liu, Ji and Jia, Juncheng and Che, Tianshi and Huo, Chao and Ren, Jiaxiang and Zhou, Yang and Dai, Huaiyu and Dou, Dejing},
  booktitle={Proceedings of the AAAI Conference on Artificial Intelligence},
  volume={38},
  number={12},
  pages={13900--13908},
  year={2024}
}

@inproceedings{zang2024efficient,
  title={Efficient Asynchronous Federated Learning with Prospective Momentum Aggregation and Fine-Grained Correction},
  author={Zang, Yu and Xue, Zhe and Ou, Shilong and Chu, Lingyang and Du, Junping and Long, Yunfei},
  booktitle={Proceedings of the AAAI Conference on Artificial Intelligence},
  volume={38},
  number={15},
  pages={16642--16650},
  year={2024}
}

@inproceedings{wang2024tackling,
  title={Tackling the Data Heterogeneity in Asynchronous Federated Learning with Cached Update Calibration},
  author={Wang, Yujia and Cao, Yuanpu and Wu, Jingcheng and Chen, Ruoyu and Chen, Jinghui},
  booktitle={International Conference on Learning Representations},
  year={2024}
}

@inproceedings{mishchenko2018delay,
  title={A delay-tolerant proximal-gradient algorithm for distributed learning},
  author={Mishchenko, Konstantin and Iutzeler, Franck and Malick, J{\'e}r{\^o}me and Amini, Massih-Reza},
  booktitle={International conference on machine learning},
  pages={3587--3595},
  year={2018},
  organization={PMLR}
}

@inproceedings{zhang2023navigating,
  title={Navigating Alignment for Non-identical Client Class Sets: A Label Name-Anchored Federated Learning Framework},
  author={Zhang, Jiayun and Zhang, Xiyuan and Zhang, Xinyang and Hong, Dezhi and Gupta, Rajesh K and Shang, Jingbo},
  booktitle={Proceedings of the 29th ACM SIGKDD Conference on Knowledge Discovery and Data Mining},
  pages={3297--3308},
  year={2023}
}

@inproceedings{zhang2024few,
  title={How Few Davids Improve One Goliath: Federated Learning in Resource-Skewed Edge Computing Environments},
  author={Zhang, Jiayun and Li, Shuheng and Huang, Haiyu and Wang, Zihan and Fu, Xiaohan and Hong, Dezhi and Gupta, Rajesh K and Shang, Jingbo},
  booktitle={Proceedings of the ACM on Web Conference 2024},
  pages={2976--2985},
  year={2024}
}

@inproceedings{mcmahan2017communication,
  title={Communication-efficient learning of deep networks from decentralized data},
  author={McMahan, Brendan and Moore, Eider and Ramage, Daniel and Hampson, Seth and y Arcas, Blaise Aguera},
  booktitle={Artificial intelligence and statistics},
  pages={1273--1282},
  year={2017},
  organization={PMLR}
}


@article{li2020federated,
  title={{Federated Optimization in Heterogeneous Networks}},
  author={Li, Tian and Sahu, Anit Kumar and Zaheer, Manzil and Sanjabi, Maziar and Talwalkar, Ameet and Smith, Virginia},
  journal={{MLSys}},
  volume={2},
  pages={429--450},
  year={2020}
}

@inproceedings{karimireddy2020scaffold,
  title={{SCAFFOLD: Stochastic Controlled Averaging for Federated Learning}},
  author={Karimireddy, Sai Praneeth and Kale, Satyen and Mohri, Mehryar and Reddi, Sashank and Stich, Sebastian and Suresh, Ananda Theertha},
  booktitle={{ICML}},
  pages={5132--5143},
  year={2020},
  organization={PMLR}
}

@article{wang2020tackling,
  title={{Tackling the Objective Inconsistency Problem in Heterogeneous Federated Optimization}},
  author={Wang, Jianyu and Liu, Qinghua and Liang, Hao and Joshi, Gauri and Poor, H. Vincent},
  journal={{NeurIPS}},
  volume={33},
  pages={7611--7623},
  year={2020}
}

@article{zhang2021parameterized,
  title={{Parameterized Knowledge Transfer for Personalized Federated Learning}},
  author={Zhang, Jie and Guo, Song and Ma, Xiaosong and Wang, Haozhao and Xu, Wenchao and Wu, Feijie},
  journal={Advances in Neural Information Processing Systems},
  volume={34},
  pages={10092--10104},
  year={2021}
}

@inproceedings{li2021fedmask,
  title={{FedMask: Joint Computation and Communication-Efficient Personalized Federated Learning via Heterogeneous Masking}},
  author={Li, Ang and Sun, Jingwei and Zeng, Xiao and Zhang, Mi and Li, Hai and Chen, Yiran},
  booktitle={Proceedings of the 19th ACM Conference on Embedded Networked Sensor Systems},
  pages={42--55},
  year={2021}
}


@inproceedings{fang2022robust,
  title={{Robust Federated Learning with Noisy and Heterogeneous Clients}},
  author={Fang, Xiuwen and Ye, Mang},
  booktitle={Proceedings of the IEEE/CVF Conference on Computer Vision and Pattern Recognition},
  pages={10072--10081},
  year={2022}
}


@article{alam2022fedrolex,
  title={{FedRolex: Model-Heterogeneous Federated Learning with Rolling Sub-Model Extraction}},
  author={Alam, Samiul and Liu, Luyang and Yan, Ming and Zhang, Mi},
  journal={Advances in Neural Information Processing Systems},
  volume={35},
  pages={29677--29690},
  year={2022}
}

@inproceedings{avdiukhin2021federated,
  title={Federated learning under arbitrary communication patterns},
  author={Avdiukhin, Dmitrii and Kasiviswanathan, Shiva},
  booktitle={International Conference on Machine Learning},
  pages={425--435},
  year={2021},
  organization={PMLR}
}

@article{mishchenko2022asynchronous,
  title={Asynchronous SGD beats minibatch SGD under arbitrary delays},
  author={Mishchenko, Konstantin and Bach, Francis and Even, Mathieu and Woodworth, Blake E},
  journal={Advances in Neural Information Processing Systems},
  volume={35},
  pages={420--433},
  year={2022}
}

@article{cohen2021asynchronous,
  title={Asynchronous stochastic optimization robust to arbitrary delays},
  author={Cohen, Alon and Daniely, Amit and Drori, Yoel and Koren, Tomer and Schain, Mariano},
  journal={Advances in Neural Information Processing Systems},
  volume={34},
  pages={9024--9035},
  year={2021}
}

@article{aviv2021learning,
  title={Learning under delayed feedback: Implicitly adapting to gradient delays},
  author={Aviv, Rotem Zamir and Hakimi, Ido and Schuster, Assaf and Levy, Kfir Y},
  journal={arXiv preprint arXiv:2106.12261},
  year={2021}
}


@article{gu2021fast,
  title={Fast federated learning in the presence of arbitrary device unavailability},
  author={Gu, Xinran and Huang, Kaixuan and Zhang, Jingzhao and Huang, Longbo},
  journal={Advances in Neural Information Processing Systems},
  volume={34},
  pages={12052--12064},
  year={2021}
}

@inproceedings{dutta2018slow,
  title={Slow and stale gradients can win the race: Error-runtime trade-offs in distributed SGD},
  author={Dutta, Sanghamitra and Joshi, Gauri and Ghosh, Soumyadip and Dube, Parijat and Nagpurkar, Priya},
  booktitle={International conference on artificial intelligence and statistics},
  pages={803--812},
  year={2018},
  organization={PMLR}
}

@inproceedings{xie2020zeno++,
  title={Zeno++: Robust fully asynchronous SGD},
  author={Xie, Cong and Koyejo, Sanmi and Gupta, Indranil},
  booktitle={International Conference on Machine Learning},
  pages={10495--10503},
  year={2020},
  organization={PMLR}
}


@article{stich2019error,
  title={The error-feedback framework: Better rates for SGD with delayed gradients and compressed communication},
  author={Stich, Sebastian U and Karimireddy, Sai Praneeth},
  journal={arXiv preprint arXiv:1909.05350},
  year={2019}
}

@inproceedings{zhang2023no,
  title={No one idles: Efficient heterogeneous federated learning with parallel edge and server computation},
  author={Zhang, Feilong and Liu, Xianming and Lin, Shiyi and Wu, Gang and Zhou, Xiong and Jiang, Junjun and Ji, Xiangyang},
  booktitle={International Conference on Machine Learning},
  pages={41399--41413},
  year={2023},
  organization={PMLR}
}

@inproceedings{anguita2013public,
  title={A public domain dataset for human activity recognition using smartphones.},
  author={Anguita, Davide and Ghio, Alessandro and Oneto, Luca and Parra, Xavier and Reyes-Ortiz, Jorge Luis and others},
  booktitle={Esann},
  volume={3},
  pages={3},
  year={2013}
}

@incollection{lang1995newsweeder,
  title={Newsweeder: Learning to filter netnews},
  author={Lang, Ken},
  booktitle={Machine learning proceedings 1995},
  pages={331--339},
  year={1995},
  publisher={Elsevier}
}

@article{deng2012mnist,
  title={The mnist database of handwritten digit images for machine learning research},
  author={Deng, Li},
  journal={IEEE Signal Processing Magazine},
  volume={29},
  number={6},
  pages={141--142},
  year={2012},
  publisher={IEEE}
}

@article{krizhevsky2009learning,
  title={Learning multiple layers of features from tiny images},
  author={Krizhevsky, Alex and Hinton, Geoffrey and others},
  year={2009},
  publisher={Toronto, ON, Canada}
}

@article{hu2021lora,
  title={Lora: Low-rank adaptation of large language models},
  author={Hu, Edward J and Shen, Yelong and Wallis, Phillip and Allen-Zhu, Zeyuan and Li, Yuanzhi and Wang, Shean and Wang, Lu and Chen, Weizhu},
  journal={arXiv preprint arXiv:2106.09685},
  year={2021}
}

@article{hsu2019measuring,
  title={{Measuring the Effects of Non-Identical Data Distribution for Federated Visual Classification}},
  author={Hsu, Tzu-Ming Harry and Qi, Hang and Brown, Matthew},
  journal={arXiv preprint arXiv:1909.06335},
  year={2019}
}

@article{simonyan2014very,
  title={Very deep convolutional networks for large-scale image recognition},
  author={Simonyan, Karen and Zisserman, Andrew},
  journal={arXiv preprint arXiv:1409.1556},
  year={2014}
}

@article{lecun1998gradient,
  title={Gradient-based learning applied to document recognition},
  author={LeCun, Yann and Bottou, L{\'e}on and Bengio, Yoshua and Haffner, Patrick},
  journal={Proceedings of the IEEE},
  volume={86},
  number={11},
  pages={2278--2324},
  year={1998},
  publisher={Ieee}
}

@article{sanh2019distilbert,
  title={DistilBERT, A Distilled Version of BERT: Smaller, Faster, Cheaper and Lighter},
  author={Sanh, V},
  journal={arXiv preprint arXiv:1910.01108},
  year={2019}
}

@inproceedings{sandler2018mobilenetv2,
  title={Mobilenetv2: Inverted residuals and linear bottlenecks},
  author={Sandler, Mark and Howard, Andrew and Zhu, Menglong and Zhmoginov, Andrey and Chen, Liang-Chieh},
  booktitle={Proceedings of the IEEE conference on computer vision and pattern recognition},
  pages={4510--4520},
  year={2018}
}

@inproceedings{he2016deep,
  title={Deep residual learning for image recognition},
  author={He, Kaiming and Zhang, Xiangyu and Ren, Shaoqing and Sun, Jian},
  booktitle={CVPR},
  pages={770--778},
  year={2016}
}

@article{han2024parameter,
  title={Parameter-efficient fine-tuning for large models: A comprehensive survey},
  author={Han, Zeyu and Gao, Chao and Liu, Jinyang and Zhang, Jeff and Zhang, Sai Qian},
  journal={arXiv preprint arXiv:2403.14608},
  year={2024}
}

@inproceedings{li2021model,
  title={Model-contrastive federated learning},
  author={Li, Qinbin and He, Bingsheng and Song, Dawn},
  booktitle={Proceedings of the IEEE/CVF conference on computer vision and pattern recognition},
  pages={10713--10722},
  year={2021}
}

@article{yang2024federated,
  title={Federated continual learning via knowledge fusion: A survey},
  author={Yang, Xin and Yu, Hao and Gao, Xin and Wang, Hao and Zhang, Junbo and Li, Tianrui},
  journal={IEEE Transactions on Knowledge and Data Engineering},
  year={2024},
  publisher={IEEE}
}

@inproceedings{yoon2021federated,
  title={Federated continual learning with weighted inter-client transfer},
  author={Yoon, Jaehong and Jeong, Wonyong and Lee, Giwoong and Yang, Eunho and Hwang, Sung Ju},
  booktitle={International Conference on Machine Learning},
  pages={12073--12086},
  year={2021},
  organization={PMLR}
}

@inproceedings{ma2022continual,
  title={Continual Federated Learning Based on Knowledge Distillation.},
  author={Ma, Yuhang and Xie, Zhongle and Wang, Jue and Chen, Ke and Shou, Lidan},
  booktitle={IJCAI},
  pages={2182--2188},
  year={2022}
}

@inproceedings{dong2022federated,
  title={Federated class-incremental learning},
  author={Dong, Jiahua and Wang, Lixu and Fang, Zhen and Sun, Gan and Xu, Shichao and Wang, Xiao and Zhu, Qi},
  booktitle={Proceedings of the IEEE/CVF conference on computer vision and pattern recognition},
  pages={10164--10173},
  year={2022}
}

@article{park2021tackling,
  title={Tackling dynamics in federated incremental learning with variational embedding rehearsal},
  author={Park, Tae Jin and Kumatani, Kenichi and Dimitriadis, Dimitrios},
  journal={arXiv preprint arXiv:2110.09695},
  year={2021}
}

@inproceedings{jang2023oobleck,
  title={Oobleck: Resilient distributed training of large models using pipeline templates},
  author={Jang, Insu and Yang, Zhenning and Zhang, Zhen and Jin, Xin and Chowdhury, Mosharaf},
  booktitle={Proceedings of the 29th Symposium on Operating Systems Principles},
  pages={382--395},
  year={2023}
}

@inproceedings{gupta2017failures,
  title={Failures in large scale systems: long-term measurement, analysis, and implications},
  author={Gupta, Saurabh and Patel, Tirthak and Engelmann, Christian and Tiwari, Devesh},
  booktitle={Proceedings of the International Conference for High Performance Computing, Networking, Storage and Analysis},
  pages={1--12},
  year={2017}
}

@inproceedings{jeon2019analysis,
  title={{Analysis of Large-Scale Multi-Tenant GPU clusters for DNN training workloads}},
  author={Jeon, Myeongjae and Venkataraman, Shivaram and Phanishayee, Amar and Qian, Junjie and Xiao, Wencong and Yang, Fan},
  booktitle={2019 USENIX Annual Technical Conference (USENIX ATC 19)},
  pages={947--960},
  year={2019}
}

@inproceedings{weng2022mlaas,
  title={{MLaaS in the wild: Workload analysis and scheduling in Large-Scale heterogeneous GPU clusters}},
  author={Weng, Qizhen and Xiao, Wencong and Yu, Yinghao and Wang, Wei and Wang, Cheng and He, Jian and Li, Yong and Zhang, Liping and Lin, Wei and Ding, Yu},
  booktitle={19th USENIX Symposium on Networked Systems Design and Implementation (NSDI 22)},
  pages={945--960},
  year={2022}
}

@inproceedings{wortsman2021learning,
  title={Learning neural network subspaces},
  author={Wortsman, Mitchell and Horton, Maxwell C and Guestrin, Carlos and Farhadi, Ali and Rastegari, Mohammad},
  booktitle={International Conference on Machine Learning},
  pages={11217--11227},
  year={2021},
  organization={PMLR}
}

@inproceedings{yu2023async,
  title={Async-HFL: Efficient and robust asynchronous federated learning in hierarchical IoT networks},
  author={Yu, Xiaofan and Cherkasova, Lucy and Vardhan, Harsh and Zhao, Quanling and Ekaireb, Emily and Zhang, Xiyuan and Mazumdar, Arya and Rosing, Tajana},
  booktitle={Proceedings of the 8th ACM/IEEE Conference on Internet of Things Design and Implementation},
  pages={236--248},
  year={2023}
}

@inproceedings{farajtabar2020orthogonal,
  title={Orthogonal gradient descent for continual learning},
  author={Farajtabar, Mehrdad and Azizan, Navid and Mott, Alex and Li, Ang},
  booktitle={International Conference on Artificial Intelligence and Statistics},
  pages={3762--3773},
  year={2020},
  organization={PMLR}
}


@article{reddi2020adaptive,
  title={Adaptive federated optimization},
  author={Reddi, Sashank and Charles, Zachary and Zaheer, Manzil and Garrett, Zachary and Rush, Keith and Kone{\v{c}}n{\`y}, Jakub and Kumar, Sanjiv and McMahan, H Brendan},
  journal={arXiv preprint arXiv:2003.00295},
  year={2020}
}

@article{chaudhry2020continual,
  title={Continual learning in low-rank orthogonal subspaces},
  author={Chaudhry, Arslan and Khan, Naeemullah and Dokania, Puneet and Torr, Philip},
  journal={Advances in Neural Information Processing Systems},
  volume={33},
  pages={9900--9911},
  year={2020}
}

@inproceedings{chen2022class,
  title={Class gradient projection for continual learning},
  author={Chen, Cheng and Zhang, Ji and Song, Jingkuan and Gao, Lianli},
  booktitle={Proceedings of the 30th ACM International Conference on Multimedia},
  pages={5575--5583},
  year={2022}
}

@article{saha2021gradient,
  title={Gradient projection memory for continual learning},
  author={Saha, Gobinda and Garg, Isha and Roy, Kaushik},
  journal={arXiv preprint arXiv:2103.09762},
  year={2021}
}

@article{lin2022trgp,
  title={Trgp: Trust region gradient projection for continual learning},
  author={Lin, Sen and Yang, Li and Fan, Deliang and Zhang, Junshan},
  journal={arXiv preprint arXiv:2202.02931},
  year={2022}
}

@inproceedings{sui2016characterizing,
  title={Characterizing and improving wifi latency in large-scale operational networks},
  author={Sui, Kaixin and Zhou, Mengyu and Liu, Dapeng and Ma, Minghua and Pei, Dan and Zhao, Youjian and Li, Zimu and Moscibroda, Thomas},
  booktitle={MobiSys},
  pages={347--360},
  year={2016}
}

@inproceedings{liu2024casa,
  title={CASA: Clustered Federated Learning with Asynchronous Clients},
  author={Liu, Boyi and Ma, Yiming and Zhou, Zimu and Shi, Yexuan and Li, Shuyuan and Tong, Yongxin},
  booktitle={Proceedings of the 30th ACM SIGKDD Conference on Knowledge Discovery and Data Mining},
  pages={1851--1862},
  year={2024}
}

@inproceedings{zhang2024asynchronous,
  title={Asynchronous Vertical Federated Learning for Kernelized AUC Maximization},
  author={Zhang, Ke and Wang, Ganyu and Li, Han and Wang, Yulong and Chen, Hong and Gu, Bin},
  booktitle={Proceedings of the 30th ACM SIGKDD Conference on Knowledge Discovery and Data Mining},
  pages={4244--4255},
  year={2024}
}
