@article{alam2022fedrolex,
  title={{FedRolex: Model-Heterogeneous Federated Learning with Rolling Sub-Model Extraction}},
  author={Alam, Samiul and Liu, Luyang and Yan, Ming and Zhang, Mi},
  journal={Advances in Neural Information Processing Systems},
  volume={35},
  pages={29677--29690},
  year={2022}
}

@inproceedings{avdiukhin2021federated,
  title={Federated learning under arbitrary communication patterns},
  author={Avdiukhin, Dmitrii and Kasiviswanathan, Shiva},
  booktitle={International Conference on Machine Learning},
  pages={425--435},
  year={2021},
  organization={PMLR}
}

@inproceedings{fang2022robust,
  title={{Robust Federated Learning with Noisy and Heterogeneous Clients}},
  author={Fang, Xiuwen and Ye, Mang},
  booktitle={Proceedings of the IEEE/CVF Conference on Computer Vision and Pattern Recognition},
  pages={10072--10081},
  year={2022}
}

@article{gu2021fast,
  title={Fast federated learning in the presence of arbitrary device unavailability},
  author={Gu, Xinran and Huang, Kaixuan and Zhang, Jingzhao and Huang, Longbo},
  journal={Advances in Neural Information Processing Systems},
  volume={34},
  pages={12052--12064},
  year={2021}
}

@inproceedings{karimireddy2020scaffold,
  title={{SCAFFOLD: Stochastic Controlled Averaging for Federated Learning}},
  author={Karimireddy, Sai Praneeth and Kale, Satyen and Mohri, Mehryar and Reddi, Sashank and Stich, Sebastian and Suresh, Ananda Theertha},
  booktitle={{ICML}},
  pages={5132--5143},
  year={2020},
  organization={PMLR}
}

@article{li2020federated,
  title={{Federated Optimization in Heterogeneous Networks}},
  author={Li, Tian and Sahu, Anit Kumar and Zaheer, Manzil and Sanjabi, Maziar and Talwalkar, Ameet and Smith, Virginia},
  journal={{MLSys}},
  volume={2},
  pages={429--450},
  year={2020}
}

@inproceedings{li2021fedmask,
  title={{FedMask: Joint Computation and Communication-Efficient Personalized Federated Learning via Heterogeneous Masking}},
  author={Li, Ang and Sun, Jingwei and Zeng, Xiao and Zhang, Mi and Li, Hai and Chen, Yiran},
  booktitle={Proceedings of the 19th ACM Conference on Embedded Networked Sensor Systems},
  pages={42--55},
  year={2021}
}

@inproceedings{liu2024casa,
  title={CASA: Clustered Federated Learning with Asynchronous Clients},
  author={Liu, Boyi and Ma, Yiming and Zhou, Zimu and Shi, Yexuan and Li, Shuyuan and Tong, Yongxin},
  booktitle={Proceedings of the 30th ACM SIGKDD Conference on Knowledge Discovery and Data Mining},
  pages={1851--1862},
  year={2024}
}

@inproceedings{liu2024fedasmu,
  title={Fedasmu: Efficient asynchronous federated learning with dynamic staleness-aware model update},
  author={Liu, Ji and Jia, Juncheng and Che, Tianshi and Huo, Chao and Ren, Jiaxiang and Zhou, Yang and Dai, Huaiyu and Dou, Dejing},
  booktitle={Proceedings of the AAAI Conference on Artificial Intelligence},
  volume={38},
  number={12},
  pages={13900--13908},
  year={2024}
}

@inproceedings{mcmahan2017communication,
  title={Communication-efficient learning of deep networks from decentralized data},
  author={McMahan, Brendan and Moore, Eider and Ramage, Daniel and Hampson, Seth and y Arcas, Blaise Aguera},
  booktitle={Artificial intelligence and statistics},
  pages={1273--1282},
  year={2017},
  organization={PMLR}
}

@inproceedings{nguyen2022federated,
  title={Federated learning with buffered asynchronous aggregation},
  author={Nguyen, John and Malik, Kshitiz and Zhan, Hongyuan and Yousefpour, Ashkan and Rabbat, Mike and Malek, Mani and Huba, Dzmitry},
  booktitle={International Conference on Artificial Intelligence and Statistics},
  pages={3581--3607},
  year={2022},
  organization={PMLR}
}

@article{reddi2020adaptive,
  title={Adaptive federated optimization},
  author={Reddi, Sashank and Charles, Zachary and Zaheer, Manzil and Garrett, Zachary and Rush, Keith and Kone{\v{c}}n{\`y}, Jakub and Kumar, Sanjiv and McMahan, H Brendan},
  journal={arXiv preprint arXiv:2003.00295},
  year={2020}
}

@inproceedings{su2022asynchronous,
  title={How asynchronous can federated learning be?},
  author={Su, Ningxin and Li, Baochun},
  booktitle={2022 IEEE/ACM 30th International Symposium on Quality of Service (IWQoS)},
  pages={1--11},
  year={2022},
  organization={IEEE}
}

@article{wang2020tackling,
  title={{Tackling the Objective Inconsistency Problem in Heterogeneous Federated Optimization}},
  author={Wang, Jianyu and Liu, Qinghua and Liang, Hao and Joshi, Gauri and Poor, H. Vincent},
  journal={{NeurIPS}},
  volume={33},
  pages={7611--7623},
  year={2020}
}

@inproceedings{wang2024tackling,
  title={Tackling the Data Heterogeneity in Asynchronous Federated Learning with Cached Update Calibration},
  author={Wang, Yujia and Cao, Yuanpu and Wu, Jingcheng and Chen, Ruoyu and Chen, Jinghui},
  booktitle={International Conference on Learning Representations},
  year={2024}
}

@article{xie2019asynchronous,
  title={Asynchronous federated optimization},
  author={Xie, Cong and Koyejo, Sanmi and Gupta, Indranil},
  journal={arXiv preprint arXiv:1903.03934},
  year={2019}
}

@inproceedings{zang2024efficient,
  title={Efficient Asynchronous Federated Learning with Prospective Momentum Aggregation and Fine-Grained Correction},
  author={Zang, Yu and Xue, Zhe and Ou, Shilong and Chu, Lingyang and Du, Junping and Long, Yunfei},
  booktitle={Proceedings of the AAAI Conference on Artificial Intelligence},
  volume={38},
  number={15},
  pages={16642--16650},
  year={2024}
}

@article{zhang2021parameterized,
  title={{Parameterized Knowledge Transfer for Personalized Federated Learning}},
  author={Zhang, Jie and Guo, Song and Ma, Xiaosong and Wang, Haozhao and Xu, Wenchao and Wu, Feijie},
  journal={Advances in Neural Information Processing Systems},
  volume={34},
  pages={10092--10104},
  year={2021}
}

@inproceedings{zhang2023navigating,
  title={Navigating Alignment for Non-identical Client Class Sets: A Label Name-Anchored Federated Learning Framework},
  author={Zhang, Jiayun and Zhang, Xiyuan and Zhang, Xinyang and Hong, Dezhi and Gupta, Rajesh K and Shang, Jingbo},
  booktitle={Proceedings of the 29th ACM SIGKDD Conference on Knowledge Discovery and Data Mining},
  pages={3297--3308},
  year={2023}
}

@inproceedings{zhang2023no,
  title={No one idles: Efficient heterogeneous federated learning with parallel edge and server computation},
  author={Zhang, Feilong and Liu, Xianming and Lin, Shiyi and Wu, Gang and Zhou, Xiong and Jiang, Junjun and Ji, Xiangyang},
  booktitle={International Conference on Machine Learning},
  pages={41399--41413},
  year={2023},
  organization={PMLR}
}

@inproceedings{zhang2024asynchronous,
  title={Asynchronous Vertical Federated Learning for Kernelized AUC Maximization},
  author={Zhang, Ke and Wang, Ganyu and Li, Han and Wang, Yulong and Chen, Hong and Gu, Bin},
  booktitle={Proceedings of the 30th ACM SIGKDD Conference on Knowledge Discovery and Data Mining},
  pages={4244--4255},
  year={2024}
}

@inproceedings{zhang2024few,
  title={How Few Davids Improve One Goliath: Federated Learning in Resource-Skewed Edge Computing Environments},
  author={Zhang, Jiayun and Li, Shuheng and Huang, Haiyu and Wang, Zihan and Fu, Xiaohan and Hong, Dezhi and Gupta, Rajesh K and Shang, Jingbo},
  booktitle={Proceedings of the ACM on Web Conference 2024},
  pages={2976--2985},
  year={2024}
}

