@string{accv = "ACCV"}
@string{ACL-IJCNLP = "ACL-IJCNLP"}
@string{ACL = "ACL"}
@string{aistats = "AISTATS"}
@string{arxiv = "arXiv"}
@string{colm = "COLM"}
@string{cvpr = "CVPR"}
@string{eccv = "ECCV"}
@string{entropy = "Entropy"}
@string{EMNLP = "EMNLP"}
@string{icassp = "ICASSP"}
@string{iclr = "ICLR" }
@string{icml = "ICML" }
@string{jacm = "Journal of the ACM"}
@string{jmlr = "JMLR"}
@string{joss = "JOSS"}
@string{naccl = "North American Chapter of the Association for Computational Linguistics"}
@string{neurips = "NeurIPs" }
@string{tmlr = "TMLR"}
@string{wacv = "WACV"}
@string{emnlp = "EMNLP-IJCNLP"}