@article{alves2020enhanced,
  title={An enhanced set-membership evolving participatory learning with kernel recursive least squares applied to thermal modeling of power transformers},
  author={Alves, Kaike Sa Teles Rocha and Hell, Michel and Oliveira, Fernando Luiz Cyrino and de Aguiar, Eduardo Pestana},
  journal={Electric Power Systems Research},
  volume={184},
  pages={106334},
  year={2020},
  publisher={Elsevier},
  DOI={https://doi.org/10.1016/j.epsr.2020.106334}
}

@inproceedings{angelov2001evolving,
  title={Evolving rule-based models: A tool for intelligent adaptation},
  author={Angelov, Plamen and Buswell, Richard},
  booktitle={Proceedings Joint 9th IFSA World Congress and 20th NAFIPS International Conference (Cat. No. 01TH8569)},
  volume={2},
  pages={1062--1067},
  year={2001},
  organization={IEEE},
  DOI={10.1109/NAFIPS.2001.944752}
}

@article{ge2018self,
  title={A self-evolving fuzzy system which learns dynamic threshold parameter by itself},
  author={Ge, Dongjiao and Zeng, Xiao-Jun},
  journal={IEEE Transactions on fuzzy systems},
  volume={27},
  number={8},
  pages={1625--1637},
  year={2018},
  publisher={IEEE},
  DOI={10.1109/TFUZZ.2018.2886154}
}

@article{ge2020learning,
  title={Learning data streams onlineâ€”An evolving fuzzy system approach with self-learning/adaptive thresholds},
  author={Ge, Dongjiao and Zeng, Xiao-Jun},
  journal={Information Sciences},
  volume={507},
  pages={172--184},
  year={2020},
  publisher={Elsevier},
  DOI={https://doi.org/10.1016/j.ins.2019.08.036}
}

@article{leite2019optimal,
  title={Optimal rule-based granular systems from data streams},
  author={Leite, Daniel and Andonovski, Goran and {\v{S}}krjanc, Igor and Gomide, Fernando},
  journal={IEEE Transactions on Fuzzy Systems},
  volume={28},
  number={3},
  pages={583--596},
  year={2019},
  publisher={IEEE},
  DOI={10.1109/TFUZZ.2019.2911493}
}

@article{lughofer2008flexfis,
  title={FLEXFIS: A robust incremental learning approach for evolving Takagi--Sugeno fuzzy models},
  author={Lughofer, Edwin David},
  journal={IEEE Transactions on fuzzy systems},
  volume={16},
  number={6},
  pages={1393--1410},
  year={2008},
  publisher={IEEE},
  DOI={10.1109/TFUZZ.2008.925908}
}

@article{lughofer2010sparsefis,
  title={SparseFIS: Data-driven learning of fuzzy systems with sparsity constraints},
  author={Lughofer, Edwin and Kindermann, Stefan},
  journal={IEEE Transactions on Fuzzy Systems},
  volume={18},
  number={2},
  pages={396--411},
  year={2010},
  publisher={IEEE},
  DOI={10.1109/TFUZZ.2010.2042960}
}

@article{maciel2016evolving,
  title={Evolving possibilistic fuzzy modeling for realized volatility forecasting with jumps},
  author={Maciel, Leandro and Ballini, Rosangela and Gomide, Fernando},
  journal={IEEE Transactions on Fuzzy Systems},
  volume={25},
  number={2},
  pages={302--314},
  year={2016},
  publisher={IEEE},
  DOI={10.1109/TFUZZ.2016.2578338}
}

@article{rong2006sequential,
  title={Sequential adaptive fuzzy inference system (SAFIS) for nonlinear system identification and prediction},
  author={Rong, Hai-Jun and Sundararajan, N and Huang, Guang-Bin and Saratchandran, P},
  journal={Fuzzy sets and systems},
  volume={157},
  number={9},
  pages={1260--1275},
  year={2006},
  publisher={Elsevier},
  DOI={https://doi.org/10.1016/j.fss.2005.12.011}
}

@article{rong2011extended,
  title={Extended sequential adaptive fuzzy inference system for classification problems},
  author={Rong, Hai-Jun and Sundararajan, N and Huang, Guang-Bin and Zhao, Guang-She},
  journal={Evolving systems},
  volume={2},
  number={2},
  pages={71--82},
  year={2011},
  publisher={Springer},
  DOI={https://doi.org/10.1007/s12530-010-9023-9}
}

@article{vskrjanc2015evolving,
  title={Evolving gustafson-kessel possibilistic c-means clustering},
  author={{\v{S}}krjanc, Igor and Dov{\v{z}}an, Dejan},
  journal={Procedia Computer Science},
  volume={53},
  pages={191--198},
  year={2015},
  publisher={Elsevier},
  DOI={https://doi.org/10.1016/j.procs.2015.07.294}
}

