% Revisions

@book{lughofer2011evolving,
  title={Evolving fuzzy systems-methodologies, advanced concepts and applications},
  author={Lughofer, Edwin},
  volume={53},
  year={2011},
  publisher={Springer}
}

@article{varshney2023literature,
  title={Literature Review of the Recent Trends and Applications in Various Fuzzy Rule-Based Systems},
  author={Varshney, Ayush K and Torra, Vicen{\c{c}}},
  journal={International Journal of Fuzzy Systems},
  pages={1--24},
  year={2023},
  publisher={Springer}
}

%% -----------------------------------------

% Extended version

@article{bar1991perception,
  title={The perception of randomness},
  author={Bar-Hillel, Maya and Wagenaar, Willem A},
  journal={Advances in applied mathematics},
  volume={12},
  number={4},
  pages={428--454},
  year={1991},
  publisher={Elsevier},
  DOI={https://doi.org/10.1016/0196-8858(91)90029-I}
}

@inproceedings{angelov2003line,
  title={On-line design of takagi-sugeno models},
  author={Angelov, Plamen and Filev, Dimitar},
  booktitle={International Fuzzy Systems Association World Congress},
  pages={576--584},
  year={2003},
  organization={Springer},
  DOI={https://doi.org/10.1007/3-540-44967-1_69}
}

@article{mitchell1990machine,
  title={Machine learning},
  author={Mitchell, Tom and Buchanan, Bruce and DeJong, Gerald and Dietterich, Thomas and Rosenbloom, Paul and Waibel, Alex},
  journal={Annual review of computer science},
  volume={4},
  number={1},
  pages={417--433},
  year={1990},
  publisher={Annual Reviews 4139 El Camino Way, PO Box 10139, Palo Alto, CA 94303-0139, USA},
  DOI={https://doi.org/10.1146/annurev.cs.04.060190.001351}
}

@article{mendel2007type,
  title={Type-2 fuzzy sets and systems: an overview},
  author={Mendel, Jerry M},
  journal={IEEE computational intelligence magazine},
  volume={2},
  number={1},
  pages={20--29},
  year={2007},
  publisher={IEEE},
  DOI={10.1109/MCI.2007.380672}
}

@article{mendel2002type,
  title={Type-2 fuzzy sets made simple},
  author={Mendel, Jerry M and John, RI Bob},
  journal={IEEE Transactions on fuzzy systems},
  volume={10},
  number={2},
  pages={117--127},
  year={2002},
  publisher={IEEE}
}

@inproceedings{de2022kernel,
  title={Kernel Evolving Participatory Fuzzy Modeling for Time Series Forecasting: New Perspectives Based on Similarity Measures},
  author={Oliveira Marques, Eduardo Santos and Alves, Kaike Sa Teles Rocha and Pekaslan, Direnc and de Aguiar, Eduardo Pestana},
  booktitle={2022 IEEE International Conference on Evolving and Adaptive Intelligent Systems (EAIS)},
  pages={1--8},
  year={2022},
  organization={IEEE},
  DOI={10.1109/EAIS51927.2022.9787687}
}

@inproceedings{marques2022kernel,
  title={Kernel Evolving Participatory Fuzzy Modeling for Time Series Forecasting: New Perspectives Based on Distance Measures},
  author={Oliveira Marques, Eduardo Santos and Alves, Kaike Sa Teles Rocha and Pekaslan, Direnc and De Aguiar, Eduardo Pestana},
  booktitle={2022 IEEE International Conference on Fuzzy Systems (FUZZ-IEEE)},
  pages={1--8},
  year={2022},
  organization={IEEE},
  DOI={10.1109/FUZZ-IEEE55066.2022.9882602}
}

@book{gollapudi2016practical,
  title={Practical machine learning},
  author={Gollapudi, Sunila},
  year={2016},
  publisher={Packt Publishing Ltd}
}

@article{chen2018lifelong,
  title={Lifelong machine learning},
  author={Chen, Zhiyuan and Liu, Bing},
  journal={Synthesis Lectures on Artificial Intelligence and Machine Learning},
  volume={12},
  number={3},
  pages={1--207},
  year={2018},
  publisher={Morgan \& Claypool Publishers}
}

@article{karnik2001centroid,
  title={Centroid of a type-2 fuzzy set},
  author={Karnik, Nilesh N and Mendel, Jerry M},
  journal={information SCiences},
  volume={132},
  number={1-4},
  pages={195--220},
  year={2001},
  publisher={Elsevier},
  DOI={https://doi.org/10.1016/S0020-0255(01)00069-X}
}

@article{wagner2010toward,
  title={Toward general type-2 fuzzy logic systems based on zSlices},
  author={Wagner, Christian and Hagras, Hani},
  journal={IEEE transactions on fuzzy systems},
  volume={18},
  number={4},
  pages={637--660},
  year={2010},
  publisher={IEEE},
  DOI={10.1109/TFUZZ.2010.2045386}
}

@incollection{de1993definition,
  title={A definition of a nonprobabilistic entropy in the setting of fuzzy sets theory},
  author={De Luca, Aldo and Termini, Settimo},
  booktitle={Readings in Fuzzy Sets for Intelligent Systems},
  pages={197--202},
  year={1993},
  publisher={Elsevier},
  DOI={https://doi.org/10.1016/B978-1-4832-1450-4.50020-1}
}

@article{sanchez1979inverses,
  title={Inverses of fuzzy relations. Application to possibility distributions and medical diagnosis},
  author={Sanchez, Elie},
  journal={Fuzzy sets and systems},
  volume={2},
  number={1},
  pages={75--86},
  year={1979},
  publisher={Elsevier},
  DOI={https://doi.org/10.1016/0165-0114(79)90017-4}
}

@article{wu2008vector,
  title={A vector similarity measure for linguistic approximation: Interval type-2 and type-1 fuzzy sets},
  author={Wu, Dongrui and Mendel, Jerry M},
  journal={Information Sciences},
  volume={178},
  number={2},
  pages={381--402},
  year={2008},
  publisher={Elsevier},
  DOI={https://doi.org/10.1016/j.ins.2007.04.014}
}

@article{nguyen2008computing,
  title={Computing degrees of subsethood and similarity for interval-valued fuzzy sets: Fast algorithms},
  author={Nguyen, Hung T and Kreinovich, Vladik},
  journal={International Conference on Intelligent Technologies},
  year={2008},
  url = {https://scholarworks.utep.edu/cs_techrep/94}
}

@article{coupland2007geometric,
  title={Geometric type-1 and type-2 fuzzy logic systems},
  author={Coupland, Simon and John, Robert},
  journal={IEEE Transactions on Fuzzy Systems},
  volume={15},
  number={1},
  pages={3--15},
  year={2007},
  publisher={IEEE},
  DOI={10.1109/TFUZZ.2006.889764}
}

@article{karnik1999type,
  title={Type-2 fuzzy logic systems},
  author={Karnik, Nilesh Naval and Mendel, Jerry M and Liang, Qilian},
  journal={IEEE transactions on Fuzzy Systems},
  volume={7},
  number={6},
  pages={643--658},
  year={1999},
  publisher={IEEE},
  DOI={10.1109/91.811231}
}

@article{liang2000interval,
  title={Interval type-2 fuzzy logic systems: theory and design},
  author={Liang, Qilian and Mendel, Jerry M},
  journal={IEEE Transactions on Fuzzy systems},
  volume={8},
  number={5},
  pages={535--550},
  year={2000},
  publisher={IEEE},
  DOI={10.1109/91.873577}
}

@article{zadeh1965fuzzy,
  title={Fuzzy sets},
  author={Zadeh, Lotfi A},
  journal={Information and control},
  volume={8},
  number={3},
  pages={338--353},
  year={1965},
  publisher={Elsevier},
  DOI={https://doi.org/10.1016/S0019-9958(65)90241-X}
}

@article{zeng2006relationship,
  title={Relationship between similarity measure and entropy of interval valued fuzzy sets},
  author={Zeng, Wenyi and Li, Hongxing},
  journal={Fuzzy sets and Systems},
  volume={157},
  number={11},
  pages={1477--1484},
  year={2006},
  publisher={Elsevier},
  DOI={https://doi.org/10.1016/j.fss.2005.11.020}
}

@inproceedings{mcculloch2013extending,
  title={Extending similarity measures of interval type-2 fuzzy sets to general type-2 fuzzy sets},
  author={McCulloch, Josie and Wagner, Christian and Aickelin, Uwe},
  booktitle={2013 IEEE international conference on fuzzy systems (FUZZ-IEEE)},
  pages={1--8},
  year={2013},
  organization={IEEE},
  DOI={10.1109/FUZZ-IEEE.2013.6622408}
}

@article{zhao2014new,
  title={A new approach to similarity and inclusion measures between general type-2 fuzzy sets},
  author={Zhao, Tao and Xiao, Jian and Li, YiXing and Deng, XueSong},
  journal={Soft Computing},
  volume={18},
  number={4},
  pages={809--823},
  year={2014},
  publisher={Springer},
  DOI={https://doi.org/10.1007/s00500-013-1101-z}
}

@article{hao2014similarity,
  title={Similarity measures for general type-2 fuzzy sets based on the $\alpha$-plane representation},
  author={Hao, Minshen and Mendel, Jerry M},
  journal={Information Sciences},
  volume={277},
  pages={197--215},
  year={2014},
  publisher={Elsevier},
  DOI={https://doi.org/10.1016/j.ins.2014.01.050}
}

@inproceedings{lin2007similarity,
  title={A similarity measure between type-2 fuzzy sets with its application to clustering},
  author={Yang, Miin-Shen and Lin, Der-Chen},
  booktitle={Fourth International Conference on Fuzzy Systems and Knowledge Discovery (FSKD 2007)},
  volume={1},
  pages={726--731},
  year={2007},
  organization={IEEE},
  DOI={10.1109/FSKD.2007.123}
}

@article{yang2009similarity,
  title={On similarity and inclusion measures between type-2 fuzzy sets with an application to clustering},
  author={Yang, Miin-Shen and Lin, Der-Chen},
  journal={Computers \& Mathematics with Applications},
  volume={57},
  number={6},
  pages={896--907},
  year={2009},
  publisher={Elsevier},
  DOI={https://doi.org/10.1016/j.camwa.2008.10.028}
}

@inproceedings{mohamed2011applying,
  title={Applying a new similarity measure between general type-2 fuzzy sets to clustering},
  author={Mohamed, Saida S and AbdAla, Areeg S},
  booktitle={2011 IEEE 12th International Symposium on Computational Intelligence and Informatics (CINTI)},
  pages={283--286},
  year={2011},
  organization={IEEE},
  DOI={10.1109/CINTI.2011.6108514}
}

@article{hung2004similarity,
  title={Similarity measures between type-2 fuzzy sets},
  author={Hung, Wen-Liang and Yang, Miin-Shen},
  journal={International Journal of Uncertainty, Fuzziness and Knowledge-Based Systems},
  volume={12},
  number={06},
  pages={827--841},
  year={2004},
  publisher={World Scientific},
  DOI={https://doi.org/10.1142/S0218488504003235}
}

@article{burillo1996entropy,
  title={Entropy on intuitionistic fuzzy sets and on interval-valued fuzzy sets},
  author={Burillo, P and Bustince, Humberto},
  journal={Fuzzy sets and systems},
  volume={78},
  number={3},
  pages={305--316},
  year={1996},
  publisher={Elsevier},
  DOI={https://doi.org/10.1016/0165-0114(96)84611-2}
}

@article{wu2009comparative,
  title={A comparative study of ranking methods, similarity measures and uncertainty measures for interval type-2 fuzzy sets},
  author={Wu, Dongrui and Mendel, Jerry M},
  journal={Information Sciences},
  volume={179},
  number={8},
  pages={1169--1192},
  year={2009},
  publisher={Elsevier},
  DOI={https://doi.org/10.1016/j.ins.2008.12.010}
}

@article{yang2001cluster,
  title={Cluster analysis based on fuzzy relations},
  author={Yang, Miin-Shen and Shih, Hsing-Mei},
  journal={Fuzzy Sets and Systems},
  volume={120},
  number={2},
  pages={197--212},
  year={2001},
  publisher={Elsevier},
  DOI={https://doi.org/10.1016/S0165-0114(99)00146-3}
}

@inproceedings{john1996type,
  title={Type-2 inferencing and community transport scheduling},
  author={John, RI},
  booktitle={Proc. 4th Euro. Congress Intelligent Techniques Soft Computing},
  pages={1369--1372},
  year={1996}
}

@article{karnik1999applications,
  title={Applications of type-2 fuzzy logic systems to forecasting of time-series},
  author={Karnik, Nilesh N and Mendel, Jerry M},
  journal={Information sciences},
  volume={120},
  number={1-4},
  pages={89--111},
  year={1999},
  publisher={Elsevier},
  DOI={https://doi.org/10.1016/S0020-0255(99)00067-5}
}

@article{mendel1997designing,
  title={Designing fuzzy logic systems},
  author={Mendel, Jerry M and Mouzouris, George C},
  journal={IEEE Transactions on Circuits and Systems II: Analog and Digital Signal Processing},
  volume={44},
  number={11},
  pages={885--895},
  year={1997},
  publisher={IEEE},
  DOI={10.1109/82.644042}
}

@article{mitchell2005pattern,
  title={Pattern recognition using type-II fuzzy sets},
  author={Mitchell, Harvey B},
  journal={Information sciences},
  volume={170},
  number={2-4},
  pages={409--418},
  year={2005},
  publisher={Elsevier},
  DOI={https://doi.org/10.1016/j.ins.2004.02.027}
}

@article{yager1980fuzzy,
  title={Fuzzy subsets of type II in decisions},
  author={Yager, Ronald R},
  journal={Cybernetics and System},
  volume={10},
  number={1-3},
  pages={137--159},
  year={1980},
  publisher={Taylor \& Francis},
  DOI={https://doi.org/10.1080/01969728008927629}
}

@article{zeng2006type,
  title={Type-2 fuzzy hidden Markov models and their application to speech recognition},
  author={Zeng, Jia and Liu, Zhi-Qiang},
  journal={IEEE Transactions on Fuzzy Systems},
  volume={14},
  number={3},
  pages={454--467},
  year={2006},
  publisher={IEEE},
  DOI={10.1109/TFUZZ.2006.876366}
}

@article{garcia2016big,
  title={Big data preprocessing: methods and prospects},
  author={Garc{\'\i}a, Salvador and Ram{\'\i}rez-Gallego, Sergio and Luengo, Juli{\'a}n and Ben{\'\i}tez, Jos{\'e} Manuel and Herrera, Francisco},
  journal={Big Data Analytics},
  volume={1},
  number={1},
  pages={1--22},
  year={2016},
  publisher={BioMed Central},
  DOI={https://doi.org/10.1186/s41044-016-0014-0}
}

@article{mahesh2020machine,
  title={Machine learning algorithms-a review},
  author={Mahesh, Batta},
  journal={International Journal of Science and Research (IJSR).[Internet]},
  volume={9},
  pages={381--386},
  year={2020},
  DOI={10.21275/ART20203995}
}

@inproceedings{angelov2001evolving,
  title={Evolving rule-based models: A tool for intelligent adaptation},
  author={Angelov, Plamen and Buswell, Richard},
  booktitle={Proceedings Joint 9th IFSA World Congress and 20th NAFIPS International Conference (Cat. No. 01TH8569)},
  volume={2},
  pages={1062--1067},
  year={2001},
  organization={IEEE},
  DOI={10.1109/NAFIPS.2001.944752}
}

@article{pinto2022interval,
  title={Interval type-2 fuzzy set based time series forecasting using a data-driven partitioning approach},
  author={Vargas Pinto, Arthur Caio and Fernandes, Thiago Esterci and Silva, Petr{\^o}nio CL and Guimar{\~a}es, Frederico G and Wagner, Christian and Pestana de Aguiar, Eduardo},
  journal={Evolving Systems},
  volume={13},
  number={5},
  pages={703--721},
  year={2022},
  publisher={Springer}
}

@article{angelov2010evolving,
  title={Evolving takagi-sugeno fuzzy systems from streaming data (ets+)},
  author={Angelov, Plamen},
  journal={Evolving intelligent systems: methodology and applications},
  pages={21},
  year={2010},
  publisher={John Wiley \& Sons},
  DOI={https://doi.org/10.1002/9780470569962.ch2}
}

@article{leite2020overview,
  title={An overview on evolving systems and learning from stream data},
  author={Leite, Daniel and {\v{S}}krjanc, Igor and Gomide, Fernando},
  journal={Evolving systems},
  volume={11},
  number={2},
  pages={181--198},
  year={2020},
  publisher={Springer},
  DOI={https://doi.org/10.1007/s12530-020-09334-5}
}

@article{rong2006sequential,
  title={Sequential adaptive fuzzy inference system (SAFIS) for nonlinear system identification and prediction},
  author={Rong, Hai-Jun and Sundararajan, N and Huang, Guang-Bin and Saratchandran, P},
  journal={Fuzzy sets and systems},
  volume={157},
  number={9},
  pages={1260--1275},
  year={2006},
  publisher={Elsevier},
  DOI={https://doi.org/10.1016/j.fss.2005.12.011}
}

@article{rong2011extended,
  title={Extended sequential adaptive fuzzy inference system for classification problems},
  author={Rong, Hai-Jun and Sundararajan, N and Huang, Guang-Bin and Zhao, Guang-She},
  journal={Evolving systems},
  volume={2},
  number={2},
  pages={71--82},
  year={2011},
  publisher={Springer},
  DOI={https://doi.org/10.1007/s12530-010-9023-9}
}

@article{lughofer2008flexfis,
  title={FLEXFIS: A robust incremental learning approach for evolving Takagi--Sugeno fuzzy models},
  author={Lughofer, Edwin David},
  journal={IEEE Transactions on fuzzy systems},
  volume={16},
  number={6},
  pages={1393--1410},
  year={2008},
  publisher={IEEE},
  DOI={10.1109/TFUZZ.2008.925908}
}

@inproceedings{trawinski2011investigation,
  title={Investigation of evolving fuzzy systems methods FLEXFIS and eTS on predicting residential prices},
  author={Trawi{\'n}ski, Bogdan and Trawi{\'n}ski, Krzysztof and Lughofer, Edwin and Lasota, Tadeusz},
  booktitle={International Workshop on Fuzzy Logic and Applications},
  pages={123--130},
  year={2011},
  organization={Springer},
  DOI={10.1007/978-3-642-23713-3_16}
}

@article{lughofer2010sparsefis,
  title={SparseFIS: Data-driven learning of fuzzy systems with sparsity constraints},
  author={Lughofer, Edwin and Kindermann, Stefan},
  journal={IEEE Transactions on Fuzzy Systems},
  volume={18},
  number={2},
  pages={396--411},
  year={2010},
  publisher={IEEE},
  DOI={10.1109/TFUZZ.2010.2042960}
}

@article{serdio2013data,
  title={Data-driven residual-based fault detection for condition monitoring in rolling mills},
  author={Serdio, Francisco and Lughofer, Edwin and Pichler, Kurt and Buchegger, Thomas and Efendic, Hajrudin},
  journal={IFAC Proceedings Volumes},
  volume={46},
  number={9},
  pages={1530--1535},
  year={2013},
  publisher={Elsevier},
  DOI={https://doi.org/10.3182/20130619-3-RU-3018.00403}
}

@article{vskrjanc2015evolving,
  title={Evolving gustafson-kessel possibilistic c-means clustering},
  author={{\v{S}}krjanc, Igor and Dov{\v{z}}an, Dejan},
  journal={Procedia Computer Science},
  volume={53},
  pages={191--198},
  year={2015},
  publisher={Elsevier},
  DOI={https://doi.org/10.1016/j.procs.2015.07.294}
}

@article{maciel2016evolving,
  title={Evolving possibilistic fuzzy modeling for realized volatility forecasting with jumps},
  author={Maciel, Leandro and Ballini, Rosangela and Gomide, Fernando},
  journal={IEEE Transactions on Fuzzy Systems},
  volume={25},
  number={2},
  pages={302--314},
  year={2016},
  publisher={IEEE},
  DOI={10.1109/TFUZZ.2016.2578338}
}

@article{ge2018self,
  title={A self-evolving fuzzy system which learns dynamic threshold parameter by itself},
  author={Ge, Dongjiao and Zeng, Xiao-Jun},
  journal={IEEE Transactions on fuzzy systems},
  volume={27},
  number={8},
  pages={1625--1637},
  year={2018},
  publisher={IEEE},
  DOI={10.1109/TFUZZ.2018.2886154}
}

@article{leite2019optimal,
  title={Optimal rule-based granular systems from data streams},
  author={Leite, Daniel and Andonovski, Goran and {\v{S}}krjanc, Igor and Gomide, Fernando},
  journal={IEEE Transactions on Fuzzy Systems},
  volume={28},
  number={3},
  pages={583--596},
  year={2019},
  publisher={IEEE},
  DOI={10.1109/TFUZZ.2019.2911493}
}

@article{ge2020learning,
  title={Learning data streams online—An evolving fuzzy system approach with self-learning/adaptive thresholds},
  author={Ge, Dongjiao and Zeng, Xiao-Jun},
  journal={Information Sciences},
  volume={507},
  pages={172--184},
  year={2020},
  publisher={Elsevier},
  DOI={https://doi.org/10.1016/j.ins.2019.08.036}
}

% Created

@misc{scikit-learn,
      author = "Scikit-learn",
      title = "scikit-learn Machine Learning in Python",
      month = "October",
      year = "2022",
      url = "https://scikit-learn.org/stable/",
      note = "Accessed: 29-11-2022"
}

%% ---------------------------------------------------------

@article{lima2010evolving,
  title={Evolving fuzzy modeling using participatory learning},
  author={Lima, E and Hell, M and Ballini, R and Gomide, F},
  journal={Evolving intelligent systems: methodology and applications},
  pages={67--86},
  year={2010},
  publisher={Wiley-Interscience/IEEE Press}
}

@inproceedings{maciel2017evolving,
  title={Evolving participatory learning fuzzy modeling for financial interval time series forecasting},
  author={Maciel, Leandro and Vieira, Rafael and Porto, Alisson and Gomide, Fernando and Ballini, Rosangela},
  booktitle={2017 Evolving and Adaptive Intelligent Systems (EAIS)},
  pages={1--8},
  year={2017},
  organization={IEEE},
  DOI={10.1109/EAIS.2017.7954826}
}

@article{engel2004kernel,
  title={The kernel recursive least-squares algorithm},
  author={Engel, Yaakov and Mannor, Shie and Meir, Ron},
  journal={IEEE Transactions on signal processing},
  volume={52},
  number={8},
  pages={2275--2285},
  year={2004},
  publisher={IEEE},
  DOI={10.1109/TSP.2004.830985}
}

@article{angelov2004approach,
  title={An approach to online identification of Takagi-Sugeno fuzzy models},
  author={Angelov, Plamen P and Filev, Dimitar P},
  journal={IEEE Transactions on Systems, Man, and Cybernetics, Part B (Cybernetics)},
  volume={34},
  number={1},
  pages={484--498},
  year={2004},
  publisher={IEEE},
  DOI={10.1109/TSMCB.2003.817053}
}

@article{alves2020enhanced,
  title={An enhanced set-membership evolving participatory learning with kernel recursive least squares applied to thermal modeling of power transformers},
  author={Alves, Kaike Sa Teles Rocha and Hell, Michel and Oliveira, Fernando Luiz Cyrino and de Aguiar, Eduardo Pestana},
  journal={Electric Power Systems Research},
  volume={184},
  pages={106334},
  year={2020},
  publisher={Elsevier},
  DOI={https://doi.org/10.1016/j.epsr.2020.106334}
}

@inproceedings{kasabov2006evolving,
  title={Evolving intelligent systems: methods, learning, \& applications},
  author={Kasabov, Nikola and Filev, Dimitar},
  booktitle={2006 International symposium on evolving fuzzy systems},
  pages={8--18},
  year={2006},
  organization={IEEE},
  DOI={10.1109/ISEFS.2006.251185}
}

@article{alves2021novel,
  title={A novel rule-based evolving Fuzzy System applied to the thermal modeling of power transformers},
  author={Alves, Kaike Sa Teles Rocha and Aguiar, Eduardo Pestana de},
  journal={Applied Soft Computing},
  volume={112},
  pages={107764},
  year={2021},
  publisher={Elsevier},
  DOI={https://doi.org/10.1016/j.asoc.2021.107764}
}

@inproceedings{mcculloch2017fuzzycreator,
  title={Fuzzycreator: A python-based toolkit for automatically generating and analysing data-driven fuzzy sets},
  author={McCulloch, Josie},
  booktitle={2017 IEEE International Conference on Fuzzy Systems (FUZZ-IEEE)},
  pages={1--6},
  year={2017},
  organization={IEEE},
  DOI={10.1109/FUZZ-IEEE.2017.8015445}
}

@inproceedings{garibaldi2003choosing,
  title={Choosing membership functions of linguistic terms},
  author={Garibaldi, Jonathan M and John, Robert Ivor},
  booktitle={The 12th IEEE International Conference on Fuzzy Systems, 2003. FUZZ'03.},
  volume={1},
  pages={578--583},
  year={2003},
  organization={IEEE},
  DOI={10.1109/FUZZ.2003.1209428}
}

@phdthesis{mcculloch2016novel,
  title={Novel methods of measuring the similarity and distance between complex fuzzy sets.},
  author={McCulloch, Josie C},
  year={2016},
  school={University of Nottingham},
  url={http://eprints.nottingham.ac.uk/33401/1/thesis.pdf}
}

@article{goguen1973zadeh,
  title={LA Zadeh. Fuzzy sets. Information and control, vol. 8 (1965), pp. 338--353.-LA Zadeh. Similarity relations and fuzzy orderings. Information sciences, vol. 3 (1971), pp. 177--200.},
  author={Goguen, JA},
  journal={The Journal of Symbolic Logic},
  volume={38},
  number={4},
  pages={656--657},
  year={1973},
  publisher={Cambridge University Press},
  DOI={10.2307/2272014}
}

@book{cross2002similarity,
  title={Similarity and compatibility in fuzzy set theory: assessment and applications},
  author={Cross, Valerie V and Sudkamp, Thomas A},
  volume={93},
  year={2002},
  publisher={Springer Science \& Business Media}
}

@article{blanco2014distance,
  title={A distance-based statistical analysis of fuzzy number-valued data},
  author={Blanco-Fern{\'a}ndez, Angela and Casals, Maria R and Colubi, Ana and Corral, Norberto and Garcia-Barzana, Marta and Gil, MA and Gonz{\'a}lez-Rodr{\'\i}guez, G and L{\'o}pez, MT and Lubiano, MA and Montenegro, M and others},
  journal={International Journal of Approximate Reasoning},
  volume={55},
  number={7},
  pages={1487--1501},
  year={2014},
  publisher={Elsevier},
  DOI={https://doi.org/10.1016/j.ijar.2013.09.020}
}

@article{mackey1977oscillation,
  title={Oscillation and chaos in physiological control systems},
  author={Mackey, Michael C and Glass, Leon},
  journal={Science},
  volume={197},
  number={4300},
  pages={287--289},
  year={1977},
  publisher={American Association for the Advancement of Science},
  DOI={10.1126/science.267326}
}

@article{pappis1993comparative,
  title={A comparative assessment of measures of similarity of fuzzy values},
  author={Pappis, Costas P and Karacapilidis, Nikos I},
  journal={Fuzzy sets and systems},
  volume={56},
  number={2},
  pages={171--174},
  year={1993},
  publisher={Elsevier},
  DOI={https://doi.org/10.1016/0165-0114(93)90141-4}
}

@article{takagi1985fuzzy,
  title={Fuzzy identification of systems and its applications to modeling and control},
  author={Takagi, Tomohiro and Sugeno, Michio},
  journal={IEEE transactions on systems, man, and cybernetics},
  volume={15},
  number={1},
  pages={116--132},
  year={1985},
  publisher={IEEE},
  DOI={10.1109/TSMC.1985.6313399}
}

@article{lemos2010multivariable,
  title={Multivariable gaussian evolving fuzzy modeling system},
  author={Lemos, Andre and Caminhas, Walmir and Gomide, Fernando},
  journal={IEEE Transactions on Fuzzy Systems},
  volume={19},
  number={1},
  pages={91--104},
  year={2010},
  publisher={IEEE},
  DOI={10.1109/TFUZZ.2010.2087381}
}

@article{furnkranz1997pruning,
  title={Pruning algorithms for rule learning},
  author={F{\"u}rnkranz, Johannes},
  journal={Machine learning},
  volume={27},
  number={2},
  pages={139--172},
  year={1997},
  publisher={Springer},
  DOI={https://doi.org/10.1023/A:1007329424533}
}

@article{richard2008online,
  title={Online prediction of time series data with kernels},
  author={Richard, C{\'e}dric and Bermudez, Jos{\'e} Carlos M and Honeine, Paul},
  journal={IEEE Transactions on Signal Processing},
  volume={57},
  number={3},
  pages={1058--1067},
  year={2008},
  publisher={IEEE},
  DOI={10.1109/TSP.2008.2009895}
}

@book{liu2011kernel,
  title={Kernel adaptive filtering: a comprehensive introduction},
  author={Liu, Weifeng and Principe, Jose C and Haykin, Simon},
  volume={57},
  year={2011},
  publisher={John Wiley \& Sons}
}

@article{soares2004meta,
  title={A meta-learning method to select the kernel width in support vector regression},
  author={Soares, Carlos and Brazdil, Pavel B and Kuba, Petr},
  journal={Machine learning},
  volume={54},
  number={3},
  pages={195--209},
  year={2004},
  publisher={Springer},
  DOI={https://doi.org/10.1023/B:MACH.0000015879.28004.9b}
}

@article{fan2016kernel,
  title={Kernel online learning with adaptive kernel width},
  author={Fan, Haijin and Song, Qing and Shrestha, Sumit B},
  journal={Neurocomputing},
  volume={175},
  pages={233--242},
  year={2016},
  publisher={Elsevier},
  DOI={https://doi.org/10.1016/j.neucom.2015.10.055}
}

@article{mcculloch2018measuring,
  title={Measuring the directional or non-directional distance between type-1 and type-2 fuzzy sets with complex membership functions},
  author={McCulloch, Josie and Wagner, Christian},
  journal={IEEE Transactions on Fuzzy Systems},
  volume={27},
  number={7},
  pages={1506--1515},
  year={2018},
  publisher={IEEE},
  DOI={10.1109/TFUZZ.2018.2882342}
}

@article{wagner2014interval,
  title={From interval-valued data to general type-2 fuzzy sets},
  author={Wagner, Christian and Miller, Simon and Garibaldi, Jonathan M and Anderson, Derek T and Havens, Timothy C},
  journal={IEEE Transactions on Fuzzy Systems},
  volume={23},
  number={2},
  pages={248--269},
  year={2014},
  publisher={IEEE},
  DOI={10.1109/TFUZZ.2014.2310734}
}

@article{zwick1987measures,
  title={Measures of similarity among fuzzy concepts: A comparative analysis},
  author={Zwick, Rami and Carlstein, Edward and Budescu, David V},
  journal={International journal of approximate reasoning},
  volume={1},
  number={2},
  pages={221--242},
  year={1987},
  publisher={Elsevier},
  DOI={https://doi.org/10.1016/0888-613X(87)90015-6}
}

@article{hewamalage2021global,
  title={Global models for time series forecasting: A simulation study},
  author={Hewamalage, Hansika and Bergmeir, Christoph and Bandara, Kasun},
  journal={Pattern Recognition},
  pages={108441},
  year={2021},
  publisher={Elsevier},
  DOI={https://doi.org/10.1016/j.patcog.2021.108441}
}

@article{csato2001sparse,
  title={Sparse representation for Gaussian process models},
  author={Csat{\'o}, Lehel and Opper, Manfred},
  journal={Advances in neural information processing systems},
  pages={444--450},
  year={2001},
  publisher={MIT; 1998},
  DOI={}
}

@incollection{williams1998prediction,
  title={Prediction with Gaussian processes: From linear regression to linear prediction and beyond},
  author={Williams, Christopher KI},
  booktitle={Learning in graphical models},
  pages={599--621},
  year={1998},
  publisher={Springer},
  DOI={https://doi.org/10.1007/978-94-011-5014-9_23}
}

@incollection{el2015machine,
  title={What is machine learning?},
  author={El Naqa, Issam and Murphy, Martin J},
  booktitle={machine learning in radiation oncology},
  pages={3--11},
  year={2015},
  publisher={Springer},
  DOI={https://doi.org/10.1007/978-3-319-18305-3_1}
}

@inproceedings{bontempi2012machine,
  title={Machine learning strategies for time series forecasting},
  author={Bontempi, Gianluca and Taieb, Souhaib Ben and Le Borgne, Yann-A{\"e}l},
  booktitle={European business intelligence summer school},
  pages={62--77},
  year={2012},
  organization={Springer},
  DOI={https://doi.org/10.1007/978-3-642-36318-4_3}
}

@incollection{lughofer2016evolving,
  title={Evolving fuzzy systems—fundamentals, reliability, interpretability, useability, applications},
  author={Lughofer, Edwin},
  booktitle={Handbook on Computational Intelligence: Volume 1: Fuzzy Logic, Systems, Artificial Neural Networks, and Learning Systems},
  pages={67--135},
  year={2016},
  publisher={World Scientific},
  DOI={https://doi.org/10.1142/9789814675017_0003}
}

@article{mcallister2003algorithmic,
  title={Algorithmic randomness in empirical data},
  author={McAllister, James W},
  journal={Studies in History and Philosophy of Science Part A},
  volume={34},
  number={3},
  pages={633--646},
  year={2003},
  publisher={Elsevier},
  DOI={https://doi.org/10.1016/S0039-3681(03)00047-5}
}

@article{rommelfanger2004advantages,
  title={The advantages of fuzzy optimization models in practical use},
  author={Rommelfanger, Heinrich},
  journal={Fuzzy Optimization and Decision Making},
  volume={3},
  number={4},
  pages={295--309},
  year={2004},
  publisher={Springer},
  DOI={https://doi.org/10.1007/s10700-004-4200-6}
}

@article{turksen1990approximate,
  title={An approximate analogical reasoning schema based on similarity measures and interval-valued fuzzy sets},
  author={Turksen, IB and Zhong, Zhao},
  journal={Fuzzy sets and systems},
  volume={34},
  number={3},
  pages={323--346},
  year={1990},
  publisher={Elsevier},
  DOI={https://doi.org/10.1016/0165-0114(90)90218-U}
}

@article{pekaslan2019adonis,
  title={ADONiS—Adaptive Online Nonsingleton Fuzzy Logic Systems},
  author={Pekaslan, Direnc and Wagner, Christian and Garibaldi, Jonathan M},
  journal={IEEE Transactions on Fuzzy Systems},
  volume={28},
  number={10},
  pages={2302--2312},
  year={2019},
  publisher={IEEE},
  DOI={10.1109/TFUZZ.2019.2933787}
}

@article{albulescu2021nonlinearities,
  title={Nonlinearities and chaos: A new analysis of CEE stock markets},
  author={Albulescu, Claudiu Tiberiu and Tiwari, Aviral Kumar and Kyophilavong, Phouphet},
  journal={Mathematics},
  volume={9},
  number={7},
  pages={707},
  year={2021},
  publisher={Multidisciplinary Digital Publishing Institute},
  DOI={https://doi.org/10.3390/math9070707}
}

@article{hsieh1991chaos,
  title={Chaos and nonlinear dynamics: application to financial markets},
  author={Hsieh, David A},
  journal={The journal of finance},
  volume={46},
  number={5},
  pages={1839--1877},
  year={1991},
  publisher={Wiley Online Library},
  DOI={https://doi.org/10.1111/j.1540-6261.1991.tb04646.x}
}

@article{grzegorzewski1998metrics,
  title={Metrics and orders in space of fuzzy numbers},
  author={Grzegorzewski, Przemys{\l}aw},
  journal={Fuzzy sets and systems},
  volume={97},
  number={1},
  pages={83--94},
  year={1998},
  publisher={Elsevier},
  DOI={https://doi.org/10.1016/S0165-0114(96)00322-3}
}

@article{ramezanian2019integrated,
  title={An integrated framework of genetic network programming and multi-layer perceptron neural network for prediction of daily stock return: An application in Tehran stock exchange market},
  author={Ramezanian, Reza and Peymanfar, Arsalan and Ebrahimi, Seyed Babak},
  journal={Applied soft computing},
  volume={82},
  pages={105551},
  year={2019},
  publisher={Elsevier},
  DOI={https://doi.org/10.1016/j.asoc.2019.105551}
}

@article{boyacioglu2010adaptive,
  title={An adaptive network-based fuzzy inference system (ANFIS) for the prediction of stock market return: the case of the Istanbul stock exchange},
  author={Boyacioglu, Melek Acar and Avci, Derya},
  journal={Expert Systems with Applications},
  volume={37},
  number={12},
  pages={7908--7912},
  year={2010},
  publisher={Elsevier},
  DOI={https://doi.org/10.1016/j.eswa.2010.04.045}
}

@inproceedings{chaigusin2008use,
  title={The use of neural networks in the prediction of the stock exchange of Thailand (SET) Index},
  author={Chaigusin, Suchira and Chirathamjaree, Chaiyaporn and Clayden, Judy},
  booktitle={2008 International Conference on Computational Intelligence for Modelling Control \& Automation},
  pages={670--673},
  year={2008},
  organization={IEEE},
  DOI={10.1109/CIMCA.2008.83}
}

@inproceedings{rimcharoen2005prediction,
  title={Prediction of the stock exchange of Thailand using adaptive evolution strategies},
  author={Rimcharoen, Sunisa and Sutivong, Daricha and Chongstitvatana, Prabhas},
  booktitle={17th IEEE International Conference on Tools with Artificial Intelligence (ICTAI'05)},
  pages={5--pp},
  year={2005},
  organization={IEEE},
  DOI={10.1109/ICTAI.2005.99}
}

@article{ralescu1984probability,
  title={Probability and fuzziness},
  author={Ralescu, Anca L and Ralescu, Dan A},
  journal={Information Sciences},
  volume={34},
  number={2},
  pages={85--92},
  year={1984},
  publisher={Elsevier},
  DOI={https://doi.org/10.1016/0020-0255(84)90018-5}
}

@article{chaudhur1996metric,
  title={On a metric distance between fuzzy sets},
  author={Chaudhur, BB and Rosenfeld, Azriel},
  journal={Pattern Recognition Letters},
  volume={17},
  number={11},
  pages={1157--1160},
  year={1996},
  publisher={Elsevier},
  DOI={https://doi.org/10.1016/0167-8655(96)00077-3}
}

%% ---------------------------------------------------------

% Created

@misc{MackeyGlass:DataScience,
      author = "Towards Data Science Inc.",
      title = "Learn AI Today 04: Time Series Multi-Step Forecasting",
      month = "August",
      year = "2020",
      url = "https://towardsdatascience.com/learn-ai-today-04-time-series-multi-step-forecasting-6eb48bbcc724",
      note = "Accessed: 4-12-2021"
}

@manual{MackeyGlass:CVUT,
	title = "Mackey-Glass time series prediction Python for scientific computation",
	author = "Adam Peichl",
	organization = "Czech Technical University in Prague",
	url = "http://users.fs.cvut.cz/ivo.bukovsky/PVVR/prace_studentu/Mackey_Glass_time_series_prediction_Fuzzy_Lookup.pdf",
	year = "2017",
	month = "January",
	note = "Accessed: 4-12-2021"
}

@phdthesis{TeseMarcoAurelio,
  title={GPFIS-Forecast+: um Sistema Fuzzy do Tipo 2 para Previsão de Séries Temporais baseado em Programação Genética.},
  author={Ferreira, Marco Aurelio C},
  pages={43},
  year={2020},
  school={Pontifical Catholic University of Rio de Janeiro}
}

@article{smola2004tutorial,
  title={A tutorial on support vector regression},
  author={Smola, Alex J and Sch{\"o}lkopf, Bernhard},
  journal={Statistics and computing},
  volume={14},
  number={3},
  pages={199--222},
  year={2004},
  publisher={Springer},
  DOI={https://doi.org/10.1023/B:STCO.0000035301.49549.88}
}

@article{breiman1984classification,
  title={Classification and regression trees. Belmont, CA: Wadsworth},
  author={Breiman, Leo and Friedman, Jerome H and Olshen, Richard A and Stone, Charles J},
  journal={International Group},
  volume={432},
  pages={151--166},
  year={1984},
  DOI={}
}

@article{rumelhart1986learning,
  title={Learning representations by back-propagating errors},
  author={Rumelhart, David E and Hinton, Geoffrey E and Williams, Ronald J},
  journal={nature},
  volume={323},
  number={6088},
  pages={533--536},
  year={1986},
  publisher={Nature Publishing Group},
  DOI={https://doi.org/10.1038/323533a0}
}

@article{farmer1987predicting,
  title={Predicting chaotic time series},
  author={Farmer, J Doyne and Sidorowich, John J},
  journal={Physical review letters},
  volume={59},
  number={8},
  pages={845},
  year={1987},
  publisher={APS},
  DOI={https://doi.org/10.1103/PhysRevLett.59.845}
}

@article{yager1990model,
  title={A model of participatory learning},
  author={Yager, Ronald R},
  journal={IEEE transactions on systems, man, and cybernetics},
  volume={20},
  number={5},
  pages={1229--1234},
  year={1990},
  publisher={IEEE},
  DOI={10.1109/21.59986}
}

@misc{NASDAQ,
      author = "Nasdaq",
      title = "Top Reads",
      month = "April",
      year = "2022",
      url = "https://www.nasdaq.com/",
      note = "Accessed: 4-4-2022"
}

@misc{TAIEX,
      author = "TWSE",
      title = "Taiwan Stock Exchange",
      month = "April",
      year = "2018",
      url = "https://www.twse.com.tw/en/",
      note = "Accessed: 4-4-2022"
}

@misc{SP500,
      author = "Standard & Poor's",
      title = "Our U.S. Ecosystem",
      month = "April",
      year = "2018",
      url = "https://www.spglobal.com/spdji/en/landing/investment-themes/us-core/",
      note = "Accessed: 4-4-2022"
}

@inproceedings{e2021self,
  title={Self-Organised Direction Aware Data Partitioning for Type-2 Fuzzy Time Series Prediction},
  author={Vargas Pinto, Arthur Caio and Silva, Petr{\^o}nio CL and Guimar{\~a}es, Frederico G and Wagner, Christian and de Aguiar, Eduardo P},
  booktitle={2021 IEEE International Conference on Fuzzy Systems (FUZZ-IEEE)},
  pages={1--6},
  year={2021},
  organization={IEEE},
  DOI={10.1109/FUZZ45933.2021.9494452}
}

@misc{Measures,
      author = "Josie McCulloch",
      title = "Bitbucket: measures.pdf",
      month = "August",
      year = "2017",
      url = "https://bitbucket.org/JosieMcCulloch/fuzzycreator/src/master/docs/measures.pdf",
      note = "Accessed: 6-4-2022"
}

%% ---------------------------------------------------------

% Not used

@article{horbelt2002parameter,
  title={Parameter estimation in nonlinear delayed feedback systems from noisy data},
  author={Horbelt, Werner and Timmer, Jens and Voss, Henning U},
  journal={Physics Letters A},
  volume={299},
  number={5-6},
  pages={513--521},
  year={2002},
  publisher={Elsevier},
  DOI={https://doi.org/10.1016/S0375-9601(02)00748-X}
}

@inproceedings{ferreira2019automatic,
  title={Automatic Generation of a Type-2 Fuzzy System for Time Series Forecast based on Genetic Programming},
  author={Ferreira, Marco Antonio Cunha and Tanscheit, Ricardo and Vellasco, Marley},
  booktitle={11th Conference of the European Society for Fuzzy Logic and Technology (EUSFLAT 2019)},
  pages={385--391},
  year={2019},
  organization={Atlantis Press},
  DOI={https://doi.org/10.2991/eusflat-19.2019.54}
}

@incollection{oliveto2011runtime,
  title={Runtime analysis of evolutionary algorithms for discrete optimization},
  author={Oliveto, Peter S and Yao, Xin},
  booktitle={Theory of Randomized Search Heuristics: Foundations and Recent Developments},
  pages={21--52},
  year={2011},
  publisher={World Scientific},
  DOI={https://doi.org/10.1142/9789814282673_0002}
}

@article{jaccard1912distribution,
  title={The distribution of the flora in the alpine zone. 1},
  author={Jaccard, Paul},
  journal={New phytologist},
  volume={11},
  number={2},
  pages={37--50},
  year={1912},
  publisher={Wiley Online Library},
  DOI={https://doi.org/10.1111/j.1469-8137.1912.tb05611.x}
}

@article{sorensen1948method,
  title={A method of establishing groups of equal amplitude in plant sociology based on similarity of species content and its application to analyses of the vegetation on Danish commons},
  author={Sorensen, Th A},
  journal={Biol. Skar.},
  volume={5},
  pages={1--34},
  year={1948}
}

@article{chen1988new,
  title={A new approach to handling fuzzy decision-making problems},
  author={Chen, S-M},
  journal={IEEE Transactions on Systems, Man, and Cybernetics},
  volume={18},
  number={6},
  pages={1012--1016},
  year={1988},
  publisher={IEEE},
  DOI={10.1109/21.23100}
}

@inproceedings{wu2007vector,
  title={A vector similarity measure for type-1 fuzzy sets},
  author={Wu, Dongrui and Mendel, Jerry M},
  booktitle={International Fuzzy Systems Association World Congress},
  pages={575--583},
  year={2007},
  organization={Springer},
  DOI={https://doi.org/10.1007/978-3-540-72950-1_57}
}

@book{angelov2002evolving,
  title={Evolving rule-based models: a tool for design of flexible adaptive systems},
  author={Angelov, Plamen P},
  volume={92},
  year={2002},
  publisher={Springer Science \& Business Media}
}

@inproceedings{angelov2004line,
  title={On-line identification of MIMO evolving Takagi-Sugeno fuzzy models},
  author={Angelov, Plamen and Xydeas, Costas and Filev, Dimitar},
  booktitle={2004 IEEE International Conference on Fuzzy Systems (IEEE Cat. No. 04CH37542)},
  volume={1},
  pages={55--60},
  year={2004},
  organization={IEEE},
  DOI={10.1109/FUZZY.2004.1375687}
}

@article{chiu1994fuzzy,
  title={Fuzzy model identification based on cluster estimation},
  author={Chiu, Stephen L},
  journal={Journal of Intelligent \& fuzzy systems},
  volume={2},
  number={3},
  pages={267--278},
  year={1994},
  publisher={IOS Press},
  DOI={10.3233/IFS-1994-2306}
}

%% ---------------------------------------------------------

% Extended Version

@article{wang1999extracting,
  title={Extracting fuzzy rules for system modeling using a hybrid of genetic algorithms and Kalman filter},
  author={Wang, Liang and Yen, John},
  journal={Fuzzy Sets and systems},
  volume={101},
  number={3},
  pages={353--362},
  year={1999},
  publisher={Elsevier}
}

@inproceedings{wang1992back,
  title={Back-propagation fuzzy system as nonlinear dynamic system identifiers},
  author={Wang, L-X and Mendel, Jerry M},
  booktitle={[1992 Proceedings] IEEE International Conference on Fuzzy Systems},
  pages={1409--1418},
  year={1992},
  organization={IEEE}
}

%% ---------------------------------------------------------

