@misc{heusel2017gans,
    title={GANs Trained by a Two Time-Scale Update Rule Converge to a Local Nash Equilibrium},
    author={Martin Heusel and Hubert Ramsauer and Thomas Unterthiner and Bernhard Nessler and Sepp Hochreiter},
    year={2017},
    eprint={1706.08500},
    archivePrefix={arXiv},
    primaryClass={cs.LG}
}

@article{mroueh2024information,
  title={Information Theoretic Guarantees For Policy Alignment In Large Language Models},
  author={Mroueh, Youssef},
  journal={arXiv preprint arXiv:2406.05883},
  year={2024}
}


@article{snell2024scaling,
  title={Scaling llm test-time compute optimally can be more effective than scaling model parameters},
  author={Snell, Charlie and Lee, Jaehoon and Xu, Kelvin and Kumar, Aviral},
  journal={arXiv preprint arXiv:2408.03314},
  year={2024}
}
@article{brown2024large,
  title={Large language monkeys: Scaling inference compute with repeated sampling},
  author={Brown, Bradley and Juravsky, Jordan and Ehrlich, Ryan and Clark, Ronald and Le, Quoc V and R{\'e}, Christopher and Mirhoseini, Azalia},
  journal={arXiv preprint arXiv:2407.21787},
  year={2024}
}

@article{han2024value,
  title={Value Augmented Sampling for Language Model Alignment and Personalization},
  author={Han, Seungwook and Shenfeld, Idan and Srivastava, Akash and Kim, Yoon and Agrawal, Pulkit},
  journal={arXiv preprint arXiv:2405.06639},
  year={2024}
}

@article{yang2024asymptotics,
  title={Asymptotics of language model alignment},
  author={Yang, Joy Qiping and Salamatian, Salman and Sun, Ziteng and Suresh, Ananda Theertha and Beirami, Ahmad},
  journal={International Symposium on Information Theory (ISIT)},
    month={July},
  year={2024}
}
@InProceedings{jayasumana2024rethinking,
    author    = {Jayasumana, Sadeep and Ramalingam, Srikumar and Veit, Andreas and Glasner, Daniel and Chakrabarti, Ayan and Kumar, Sanjiv},
    title     = {Rethinking FID: Towards a Better Evaluation Metric for Image Generation},
    booktitle = {Proceedings of the IEEE/CVF Conference on Computer Vision and Pattern Recognition (CVPR)},
    month     = {June},
    year      = {2024},
    pages     = {9307-9315}
}

@misc{schuhmann2022aesthetics,
  author = {Schuhmann, Christoph},
  title = {LAION-Aesthetics},
  year = 2022,
  url = {https://laion.ai/blog/laion-aesthetics/},
  urldate = {2024-08-12}
}

@inproceedings{howard2019searching,
  title={Searching for mobilenetv3},
  author={Howard, Andrew and Sandler, Mark and Chu, Grace and Chen, Liang-Chieh and Chen, Bo and Tan, Mingxing and Wang, Weijun and Zhu, Yukun and Pang, Ruoming and Vasudevan, Vijay and others},
  booktitle={Proceedings of the IEEE/CVF international conference on computer vision},
  pages={1314--1324},
  year={2019}
}

@article{zhang2016joint,
  title={Joint face detection and alignment using multitask cascaded convolutional networks},
  author={Zhang, Kaipeng and Zhang, Zhanpeng and Li, Zhifeng and Qiao, Yu},
  journal={IEEE signal processing letters},
  volume={23},
  number={10},
  pages={1499--1503},
  year={2016},
  publisher={IEEE}
}

@inproceedings{schroff2015facenet,
  title={Facenet: A unified embedding for face recognition and clustering},
  author={Schroff, Florian and Kalenichenko, Dmitry and Philbin, James},
  booktitle={Proceedings of the IEEE conference on computer vision and pattern recognition},
  pages={815--823},
  year={2015}
}

@article{ren2015faster,
  title={Faster r-cnn: Towards real-time object detection with region proposal networks},
  author={Ren, Shaoqing and He, Kaiming and Girshick, Ross and Sun, Jian},
  journal={Advances in neural information processing systems},
  volume={28},
  year={2015}
}

@article{li2021benchmarking,
  title={Benchmarking detection transfer learning with vision transformers},
  author={Li, Yanghao and Xie, Saining and Chen, Xinlei and Dollar, Piotr and He, Kaiming and Girshick, Ross},
  journal={arXiv preprint arXiv:2111.11429},
  year={2021}
}

@inproceedings{Ruiz_2023,
   title={DreamBooth: Fine Tuning Text-to-Image Diffusion Models for Subject-Driven Generation},
   url={http://dx.doi.org/10.1109/CVPR52729.2023.02155},
   DOI={10.1109/cvpr52729.2023.02155},
   booktitle={2023 IEEE/CVF Conference on Computer Vision and Pattern Recognition (CVPR)},
   publisher={IEEE},
   author={Ruiz, Nataniel and Li, Yuanzhen and Jampani, Varun and Pritch, Yael and Rubinstein, Michael and Aberman, Kfir},
   year={2023},
   month=jun }

@misc{schuhmann2021laion400m,
    title={LAION-400M: Open Dataset of CLIP-Filtered 400 Million Image-Text Pairs},
    author={Christoph Schuhmann and Richard Vencu and Romain Beaumont and Robert Kaczmarczyk and Clayton Mullis and Aarush Katta and Theo Coombes and Jenia Jitsev and Aran Komatsuzaki},
    year={2021},
    eprint={2111.02114},
    archivePrefix={arXiv},
    primaryClass={cs.CV}
}

@article{bansal2024cold,
  title={Cold diffusion: Inverting arbitrary image transforms without noise},
  author={Bansal, Arpit and Borgnia, Eitan and Chu, Hong-Min and Li, Jie and Kazemi, Hamid and Huang, Furong and Goldblum, Micah and Geiping, Jonas and Goldstein, Tom},
  journal={Advances in Neural Information Processing Systems},
  volume={36},
  year={2024}
}

@inproceedings{li2023gligen,
  title={Gligen: Open-set grounded text-to-image generation},
  author={Li, Yuheng and Liu, Haotian and Wu, Qingyang and Mu, Fangzhou and Yang, Jianwei and Gao, Jianfeng and Li, Chunyuan and Lee, Yong Jae},
  booktitle={Proceedings of the IEEE/CVF Conference on Computer Vision and Pattern Recognition},
  pages={22511--22521},
  year={2023}
}

@misc{gu2024diffusionrpo,
    title={Diffusion-RPO: Aligning Diffusion Models through Relative Preference Optimization},
    author={Yi Gu and Zhendong Wang and Yueqin Yin and Yujia Xie and Mingyuan Zhou},
    year={2024},
    eprint={2406.06382},
    archivePrefix={arXiv},
    primaryClass={cs.CV}
}

@misc{lee2024direct,
    title={Direct Consistency Optimization for Compositional Text-to-Image Personalization},
    author={Kyungmin Lee and Sangkyung Kwak and Kihyuk Sohn and Jinwoo Shin},
    year={2024},
    eprint={2402.12004},
    archivePrefix={arXiv},
    primaryClass={cs.CV}
}

@inproceedings{mou2024t2i,
  title={T2i-adapter: Learning adapters to dig out more controllable ability for text-to-image diffusion models},
  author={Mou, Chong and Wang, Xintao and Xie, Liangbin and Wu, Yanze and Zhang, Jian and Qi, Zhongang and Shan, Ying},
  booktitle={Proceedings of the AAAI Conference on Artificial Intelligence},
  volume={38},
  number={5},
  pages={4296--4304},
  year={2024}
}

@misc{jena2024elucidating,
    title={Elucidating Optimal Reward-Diversity Tradeoffs in Text-to-Image Diffusion Models},
    author={Rohit Jena and Ali Taghibakhshi and Sahil Jain and Gerald Shen and Nima Tajbakhsh and Arash Vahdat},
    year={2024},
    eprint={2409.06493},
    archivePrefix={arXiv},
    primaryClass={cs.CV}
}

@inproceedings{
clark2024directly,
title={Directly Fine-Tuning Diffusion Models on Differentiable Rewards},
author={Kevin Clark and Paul Vicol and Kevin Swersky and David J. Fleet},
booktitle={The Twelfth International Conference on Learning Representations},
year={2024},
url={https://openreview.net/forum?id=1vmSEVL19f}
}

@article{chung2022improving,
  title={Improving diffusion models for inverse problems using manifold constraints},
  author={Chung, Hyungjin and Sim, Byeongsu and Ryu, Dohoon and Ye, Jong Chul},
  journal={Advances in Neural Information Processing Systems},
  volume={35},
  pages={25683--25696},
  year={2022}
}

@inproceedings{yu2023freedom,
  title={Freedom: Training-free energy-guided conditional diffusion model},
  author={Yu, Jiwen and Wang, Yinhuai and Zhao, Chen and Ghanem, Bernard and Zhang, Jian},
  booktitle={Proceedings of the IEEE/CVF International Conference on Computer Vision},
  pages={23174--23184},
  year={2023}
}

@inproceedings{zhu2023denoising,
  title={Denoising diffusion models for plug-and-play image restoration},
  author={Zhu, Yuanzhi and Zhang, Kai and Liang, Jingyun and Cao, Jiezhang and Wen, Bihan and Timofte, Radu and Van Gool, Luc},
  booktitle={Proceedings of the IEEE/CVF Conference on Computer Vision and Pattern Recognition},
  pages={1219--1229},
  year={2023}
}

@inproceedings{
he2024manifold,
title={Manifold Preserving Guided Diffusion},
author={Yutong He and Naoki Murata and Chieh-Hsin Lai and Yuhta Takida and Toshimitsu Uesaka and Dongjun Kim and Wei-Hsiang Liao and Yuki Mitsufuji and J Zico Kolter and Ruslan Salakhutdinov and Stefano Ermon},
booktitle={The Twelfth International Conference on Learning Representations},
year={2024},
url={https://openreview.net/forum?id=o3BxOLoxm1}
}

@misc{pan2023accurate,
    title={Towards Accurate Guided Diffusion Sampling through Symplectic Adjoint Method},
    author={Jiachun Pan and Hanshu Yan and Jun Hao Liew and Jiashi Feng and Vincent Y. F. Tan},
    year={2023},
    eprint={2312.12030},
    archivePrefix={arXiv},
    primaryClass={cs.CV}
}

@inproceedings{song2023loss,
  title={Loss-guided diffusion models for plug-and-play controllable generation},
  author={Song, Jiaming and Zhang, Qinsheng and Yin, Hongxu and Mardani, Morteza and Liu, Ming-Yu and Kautz, Jan and Chen, Yongxin and Vahdat, Arash},
  booktitle={International Conference on Machine Learning},
  pages={32483--32498},
  year={2023},
  organization={PMLR}
}

@article{zhao2024adding,
  title={Adding Conditional Control to Diffusion Models with Reinforcement Learning},
  author={Zhao, Yulai and Uehara, Masatoshi and Scalia, Gabriele and Biancalani, Tommaso and Levine, Sergey and Hajiramezanali, Ehsan},
  journal={arXiv preprint arXiv:2406.12120},
  year={2024}
}

@misc{koohpayegani2023genie,
    title={GeNIe: Generative Hard Negative Images Through Diffusion},
    author={Soroush Abbasi Koohpayegani and Anuj Singh and K L Navaneet and Hadi Jamali-Rad and Hamed Pirsiavash},
    year={2023},
    eprint={2312.02548},
    archivePrefix={arXiv},
    primaryClass={cs.CV}
}

@inproceedings{szegedy2015going,
  title={Going deeper with convolutions},
  author={Szegedy, Christian and Liu, Wei and Jia, Yangqing and Sermanet, Pierre and Reed, Scott and Anguelov, Dragomir and Erhan, Dumitru and Vanhoucke, Vincent and Rabinovich, Andrew},
  booktitle={Proceedings of the IEEE conference on computer vision and pattern recognition},
  pages={1--9},
  year={2015}
}

@inproceedings{Hessel_2021,
   title={CLIPScore: A Reference-free Evaluation Metric for Image Captioning},
   url={http://dx.doi.org/10.18653/v1/2021.emnlp-main.595},
   DOI={10.18653/v1/2021.emnlp-main.595},
   booktitle={Proceedings of the 2021 Conference on Empirical Methods in Natural Language Processing},
   publisher={Association for Computational Linguistics},
   author={Hessel, Jack and Holtzman, Ari and Forbes, Maxwell and Le Bras, Ronan and Choi, Yejin},
   year={2021} }

@inproceedings{Cheng_2023,
   title={Adaptively-Realistic Image Generation from Stroke and Sketch with Diffusion Model},
   url={http://dx.doi.org/10.1109/WACV56688.2023.00404},
   DOI={10.1109/wacv56688.2023.00404},
   booktitle={2023 IEEE/CVF Winter Conference on Applications of Computer Vision (WACV)},
   publisher={IEEE},
   author={Cheng, Shin-I and Chen, Yu-Jie and Chiu, Wei-Chen and Tseng, Hung-Yu and Lee, Hsin-Ying},
   year={2023},
   month=jan }

@inproceedings{gatys2016image,
  title={Image style transfer using convolutional neural networks},
  author={Gatys, Leon A and Ecker, Alexander S and Bethge, Matthias},
  booktitle={Proceedings of the IEEE conference on computer vision and pattern recognition},
  pages={2414--2423},
  year={2016}
}

@inproceedings{yeh2020improving,
  title={Improving style transfer with calibrated metrics},
  author={Yeh, Mao-Chuang and Tang, Shuai and Bhattad, Anand and Zou, Chuhang and Forsyth, David},
  booktitle={Proceedings of the IEEE/CVF Winter Conference on Applications of Computer Vision},
  pages={3160--3168},
  year={2020}
}

@misc{uehara2024understanding,
    title={Understanding Reinforcement Learning-Based Fine-Tuning of Diffusion Models: A Tutorial and Review},
    author={Masatoshi Uehara and Yulai Zhao and Tommaso Biancalani and Sergey Levine},
    year={2024},
    eprint={2407.13734},
    archivePrefix={arXiv},
    primaryClass={cs.LG}
}

@article{simonyan2014very,
  title={Very deep convolutional networks for large-scale image recognition},
  author={Simonyan, Karen and Zisserman, Andrew},
  journal={arXiv preprint arXiv:1409.1556},
  year={2014}
}

@inproceedings{parkhi2015deep,
  title={Deep face recognition},
  author={Parkhi, Omkar and Vedaldi, Andrea and Zisserman, Andrew},
  booktitle={BMVC 2015-Proceedings of the British Machine Vision Conference 2015},
  year={2015},
  organization={British Machine Vision Association}
}

@article{bar2024lumiere,
  title={Lumiere: A space-time diffusion model for video generation},
  author={Bar-Tal, Omer and Chefer, Hila and Tov, Omer and Herrmann, Charles and Paiss, Roni and Zada, Shiran and Ephrat, Ariel and Hur, Junhwa and Li, Yuanzhen and Michaeli, Tomer and others},
  journal={arXiv preprint arXiv:2401.12945},
  year={2024}
}

@article{wu2022diffusion,
  title={Diffusion-based molecule generation with informative prior bridges},
  author={Wu, Lemeng and Gong, Chengyue and Liu, Xingchao and Ye, Mao and Liu, Qiang},
  journal={Advances in Neural Information Processing Systems},
  volume={35},
  pages={36533--36545},
  year={2022}
}

@article{efron2011tweedie,
  title={Tweedie’s formula and selection bias},
  author={Efron, Bradley},
  journal={Journal of the American Statistical Association},
  volume={106},
  number={496},
  pages={1602--1614},
  year={2011},
  publisher={Taylor \& Francis}
}

@article{beirami2024theoretical,
  title={Theoretical guarantees on the best-of-n alignment policy},
  author={Beirami, Ahmad and Agarwal, Alekh and Berant, Jonathan and D'Amour, Alexander and Eisenstein, Jacob and Nagpal, Chirag and Suresh, Ananda Theertha},
  journal={arXiv preprint arXiv:2401.01879},
  year={2024}
}