@inproceedings{Ruiz_2023,
   title={DreamBooth: Fine Tuning Text-to-Image Diffusion Models for Subject-Driven Generation},
   url={http://dx.doi.org/10.1109/CVPR52729.2023.02155},
   DOI={10.1109/cvpr52729.2023.02155},
   booktitle={2023 IEEE/CVF Conference on Computer Vision and Pattern Recognition (CVPR)},
   publisher={IEEE},
   author={Ruiz, Nataniel and Li, Yuanzhen and Jampani, Varun and Pritch, Yael and Rubinstein, Michael and Aberman, Kfir},
   year={2023},
   month=jun }

@article{bansal2024cold,
  title={Cold diffusion: Inverting arbitrary image transforms without noise},
  author={Bansal, Arpit and Borgnia, Eitan and Chu, Hong-Min and Li, Jie and Kazemi, Hamid and Huang, Furong and Goldblum, Micah and Geiping, Jonas and Goldstein, Tom},
  journal={Advances in Neural Information Processing Systems},
  volume={36},
  year={2024}
}

@article{chung2022improving,
  title={Improving diffusion models for inverse problems using manifold constraints},
  author={Chung, Hyungjin and Sim, Byeongsu and Ryu, Dohoon and Ye, Jong Chul},
  journal={Advances in Neural Information Processing Systems},
  volume={35},
  pages={25683--25696},
  year={2022}
}

@misc{gu2024diffusionrpo,
    title={Diffusion-RPO: Aligning Diffusion Models through Relative Preference Optimization},
    author={Yi Gu and Zhendong Wang and Yueqin Yin and Yujia Xie and Mingyuan Zhou},
    year={2024},
    eprint={2406.06382},
    archivePrefix={arXiv},
    primaryClass={cs.CV}
}

@misc{jena2024elucidating,
    title={Elucidating Optimal Reward-Diversity Tradeoffs in Text-to-Image Diffusion Models},
    author={Rohit Jena and Ali Taghibakhshi and Sahil Jain and Gerald Shen and Nima Tajbakhsh and Arash Vahdat},
    year={2024},
    eprint={2409.06493},
    archivePrefix={arXiv},
    primaryClass={cs.CV}
}

@misc{lee2024direct,
    title={Direct Consistency Optimization for Compositional Text-to-Image Personalization},
    author={Kyungmin Lee and Sangkyung Kwak and Kihyuk Sohn and Jinwoo Shin},
    year={2024},
    eprint={2402.12004},
    archivePrefix={arXiv},
    primaryClass={cs.CV}
}

@inproceedings{li2023gligen,
  title={Gligen: Open-set grounded text-to-image generation},
  author={Li, Yuheng and Liu, Haotian and Wu, Qingyang and Mu, Fangzhou and Yang, Jianwei and Gao, Jianfeng and Li, Chunyuan and Lee, Yong Jae},
  booktitle={Proceedings of the IEEE/CVF Conference on Computer Vision and Pattern Recognition},
  pages={22511--22521},
  year={2023}
}

@inproceedings{mou2024t2i,
  title={T2i-adapter: Learning adapters to dig out more controllable ability for text-to-image diffusion models},
  author={Mou, Chong and Wang, Xintao and Xie, Liangbin and Wu, Yanze and Zhang, Jian and Qi, Zhongang and Shan, Ying},
  booktitle={Proceedings of the AAAI Conference on Artificial Intelligence},
  volume={38},
  number={5},
  pages={4296--4304},
  year={2024}
}

@misc{uehara2024understanding,
    title={Understanding Reinforcement Learning-Based Fine-Tuning of Diffusion Models: A Tutorial and Review},
    author={Masatoshi Uehara and Yulai Zhao and Tommaso Biancalani and Sergey Levine},
    year={2024},
    eprint={2407.13734},
    archivePrefix={arXiv},
    primaryClass={cs.LG}
}

@inproceedings{yu2023freedom,
  title={Freedom: Training-free energy-guided conditional diffusion model},
  author={Yu, Jiwen and Wang, Yinhuai and Zhao, Chen and Ghanem, Bernard and Zhang, Jian},
  booktitle={Proceedings of the IEEE/CVF International Conference on Computer Vision},
  pages={23174--23184},
  year={2023}
}

@inproceedings{zhu2023denoising,
  title={Denoising diffusion models for plug-and-play image restoration},
  author={Zhu, Yuanzhi and Zhang, Kai and Liang, Jingyun and Cao, Jiezhang and Wen, Bihan and Timofte, Radu and Van Gool, Luc},
  booktitle={Proceedings of the IEEE/CVF Conference on Computer Vision and Pattern Recognition},
  pages={1219--1229},
  year={2023}
}

