@article{Jiang2024AModels,
    title = {{A Survey of Multimodal Controllable Diffusion Models}},
    year = {2024},
    journal = {Journal of Computer Science and Technology 2024 39:3},
    author = {Jiang, Rui and Zheng, Guang Cong and Li, Teng and Yang, Tian Rui and Wang, Jing Dong and Li, Xi},
    number = {3},
    month = {7},
    pages = {509--541},
    volume = {39},
    publisher = {Springer},
    url = {https://link.springer.com/article/10.1007/s11390-024-3814-0},
    doi = {10.1007/S11390-024-3814-0},
    issn = {1860-4749},
    keywords = {Artificial Intelligence, Computer Science, Data Structures and Information Theory, Information Systems Applications (incl. Internet), Software Engineering, Theory of Computation, general}
}

@article{Gu2023AModels,
    title = {{A Systematic Survey of Prompt Engineering on Vision-Language Foundation Models}},
    year = {2023},
    author = {Gu, Jindong and Han, Zhen and Chen, Shuo and Beirami, Ahmad and He, Bailan and Zhang, Gengyuan and Liao, Ruotong and Qin, Yao and Tresp, Volker and Torr, Philip},
    month = {7},
    url = {https://arxiv.org/abs/2307.12980v1},
    arxivId = {2307.12980},
    keywords = {Computer Vision, Index Terms-Prompt Engineering, Multi-modal Model, Natural Language Processing, Vision Language Model}
}

@article{Lahlou2023ANetworks,
    title = {{A theory of continuous generative flow networks}},
    year = {2023},
    journal = {Proceedings of Machine Learning Research},
    author = {Lahlou, Salem and Deleu, Tristan and Lemos, Pablo and Zhang, Dinghuai and Volokhova, Alexandra and Hern{\'{a}}ndez-Garc{\'{i}}a, Alex and Ezzine, Léna Néhale and Bengio, Yoshua and Malkin, Nikolay},
    month = {1},
    pages = {18269--18300},
    volume = {202},
    publisher = {ML Research Press},
    url = {https://arxiv.org/abs/2301.12594v2},
    issn = {26403498},
    arxivId = {2301.12594}
}

@article{Mardani2023AModels,
    title = {{A Variational Perspective on Solving Inverse Problems with Diffusion Models}},
    year = {2023},
    author = {Mardani, Morteza and Song, Jiaming and Kautz, Jan and Vahdat, Arash},
    month = {5},
    url = {https://arxiv.org/abs/2305.04391v2},
    arxivId = {2305.04391}
}

@article{Zhang2023AddingModels,
    title = {{Adding Conditional Control to Text-to-Image Diffusion Models}},
    year = {2023},
    journal = {Proceedings of the IEEE International Conference on Computer Vision},
    author = {Zhang, Lvmin and Rao, Anyi and Agrawala, Maneesh},
    month = {2},
    pages = {3813--3824},
    publisher = {Institute of Electrical and Electronics Engineers Inc.},
    url = {https://arxiv.org/abs/2302.05543v3},
    isbn = {9798350307184},
    doi = {10.1109/ICCV51070.2023.00355},
    issn = {15505499},
    arxivId = {2302.05543}
}

@misc{Dvijotham2023AlgorithmsFunctions,
    title = {{Algorithms for Optimal Adaptation of Diffusion Models to Reward Functions}},
    year = {2023},
    author = {Dvijotham, Krishnamurthy Dj and Omidshafiei, Shayegan and Lee, Kimin and Collins, Katherine M. and Ramachandran, Deepak and Weller, Adrian and Ghavamzadeh, Mohammad and Nasr, Milad and Fan, Ying and Liu, Jeremiah Zhe},
    month = {7}
}

@article{Prabhudesai2023AligningBackpropagation,
    title = {{Aligning Text-to-Image Diffusion Models with Reward Backpropagation}},
    year = {2023},
    author = {Prabhudesai, Mihir and Goyal, Anirudh and Pathak, Deepak and Fragkiadaki, Katerina},
    month = {10},
    url = {https://arxiv.org/abs/2310.03739v1},
    arxivId = {2310.03739}
}

@article{Lee2023AligningFeedback,
    title = {{Aligning Text-to-Image Models using Human Feedback}},
    year = {2023},
    author = {Lee, Kimin and Liu, Hao and Ryu, Moonkyung and Watkins, Olivia and Du, Yuqing and Boutilier, Craig and Abbeel, Pieter and Ghavamzadeh, Mohammad and Gu, Shixiang Shane},
    month = {2},
    url = {https://arxiv.org/abs/2302.12192v1},
    arxivId = {2302.12192}
}

@article{Gal2022AnInversion,
    title = {{An Image is Worth One Word: Personalizing Text-to-Image Generation using Textual Inversion}},
    year = {2022},
    journal = {11th International Conference on Learning Representations, ICLR 2023},
    author = {Gal, Rinon and Alaluf, Yuval and Atzmon, Yuval and Patashnik, Or and Bermano, Amit H. and Chechik, Gal and Cohen-Or, Daniel},
    month = {8},
    publisher = {International Conference on Learning Representations, ICLR},
    url = {https://arxiv.org/abs/2208.01618v1},
    isbn = {2208.01618v1},
    arxivId = {2208.01618}
}

@article{Berner2022AnModeling,
    title = {{An optimal control perspective on diffusion-based generative modeling}},
    year = {2022},
    author = {Berner, Julius and Richter, Lorenz and Ullrich, Karen and Ai, Meta},
    month = {11},
    url = {https://arxiv.org/abs/2211.01364v2},
    arxivId = {2211.01364}
}

@article{Lee2024AnModeling,
    title = {{An optimal control perspective on diffusion-based generative modeling}},
    year = {2024},
    journal = {Transactions on Machine Learning Research},
    author = {Lee, Holden and Lu, Jianfeng and Tan, Yixin},
    pages = {946--985},
    volume = {201},
    publisher = {ML Research Press},
    issn = {2835-8856},
    arxivId = {2209.12381},
    keywords = {Score-based generative modelling, diffusion model, reverse SDE}
}

@article{Chen2024AnOptimization,
    title = {{An Overview of Diffusion Models: Applications, Guided Generation, Statistical Rates and Optimization}},
    year = {2024},
    author = {Chen, Minshuo and Mei, Song and Fan, Jianqing and Wang, Mengdi},
    month = {4},
    url = {https://arxiv.org/abs/2404.07771v1},
    arxivId = {2404.07771}
}

@article{Chefer2023Attend-And-Excite:Models,
    title = {{Attend-And-Excite: Attention-Based Semantic Guidance for Text-To-Image Diffusion Models}},
    year = {2023},
    journal = {ACM Transactions on Graphics},
    author = {Chefer, Hila and Alaluf, Yuval and Vinker, Yael and Wolf, Lior and Cohen-Or, Daniel},
    number = {4},
    month = {8},
    pages = {24},
    volume = {42},
    publisher = {Association for Computing Machinery},
    url = {https://arxiv.org/abs/2301.13826v2},
    doi = {10.1145/3592116},
    issn = {15577368},
    arxivId = {2301.13826},
    keywords = {diffusion models, image generation}
}

@article{Welling2011BayesianDynamics,
    title = {{Bayesian learning via stochastic gradient Langevin dynamics}},
    year = {2011},
    journal = {Proceedings of the 28th international conference on machine learning},
    author = {Welling, Max and Teh, Yee W},
    url = {https://citeseerx.ist.psu.edu/document?repid=rep1&type=pdf&doi=56f89ce43d7e386bface3cba63e674fe748703fc}
}

@article{Li2023BBDM:Models,
    title = {{BBDM: Image-to-Image Translation with Brownian Bridge Diffusion Models}},
    year = {2023},
    journal = {Proceedings of the IEEE Computer Society Conference on Computer Vision and Pattern Recognition},
    author = {Li, Bo and Xue, Kaitao and Liu, Bin and Lai, Yu Kun},
    month = {5},
    pages = {1952--1961},
    volume = {2023-June},
    publisher = {IEEE Computer Society},
    url = {https://arxiv.org/abs/2205.07680v2},
    isbn = {9798350301298},
    doi = {10.1109/CVPR52729.2023.00194},
    issn = {10636919},
    arxivId = {2205.07680},
    keywords = {Image and video synthesis and generation}
}

@article{Gokhale2022BenchmarkingGeneration,
    title = {{Benchmarking Spatial Relationships in Text-to-Image Generation}},
    year = {2022},
    author = {Gokhale, Tejas and Palangi, Hamid and Nushi, Besmira and Vineet, Vibhav and Horvitz, Eric and Kamar, Ece and Baral, Chitta and Yang, Yezhou},
    month = {12},
    url = {https://arxiv.org/abs/2212.10015v3},
    arxivId = {2212.10015},
    keywords = {Index Terms-text-to-image synthesis, dataset, generative models, vision-and-language}
}

@article{Lehnert2024BeyondBootstrapping,
    title = {{Beyond A*: Better Planning with Transformers via Search Dynamics Bootstrapping}},
    year = {2024},
    author = {Lehnert, Lucas and Sukhbaatar, Sainbayar and Su, DiJia and Zheng, Qinqing and Mcvay, Paul and Rabbat, Michael and Tian, Yuandong},
    month = {2},
    url = {https://arxiv.org/abs/2402.14083v2},
    arxivId = {2402.14083}
}

@article{KongBLT:Generation,
    title = {{BLT: Bidirectional Layout Transformer for Controllable Layout Generation}},
    author = {Kong, Xiang and Jiang, Lu and Chang, Huiwen and Zhang, Han and Hao, Yuan and Gong, Haifeng and Essa, Irfan},
    url = {https://shawnkx.},
    arxivId = {2112.05112v2},
    keywords = {Design, Layout Creation, Non-autoregressive, Transformer}
}

@article{Gui2024BoNBoNSampling,
    title = {{BoNBoN Alignment for Large Language Models and the Sweetness of Best-of-n Sampling}},
    year = {2024},
    author = {Gui, Lin and G{\^{a}}rbacea, Cristina and Veitch, Victor},
    month = {6},
    url = {https://arxiv.org/abs/2406.00832v2},
    arxivId = {2406.00832}
}

@inproceedings{Sadat2024CADS:Sampling,
    title = {{CADS: Unleashing the Diversity of Diffusion Models through Condition-Annealed Sampling}},
    year = {2024},
    booktitle = {The Twelfth International Conference on Learning Representations},
    author = {Sadat, Seyedmorteza and Buhmann, Jakob and Bradley, Derek and Hilliges, Otmar and Weber, Romann M.},
    month = {10},
    url = {https://arxiv.org/abs/2310.17347v2},
    arxivId = {2310.17347}
}

@inproceedings{Ho2021Classifier-FreeGuidance,
    title = {{Classifier-Free Diffusion Guidance}},
    year = {2021},
    booktitle = {NeurIPS 2021 Workshop on Deep Generative Models and Downstream Applications},
    author = {Ho, Jonathan and Research, Google and Salimans, Tim},
    month = {12}
}

@article{Okawa2023CompositionalTask,
    title = {{Compositional Abilities Emerge Multiplicatively: Exploring Diffusion Models on a Synthetic Task}},
    year = {2023},
    journal = {Advances in Neural Information Processing Systems},
    author = {Okawa, Maya and Singh Lubana, Ekdeep and Dick, Robert P and Tanaka, Hidenori},
    month = {12},
    pages = {50173--50195},
    volume = {36}
}

@article{Du2024CompositionalNeed,
    title = {{Compositional Generative Modeling: A Single Model is Not All You Need}},
    year = {2024},
    author = {Du, Yilun and Kaelbling, Leslie},
    month = {2},
    url = {https://arxiv.org/abs/2402.01103v3},
    isbn = {2402.01103v3},
    arxivId = {2402.01103}
}

@article{Du2020CompositionalModels,
    title = {{Compositional Visual Generation and Inference with Energy Based Models}},
    year = {2020},
    journal = {Advances in Neural Information Processing Systems},
    author = {Du, Yilun and Li, Shuang and Mordatch, Igor and Brain, Google},
    month = {4},
    url = {https://arxiv.org/abs/2004.06030v3},
    arxivId = {2004.06030}
}

@article{Liu2022CompositionalModels,
    title = {{Compositional Visual Generation with Composable Diffusion Models}},
    year = {2022},
    journal = {Lecture Notes in Computer Science (including subseries Lecture Notes in Artificial Intelligence and Lecture Notes in Bioinformatics)},
    author = {Liu, Nan and Li, Shuang and Du, Yilun and Torralba, Antonio and Tenenbaum, Joshua B.},
    month = {6},
    pages = {423--439},
    volume = {13677 LNCS},
    publisher = {Springer Science and Business Media Deutschland GmbH},
    url = {https://arxiv.org/abs/2206.01714v6},
    isbn = {9783031197895},
    doi = {10.1007/978-3-031-19790-1{\_}26},
    issn = {16113349},
    arxivId = {2206.01714},
    keywords = {Compositionality, Diffusion models, Energy-based models, Visual generation}
}

@misc{Shi2022ConditionalBridges,
    title = {{Conditional simulation using diffusion Schr{\"{o}}dinger bridges}},
    year = {2022},
    author = {Shi, Yuyang and Bortoli, Valentin De and Deligiannidis, George and Doucet, Arnaud},
    month = {8},
    pages = {1792--1802},
    publisher = {PMLR},
    url = {https://proceedings.mlr.press/v180/shi22a.html},
    issn = {2640-3498}
}

@article{Astolfi2024Consistency-diversity-realismModels,
    title = {{Consistency-diversity-realism Pareto fronts of conditional image generative models}},
    year = {2024},
    author = {Astolfi, Pietro and Careil, Marlene and Hall, Melissa and Ma{\~{n}}as, Oscar and Muckley, Matthew and Verbeek, Jakob and Soriano, Adriana Romero and Drozdzal, Michal},
    month = {6},
    url = {https://arxiv.org/abs/2406.10429v1},
    arxivId = {2406.10429}
}

@article{Astolfi2024Consistency-diversity-realismModelsb,
    title = {{Consistency-diversity-realism Pareto fronts of conditional image generative models}},
    year = {2024},
    author = {Astolfi, Pietro and Careil, Marlene and Hall, Melissa and Ma{\~{n}}as, Oscar and Muckley, Matthew and Verbeek, Jakob and Soriano, Adriana Romero and Drozdzal, Michal},
    month = {6},
    arxivId = {2406.10429}
}

@article{Liang2024ControllableSurvey,
    title = {{Controllable Text Generation for Large Language Models: A Survey}},
    year = {2024},
    author = {Liang, Xun and Wang, Hanyu and Wang, Yezhaohui and Song, Shichao and Yang, Jiawei and Niu, Simin and Hu, Jie and Liu, Dan and Yao, Shunyu and Xiong, Feiyu and Li, Zhiyu},
    number = {1},
    month = {8},
    volume = {1},
    url = {https://arxiv.org/abs/2408.12599v1},
    doi = {XXXXXXX.XXXXXXX},
    arxivId = {2408.12599},
    keywords = {Controllable Text Generation, Controlled Text Generation, Decoding, Inference, Large Language Models}
}

@inproceedings{Mudgal2024ControlledModels,
    title = {{Controlled Decoding from Language Models}},
    year = {2024},
    booktitle = {Forty-first International Conference on Machine Learning},
    author = {Mudgal, Sidharth and Lee, Jong and Ganapathy, Harish and Li, YaGuang and Wang, Tao and Huang, Yanping and Chen, Zhifeng and Cheng, Heng-Tze and Collins, Michael and Strohman, Trevor and Chen, Jilin and Beutel, Alex and Beirami, Ahmad},
    month = {5},
    url = {http://arxiv.org/abs/2310.17022},
    arxivId = {2310.17022}
}

@article{Li2024CriticalModels,
    title = {{Critical windows: non-asymptotic theory for feature emergence in diffusion models}},
    year = {2024},
    author = {Li, Marvin and Chen, Sitan},
    month = {3},
    url = {https://arxiv.org/abs/2403.01633v2},
    arxivId = {2403.01633}
}

@article{Li2024CriticalModelsb,
    title = {{Critical windows: non-asymptotic theory for feature emergence in diffusion models}},
    year = {2024},
    author = {Li, Marvin and College, Harvard and Chen, Sitan and Seas, Harvard},
    month = {3},
    url = {https://arxiv.org/abs/2403.01633v2},
    arxivId = {2403.01633}
}

@misc{Sohl-Dickstein2015DeepThermodynamics,
    title = {{Deep Unsupervised Learning using Nonequilibrium Thermodynamics}},
    year = {2015},
    author = {Sohl-Dickstein, Jascha and Weiss, Eric A and Maheswaranathan, Niru and Ganguli, Surya and Edu, Sganguli@stanford},
    month = {6},
    pages = {2256--2265},
    publisher = {PMLR},
    url = {https://proceedings.mlr.press/v37/sohl-dickstein15.html},
    issn = {1938-7228}
}

@article{Song2020DenoisingModels,
    title = {{Denoising Diffusion Implicit Models}},
    year = {2020},
    journal = {ICLR 2021 - 9th International Conference on Learning Representations},
    author = {Song, Jiaming and Meng, Chenlin and Ermon, Stefano},
    month = {10},
    publisher = {International Conference on Learning Representations, ICLR},
    url = {https://arxiv.org/abs/2010.02502v4},
    isbn = {2010.02502v4},
    arxivId = {2010.02502}
}

@article{Ho2020DenoisingModels,
    title = {{Denoising Diffusion Probabilistic Models}},
    year = {2020},
    journal = {Advances in Neural Information Processing Systems},
    author = {Ho, Jonathan and Jain, Ajay and Abbeel, Pieter},
    pages = {6840--6851},
    volume = {33},
    url = {https://github.com/hojonathanho/diffusion.}
}

@misc{Li2024Derivative-FreeDecoding,
    title = {{Derivative-Free Guidance in Continuous and Discrete Diffusion Models with Soft Value-Based Decoding}},
    year = {2024},
    author = {Li, Xiner and Zhao, Yulai and Wang, Chenyu and Scalia, Gabriele and Eraslan, Gokcen and Nair, Surag and Biancalani, Tommaso and Regev, Aviv and Levine, Sergey and Uehara, Masatoshi},
    month = {8},
    url = {https://arxiv.org/abs/2408.08252v3},
    arxivId = {2408.08252}
}

@article{Nie2024DiffUHaul:Images,
    title = {{DiffUHaul: A Training-Free Method for Object Dragging in Images}},
    year = {2024},
    author = {Nie, Weili},
    url = {https://doi.org/10.1145/3680528.3687590},
    isbn = {9798400711312},
    doi = {10.1145/3680528.3687590},
    keywords = {Image Editing, Object Draggining}
}

@article{Wu2023DiffuMask:Models,
    title = {{DiffuMask: Synthesizing Images with Pixel-level Annotations for Semantic Segmentation Using Diffusion Models}},
    year = {2023},
    journal = {Proceedings of the IEEE International Conference on Computer Vision},
    author = {Wu, Weijia and Zhao, Yuzhong and Shou, Mike Zheng and Zhou, Hong and Shen, Chunhua},
    month = {3},
    pages = {1206--1217},
    publisher = {Institute of Electrical and Electronics Engineers Inc.},
    url = {https://arxiv.org/abs/2303.11681v4},
    isbn = {9798350307184},
    doi = {10.1109/ICCV51070.2023.00117},
    issn = {15505499},
    arxivId = {2303.11681}
}

@inproceedings{Zhang2024DiffusionOptimization,
    title = {{Diffusion Generative Flow Samplers: Improving learning signals through partial trajectory optimization}},
    year = {2024},
    booktitle = {The Twelfth International Conference on Learning Representations},
    author = {Zhang, Dinghuai and Chen, Ricky Tian Qi and Liu, Cheng-Hao and Courville, Aaron and Bengio, Yoshua},
    month = {10},
    url = {https://arxiv.org/abs/2310.02679v2},
    arxivId = {2310.02679}
}

@article{Wallace2023DiffusionOptimization,
    title = {{Diffusion Model Alignment Using Direct Preference Optimization}},
    year = {2023},
    author = {Wallace, Bram and Dang, Meihua and Rafailov, Rafael and Zhou, Linqi and Lou, Aaron and Purushwalkam, Senthil and Ermon, Stefano and Xiong, Caiming and Joty, Shafiq and Naik, Nikhil},
    month = {11},
    url = {https://arxiv.org/abs/2311.12908v1},
    arxivId = {2311.12908}
}

@article{Graikos2022DiffusionPriors,
    title = {{Diffusion models as plug-and-play priors}},
    year = {2022},
    journal = {Advances in Neural Information Processing Systems},
    author = {Graikos, Alexandros and Malkin, Nikolay and Jojic, Nebojsa and Samaras, Dimitris},
    month = {6},
    volume = {35},
    publisher = {Neural information processing systems foundation},
    url = {https://arxiv.org/abs/2206.09012v3},
    isbn = {9781713871088},
    issn = {10495258},
    arxivId = {2206.09012}
}

@article{Dhariwal2021DiffusionSynthesis,
    title = {{Diffusion Models Beat GANs on Image Synthesis}},
    year = {2021},
    journal = {Advances in Neural Information Processing Systems},
    author = {Dhariwal, Prafulla and Nichol, Alex},
    month = {5},
    pages = {8780--8794},
    volume = {11},
    publisher = {Neural information processing systems foundation},
    url = {https://arxiv.org/abs/2105.05233v4},
    isbn = {9781713845393},
    issn = {10495258},
    arxivId = {2105.05233}
}

@article{Dhariwal2021DiffusionSynthesisb,
    title = {{Diffusion Models Beat GANs on Image Synthesis}},
    year = {2021},
    journal = {Advances in Neural Information Processing Systems},
    author = {Dhariwal, Prafulla and Nichol, Alex},
    month = {5},
    pages = {8780--8794},
    volume = {11},
    publisher = {Neural information processing systems foundation},
    url = {https://arxiv.org/abs/2105.05233v4},
    isbn = {9781713845393},
    issn = {10495258},
    arxivId = {2105.05233}
}

@article{Croitoru2023DiffusionSurvey,
    title = {{Diffusion Models in Vision: A Survey}},
    year = {2023},
    journal = {IEEE Transactions on Pattern Analysis and Machine Intelligence},
    author = {Croitoru, Florinel Alin and Hondru, Vlad and Ionescu, Radu Tudor and Shah, Mubarak},
    number = {9},
    month = {9},
    pages = {10850--10869},
    volume = {45},
    publisher = {IEEE Computer Society},
    doi = {10.1109/TPAMI.2023.3261988},
    issn = {19393539},
    pmid = {37030794},
    arxivId = {2209.04747},
    keywords = {Denoising diffusion models, deep generative modeling, diffusion models, image generation, noise conditioned score networks, score-based models}
}

@inproceedings{Chung2023DiffusionProblems,
    title = {{Diffusion Posterior Sampling for General Noisy Inverse Problems}},
    year = {2023},
    booktitle = {The Eleventh International Conference on Learning Representations},
    author = {Chung, Hyungjin and Kim, Jeongsol and Mccann, Michael T. and Klasky, Marc L. and Ye, Jong Chul},
    month = {9},
    url = {https://arxiv.org/abs/2209.14687v4},
    arxivId = {2209.14687}
}

@inproceedings{Dou2024DiffusionOpenReview,
    title = {{Diffusion Posterior Sampling for Linear Inverse Problem Solving: A Filtering Perspective | OpenReview}},
    year = {2024},
    booktitle = {The Twelfth International Conference on Learning Representations},
    author = {Dou, Zehao and Song, Yang},
    url = {https://openreview.net/forum?id=tplXNcHZs1}
}

@article{DeBortoli2021DiffusionModeling,
    title = {{Diffusion Schr{\"{o}}dinger Bridge with Applications to Score-Based Generative Modeling}},
    year = {2021},
    journal = {Advances in Neural Information Processing Systems},
    author = {De Bortoli, Valentin and Thornton, James and Heng, Jeremy and Doucet, Arnaud},
    month = {12},
    pages = {17695--17709},
    volume = {34}
}

@article{DeBortoli2021DiffusionModelingb,
    title = {{Diffusion Schr{\"{o}}dinger Bridge with Applications to Score-Based Generative Modeling}},
    year = {2021},
    journal = {Advances in Neural Information Processing Systems},
    author = {De Bortoli, Valentin and Thornton, James and Heng, Jeremy and Doucet, Arnaud},
    month = {12},
    pages = {17695--17709},
    volume = {34}
}

@article{Epstein2023DiffusionGeneration,
    title = {{Diffusion Self-Guidance for Controllable Image Generation}},
    year = {2023},
    author = {Epstein, Dave and Jabri, Allan and Poole, Ben and Efros, Alexei A. and Holynski, Aleksander},
    month = {6},
    url = {https://arxiv.org/abs/2306.00986v3},
    arxivId = {2306.00986}
}

@article{Lee2024DirectPersonalization,
    title = {{Direct Consistency Optimization for Compositional Text-to-Image Personalization}},
    year = {2024},
    author = {Lee, Kyungmin and Kwak, Sangkyung and Sohn, Kihyuk and Shin, Jinwoo},
    month = {2},
    url = {https://arxiv.org/abs/2402.12004v1},
    arxivId = {2402.12004}
}

@article{LeviDLT:Transformer,
    title = {{DLT: Conditioned layout generation with Joint Discrete-Continuous Diffusion Layout Transformer}},
    author = {Levi, Elad and Brosh, Eli and Mykhailych, Mykola and Perez, Meir},
    arxivId = {2303.03755v1}
}

@article{WangDOLFIN:AUTOENCODER,
    title = {{DOLFIN: DIFFUSION LAYOUT TRANSFORMERS WITH-OUT AUTOENCODER}},
    author = {Wang, Yilin and Chen, Zeyuan and Zhong, Liangjun and Ding, Zheng and Sha, Zhizhou and Tu, Zhuowen},
    arxivId = {2310.16305v1}
}

@article{Fan2023DPOK:Models,
    title = {{DPOK: Reinforcement Learning for Fine-tuning Text-to-Image Diffusion Models}},
    year = {2023},
    author = {Fan, Ying and Watkins, Olivia and Du, Yuqing and Liu, Hao and Ryu, Moonkyung and Boutilier, Craig and Abbeel, Pieter and Ghavamzadeh, Mohammad and Lee, Kangwook and Lee, Kimin},
    month = {5},
    url = {https://arxiv.org/abs/2305.16381v3},
    arxivId = {2305.16381}
}

@article{Grauman2023Ego-Exo4D:Perspectives,
    title = {{Ego-Exo4D: Understanding Skilled Human Activity from First- and Third-Person Perspectives}},
    year = {2023},
    journal = {Meta},
    author = {Grauman, Kristen and Westbury, Andrew and Torresani, Lorenzo and Kitani, Kris and Malik, Jitendra and Afouras, Triantafyllos and Ashutosh, Kumar and Baiyya, Vijay and Bansal, Siddhant and Boote, Bikram and Byrne, Eugene and Chavis, Zach and Chen, Joya and Cheng, Feng and Chu, Fu-Jen and Crane, Sean and Dasgupta, Avijit and Dong, Jing and Escobar, Maria and Forigua, Cristhian and Gebreselasie, Abrham and Haresh, Sanjay and Huang, Jing and Islam, Md Mohaiminul and Jain, Suyog and Khirodkar, Rawal and Kukreja, Devansh and Liang, Kevin J and Liu, Jia-Wei and Majumder, Sagnik and Mao, Yongsen and Martin, Miguel and Mavroudi, Effrosyni and Nagarajan, Tushar and Ragusa, Francesco and Ramakrishnan, Santhosh Kumar and Seminara, Luigi and Somayazulu, Arjun and Song, Yale and Su, Shan and Xue, Zihui and Zhang, Edward and Zhang, Jinxu and Castillo, Angela and Chen, Changan and Fu, Xinzhu and Furuta, Ryosuke and Gonzalez, Cristina and Gupta, Prince and Hu, Jiabo and Huang, Yifei and Huang, Yiming and Khoo, Weslie and Kumar, Anush and Kuo, Robert and Lakhavani, Sach and Liu, Miao and Luo, Mi and Luo, Zhengyi and Meredith, Brighid and Miller, Austin and Oguntola, Oluwatumininu and Pan, Xiaqing and Peng, Penny and Pramanick, Shraman and Ramazanova, Merey and Ryan, Fiona and Shan, Wei and Somasundaram, Kiran and Song, Chenan and Southerland, Audrey and Tateno, Masatoshi and Wang, Huiyu and Wang, Yuchen and Yagi, Takuma and Yan, Mingfei and Yang, Xitong and Yu, Zecheng and Zha, Shengxin Cindy and Zhao, Chen and Zhao, Ziwei and Zhu, Zhifan and Zhuo, Jeff and Arbelaez, Pablo and Bertasius, Gedas and Crandall, David and Damen, Dima and Engel, Jakob and Farinella, Giovanni Maria and Furnari, Antonino and Ghanem, Bernard and Hoffman, Judy and Jawahar, C. V. and Newcombe, Richard and Park, Hyun Soo and Rehg, James M. and Sato, Yoichi and Savva, Manolis and Shi, Jianbo and Shou, Mike Zheng and Wray, Michael},
    month = {11},
    volume = {18},
    url = {https://arxiv.org/abs/2311.18259v2},
    arxivId = {2311.18259}
}

@article{Karras2022ElucidatingModels,
    title = {{Elucidating the Design Space of Diffusion-Based Generative Models}},
    year = {2022},
    journal = {Advances in Neural Information Processing Systems},
    author = {Karras, Tero and Aittala, Miika and Aila, Timo and Laine, Samuli},
    month = {12},
    pages = {26565--26577},
    volume = {35},
    url = {https://github.com/NVlabs/edm}
}

@misc{Wallace2024End-to-EndGuidance,
    title = {{End-to-End Diffusion Latent Optimization Improves Classifier Guidance}},
    year = {2024},
    author = {Wallace, Bram and Gokul, Akash and Ermon, Stefano and Naik, Nikhil},
    month = {1},
    pages = {7246--7256},
    publisher = {Institute of Electrical and Electronics Engineers (IEEE)},
    url = {https://arxiv.org/abs/2303.13703v2},
    isbn = {9798350307184},
    doi = {10.1109/ICCV51070.2023.00669},
    issn = {15505499},
    arxivId = {2303.13703}
}

@article{Hyvarinen2005EstimationMatching,
    title = {{Estimation of Non-Normalized Statistical Models by Score Matching}},
    year = {2005},
    journal = {Journal of Machine Learning Research},
    author = {Hyv{\"{a}}rinen, Aapo},
    number = {24},
    pages = {695--709},
    volume = {6},
    url = {http://jmlr.org/papers/v6/hyvarinen05a.html},
    issn = {1533-7928},
    keywords = {Markov chain Monte Carlo, contrastive divergence, non-normalized densities, pseudo-likelihood, statistical estimation}
}

@article{Ioannou2024EvaluationReview,
    title = {{Evaluation in Neural Style Transfer: A Review}},
    year = {2024},
    author = {Ioannou, Eleftherios and Maddock, Steve},
    month = {1},
    doi = {10.1111/cgf.15165},
    arxivId = {2401.17109}
}

@article{Uehara2024FeedbackModels,
    title = {{Feedback Efficient Online Fine-Tuning of Diffusion Models}},
    year = {2024},
    author = {Uehara, Masatoshi and Zhao, Yulai and Black, Kevin and Hajiramezanali, Ehsan and Scalia, Gabriele and Diamant, Nathaniel Lee and Tseng, Alex M and Levine, Sergey and Biancalani, Tommaso},
    month = {2},
    url = {https://arxiv.org/abs/2402.16359v2},
    arxivId = {2402.16359}
}

@article{Uehara2024Fine-TuningControl,
    title = {{Fine-Tuning of Continuous-Time Diffusion Models as Entropy-Regularized Control}},
    year = {2024},
    author = {Uehara, Masatoshi and Zhao, Yulai and Black, Kevin and Hajiramezanali, Ehsan and Scalia, Gabriele and Diamant, Nathaniel Lee and Tseng, Alex M and Biancalani, Tommaso and Levine, Sergey},
    month = {2},
    url = {https://arxiv.org/abs/2402.15194v2},
    arxivId = {2402.15194}
}

@article{Alayrac2022Flamingo:Learning,
    title = {{Flamingo: a Visual Language Model for Few-Shot Learning}},
    year = {2022},
    journal = {Advances in Neural Information Processing Systems},
    author = {Alayrac, Jean Baptiste and Donahue, Jeff and Luc, Pauline and Miech, Antoine and Barr, Iain and Hasson, Yana and Lenc, Karel and Mensch, Arthur and Millican, Katie and Reynolds, Malcolm and Ring, Roman and Rutherford, Eliza and Han, Serkan Cabi Tengda and Gong, Zhitao and Samangooei, Sina and Monteiro, Marianne and Menick, Jacob and Borgeaud, Sebastian and Brock, Andrew and Nematzadeh, Aida and Sharifzadeh, Sahand and Binkowski, Mikolaj and Barreira, Ricardo and Vinyals, Oriol and Zisserman, Andrew and Simonyan, Karen},
    month = {4},
    volume = {35},
    publisher = {Neural information processing systems foundation},
    url = {https://arxiv.org/abs/2204.14198v2},
    isbn = {9781713871088},
    issn = {10495258},
    arxivId = {2204.14198},
    keywords = {Equal contributions, ordered alphabetically, † Equal contributions, ‡ Equal senior contributions DeepMind}
}

@article{Mo2023FreeControl:Condition,
    title = {{FreeControl: Training-Free Spatial Control of Any Text-to-Image Diffusion Model with Any Condition}},
    year = {2023},
    author = {Mo, Sicheng and Mu, Fangzhou and Lin, Kuan Heng and Liu, Yanli and Guan, Bochen and Li, Yin and Zhou, Bolei},
    month = {12},
    url = {https://arxiv.org/abs/2312.07536v1},
    arxivId = {2312.07536}
}

@article{Yang2021FUDGE:Discriminators,
    title = {{FUDGE: Controlled Text Generation With Future Discriminators}},
    year = {2021},
    journal = {NAACL-HLT 2021 - 2021 Conference of the North American Chapter of the Association for Computational Linguistics: Human Language Technologies, Proceedings of the Conference},
    author = {Yang, Kevin and Klein, Dan},
    month = {4},
    pages = {3511--3535},
    publisher = {Association for Computational Linguistics (ACL)},
    url = {http://arxiv.org/abs/2104.05218 http://dx.doi.org/10.18653/v1/2021.naacl-main.276},
    doi = {10.18653/v1/2021.naacl-main.276},
    arxivId = {2104.05218v2}
}

@article{Li2024GenAI-Bench:Generation,
    title = {{GenAI-Bench: Evaluating and Improving Compositional Text-to-Visual Generation}},
    year = {2024},
    author = {Li, Baiqi and Lin, Zhiqiu and Pathak, Deepak and Li, Jiayao and Fei, Yixin and Wu, Kewen and Ling, Tiffany and Xia, Xide and Zhang, Pengchuan and Neubig, Graham and Ramanan, Deva},
    month = {6},
    url = {http://arxiv.org/abs/2406.13743},
    isbn = {9798350365474},
    doi = {10.1109/CVPRW63382.2024.00538},
    issn = {21607516},
    arxivId = {2406.13743}
}

@article{Kadkhodaie2023GeneralizationRepresentations,
    title = {{Generalization in diffusion models arises from geometry-adaptive harmonic representations}},
    year = {2023},
    author = {Kadkhodaie, Zahra and Guth, Florentin and Simoncelli, Eero P. and Mallat, Stéphane},
    month = {10},
    url = {https://arxiv.org/abs/2310.02557v3},
    arxivId = {2310.02557}
}

@article{Song2019GenerativeDistribution,
    title = {{Generative Modeling by Estimating Gradients of the Data Distribution}},
    year = {2019},
    journal = {Advances in Neural Information Processing Systems},
    author = {Song, Yang and Ermon, Stefano},
    volume = {32}
}

@article{Chatterjee2024GettingModels,
    title = {{Getting it Right: Improving Spatial Consistency in Text-to-Image Models}},
    year = {2024},
    author = {Chatterjee, Agneet and Melech, Gabriela Ben Stan and Aflalo, Estelle and Paul, Sayak and Ghosh, Dhruba and Gokhale, Tejas and Schmidt, Ludwig and Hajishirzi, Hannaneh and Lal, Vasudev and Baral, Chitta and Yang, Yezhou},
    month = {4},
    url = {https://arxiv.org/abs/2404.01197v2},
    arxivId = {2404.01197},
    keywords = {Generation {\textperiodcentered}, Image, Relationships, Spatial, Text to}
}

@article{LiGLIGEN:,
    title = {{GLIGEN: Open-Set Grounded Text-to-Image Generation Caption: "A woman sitting in a restaurant with a pizza in front of her "}},
    author = {Li, Yuheng and Liu, Haotian and Wu, Qingyang and Mu, Fangzhou and Yang, Jianwei and Gao, Jianfeng and Li, Chunyuan and Jae Lee, Yong},
    url = {https://gligen.github.io/},
    keywords = {Grounded text: table, bottle, car, chair, cup, paper, person, pizza, wall, window}
}

@article{Guo2024GradientPerspective,
    title = {{Gradient Guidance for Diffusion Models: An Optimization Perspective}},
    year = {2024},
    author = {Guo, Yingqing and Yuan, Hui and Yang, Yukang and Chen, Minshuo and Wang, Mengdi},
    month = {4},
    url = {https://arxiv.org/abs/2404.14743v1},
    arxivId = {2404.14743}
}

@article{PhungGroundedRefocusing,
    title = {{Grounded Text-to-Image Synthesis with Attention Refocusing}},
    author = {Phung, Quynh and Ge, Songwei and Huang, Jia-Bin},
    url = {https://attention-refocusing.github.io/}
}

@article{Mao2023GuidedModel,
    title = {{Guided Image Synthesis via Initial Image Editing in Diffusion Model}},
    year = {2023},
    journal = {MM 2023 - Proceedings of the 31st ACM International Conference on Multimedia},
    author = {Mao, Jiafeng and Wang, Xueting and Aizawa, Kiyoharu},
    month = {10},
    pages = {5321--5329},
    volume = {9},
    publisher = {Association for Computing Machinery, Inc},
    url = {https://dl.acm.org/doi/10.1145/3581783.3612191},
    isbn = {9798400701085},
    doi = {10.1145/3581783.3612191/SUPPL{\_}FILE/2187-VIDEO.MP4},
    arxivId = {2305.03382},
    keywords = {diffusion model, fine-grained control, layout-to-image, text-to-image}
}

@article{WuHarnessingSynthesis,
    title = {{Harnessing the Spatial-Temporal Attention of Diffusion Models for High-Fidelity Text-to-Image Synthesis}},
    author = {Wu, Qiucheng and Liu, Yujian and Zhao, Handong and Bui, Trung and Lin, Zhe and Zhang, Yang and Chang, Shiyu and Barbara, Santa and Research, Adobe},
    url = {https://github.com/UCSB-NLP-Chang/},
    arxivId = {2304.03869v1}
}

@article{Rombach2021High-ResolutionModels,
    title = {{High-Resolution Image Synthesis with Latent Diffusion Models}},
    year = {2021},
    journal = {Proceedings of the IEEE Computer Society Conference on Computer Vision and Pattern Recognition},
    author = {Rombach, Robin and Blattmann, Andreas and Lorenz, Dominik and Esser, Patrick and Ommer, Bjorn},
    month = {12},
    pages = {10674--10685},
    volume = {2022-June},
    publisher = {IEEE Computer Society},
    url = {https://arxiv.org/abs/2112.10752v2},
    isbn = {9781665469463},
    doi = {10.1109/CVPR52688.2022.01042},
    issn = {10636919},
    arxivId = {2112.10752},
    keywords = {Image and video synthesis and generation}
}

@article{Lee2023HolisticModels,
    title = {{Holistic Evaluation of Text-To-Image Models}},
    year = {2023},
    author = {Lee, Tony and Yasunaga, Michihiro and Meng, Chenlin and Mai, Yifan and Park, Joon Sung and Gupta, Agrim and Zhang, Yunzhi and Narayanan, Deepak and Teufel, Hannah Benita and Bellagente, Marco and Kang, Minguk and Park, Taesung and Leskovec, Jure and Zhu, Jun-Yan and Fei-Fei, Li and Wu, Jiajun and Ermon, Stefano and Liang, Percy},
    month = {11},
    arxivId = {2311.04287}
}

@article{ShabaniHouseDiffusion:Denoising,
    title = {{HouseDiffusion: Vector Floorplan Generation via a Diffusion Model with Discrete and Continuous Denoising}},
    author = {Shabani, Mohammad Amin and Hosseini, Sepidehsadat and Furukawa, Yasutaka},
    url = {https://aminshabani.github.io/housediffusion.}
}

@misc{Wu2023HumanSynthesis,
    title = {{Human Preference Score v2: A Solid Benchmark for Evaluating Human Preferences of Text-to-Image Synthesis}},
    year = {2023},
    author = {Wu, Xiaoshi and Hao, Yiming and Sun, Keqiang and Chen, Yixiong and Zhu, Feng and Zhao, Rui and Li, Hongsheng},
    month = {6},
    url = {https://arxiv.org/abs/2306.09341v2},
    arxivId = {2306.09341}
}

@article{Chegini2024IdentifyingGeneration,
    title = {{Identifying and Mitigating Model Failures through Few-shot CLIP-aided Diffusion Generation}},
    year = {2024},
    journal = {Transactions on Machine Learning Research},
    author = {Chegini, Atoosa and Feizi, Soheil},
    month = {1}
}

@article{Ku2023ImagenHub:Models,
    title = {{ImagenHub: Standardizing the evaluation of conditional image generation models}},
    year = {2023},
    author = {Ku, Max and Li, Tianle and Zhang, Kai and Lu, Yujie and Fu, Xingyu and Zhuang, Wenwen and Chen, Wenhu},
    month = {10},
    arxivId = {2310.01596}
}

@article{Marion2024ImplicitSampling,
    title = {{Implicit Diffusion: Efficient Optimization through Stochastic Sampling}},
    year = {2024},
    author = {Marion, Pierre and Korba, Anna and Bartlett, Peter and Blondel, Mathieu and De Bortoli, Valentin and Doucet, Arnaud and Llinares-L{\'{o}}pez, Felipe and Paquette, Courtney and Berthet, Quentin},
    month = {2},
    url = {https://arxiv.org/abs/2402.05468v1},
    arxivId = {2402.05468}
}

@misc{Nichol2021ImprovedModels,
    title = {{Improved Denoising Diffusion Probabilistic Models}},
    year = {2021},
    author = {Nichol, Alexander Quinn and Dhariwal, Prafulla},
    month = {7},
    pages = {8162--8171},
    publisher = {PMLR},
    url = {https://proceedings.mlr.press/v139/nichol21a.html},
    issn = {2640-3498}
}

@article{Chung2022ImprovingConstraints,
    title = {{Improving Diffusion Models for Inverse Problems using Manifold Constraints}},
    year = {2022},
    journal = {Advances in Neural Information Processing Systems},
    author = {Chung, Hyungjin and Sim, Byeongsu and Ryu, Dohoon and Ye, Jong Chul},
    month = {12},
    pages = {25683--25696},
    volume = {35}
}

@article{Peng2024ImprovingCovariance,
    title = {{Improving Diffusion Models for Inverse Problems Using Optimal Posterior Covariance}},
    year = {2024},
    author = {Peng, Xinyu and Zheng, Ziyang and Dai, Wenrui and Xiao, Nuoqian and Li, Chenglin and Zou, Junni and Xiong, Hongkai},
    month = {2},
    url = {https://arxiv.org/abs/2402.02149v1},
    arxivId = {2402.02149}
}

@article{Wang2024InformationAlignment,
    title = {{Information Theoretic Text-to-Image Alignment}},
    year = {2024},
    author = {Wang, Chao and Franzese, Giulio and Finamore, Alessandro and Gallo, Massimo and Michiardi, Pietro},
    month = {5},
    url = {https://arxiv.org/abs/2405.20759v1},
    isbn = {2405.20759v1},
    arxivId = {2405.20759}
}

@article{Guo2024InitNO:Optimization,
    title = {{InitNO: Boosting Text-to-Image Diffusion Models via Initial Noise Optimization}},
    year = {2024},
    author = {Guo, Xiefan and Liu, Jinlin and Cui, Miaomiao and Li, Jiankai and Yang, Hongyu and Huang, Di},
    month = {4},
    url = {https://arxiv.org/abs/2404.04650v1},
    arxivId = {2404.04650}
}

@article{Kong2023InterpretableDecomposition,
    title = {{Interpretable Diffusion via Information Decomposition}},
    year = {2023},
    author = {Kong, Xianghao and Liu, Ollie and Li, Han and Yogatama, Dani and Steeg, Greg Ver},
    month = {10},
    url = {https://arxiv.org/abs/2310.07972v3},
    isbn = {2310.07972v3},
    arxivId = {2310.07972}
}

@article{Zhu2024IsolatedGuidance,
    title = {{Isolated Diffusion: Optimizing Multi-Concept Text-to-Image Generation Training-Freely with Isolated Diffusion Guidance}},
    year = {2024},
    author = {Zhu, Jingyuan and Ma, Huimin and Chen, Jiansheng and Yuan, Jian},
    month = {3},
    url = {https://arxiv.org/abs/2403.16954v1},
    arxivId = {2403.16954},
    keywords = {Index Terms-Isolated Diffusion Guidance, Multi-concept Gen-eration, Text-to-image Generation, Training-free}
}

@article{Zhang2024Large-scaleModels,
    title = {{Large-scale Reinforcement Learning for Diffusion Models}},
    year = {2024},
    author = {Zhang, Yinan and Tzeng, Eric and Du, Yilun and Kislyuk, Dmitry},
    month = {1},
    url = {https://arxiv.org/abs/2401.12244v1},
    arxivId = {2401.12244}
}

@article{InoueLayoutDM:Generation,
    title = {{LayoutDM: Discrete Diffusion Model for Controllable Layout Generation}},
    author = {Inoue, Naoto and Kikuchi, Kotaro and Simo-Serra, Edgar and Otani, Mayu and Yamaguchi, Kota},
    url = {https://cyberagentailab.github.io/layout-dm.},
    arxivId = {2303.08137v1}
}

@article{ChaiLayoutDM:Generation,
    title = {{LayoutDM: Transformer-based Diffusion Model for Layout Generation}},
    author = {Chai, Shang and Zhuang, Liansheng and Yan, Fengying}
}

@article{Qu2024LEAD:Adaptation,
    title = {{LEAD: Learning Decomposition for Source-free Universal Domain Adaptation}},
    year = {2024},
    author = {Qu, Sanqing and Zou, Tianpei and He, Lianghua and R{\"{o}}hrbein, Florian and Knoll, Alois and Chen, Guang and Jiang, Changjun},
    month = {3},
    url = {https://arxiv.org/abs/2403.03421v1},
    arxivId = {2403.03421}
}

@article{Radford2021LearningSupervision,
    title = {{Learning Transferable Visual Models From Natural Language Supervision}},
    year = {2021},
    journal = {Proceedings of Machine Learning Research},
    author = {Radford, Alec and Kim, Jong Wook and Hallacy, Chris and Ramesh, Aditya and Goh, Gabriel and Agarwal, Sandhini and Sastry, Girish and Askell, Amanda and Mishkin, Pamela and Clark, Jack and Krueger, Gretchen and Sutskever, Ilya},
    month = {2},
    pages = {8748--8763},
    volume = {139},
    publisher = {ML Research Press},
    url = {https://arxiv.org/abs/2103.00020v1},
    isbn = {9781713845065},
    issn = {26403498},
    arxivId = {2103.00020}
}

@article{Lee2019LearningGenerators,
    title = {{Learning Visual Relation Priors for Image-Text Matching and Image Captioning with Neural Scene Graph Generators}},
    year = {2019},
    author = {Lee, Kuang-Huei and Palangi, Hamid and Chen, Xi and Hu, Houdong and Gao, Jianfeng},
    month = {9},
    url = {https://arxiv.org/abs/1909.09953v1},
    arxivId = {1909.09953}
}

@article{Gao2024LinearFeedback,
    title = {{Linear Alignment: A Closed-form Solution for Aligning Human Preferences without Tuning and Feedback}},
    year = {2024},
    author = {Gao, Songyang and Ge, Qiming and Shen, Wei and Dou, Shihan and Ye, Junjie and Wang, Xiao and Zheng, Rui and Zou, Yicheng and Chen, Zhi and Yan, Hang and Zhang, Qi and Lin, Dahua},
    month = {1},
    url = {https://arxiv.org/abs/2401.11458v1},
    arxivId = {2401.11458}
}

@article{Rassin2023LinguisticAlignment,
    title = {{Linguistic Binding in Diffusion Models: Enhancing Attribute Correspondence through Attention Map Alignment}},
    year = {2023},
    journal = {Advances in Neural Information Processing Systems},
    author = {Rassin, Royi and Hirsch, Eran and Glickman, Daniel and Ravfogel, Shauli and Goldberg, Yoav and Chechik, Gal},
    month = {12},
    pages = {3536--3559},
    volume = {36},
    url = {https://github.com/RoyiRa/Syntax-Guided-Generation}
}

@article{LianLLM-groundedModels,
    title = {{LLM-grounded Diffusion: Enhancing Prompt Understanding of Text-to-Image Diffusion Models with Large Language Models}},
    author = {Lian, Long and Li, Boyi and Yala, Adam and Darrell, Trevor},
    url = {https://llm-grounded-diffusion.github.io.},
    arxivId = {2305.13655v3}
}

@misc{Song2023Loss-GuidedGeneration,
    title = {{Loss-Guided Diffusion Models for Plug-and-Play Controllable Generation}},
    year = {2023},
    author = {Song, Jiaming and Zhang, Qinsheng and Yin, Hongxu and Mardani, Morteza and Liu, Ming-Yu and Kautz, Jan and Chen, Yongxin and Vahdat, Arash},
    month = {7},
    pages = {32483--32498},
    publisher = {PMLR},
    url = {https://proceedings.mlr.press/v202/song23k.html},
    issn = {2640-3498}
}

@article{Binyamin2024MakeObjects,
    title = {{Make It Count: Text-to-Image Generation with an Accurate Number of Objects}},
    year = {2024},
    author = {Binyamin, Lital and Tewel, Yoad and Segev, Hilit and Hirsch, Eran and Rassin, Royi and Chechik, Gal},
    month = {6},
    url = {https://arxiv.org/abs/2406.10210v1},
    arxivId = {2406.10210}
}

@article{He2023ManifoldDiffusion,
    title = {{Manifold Preserving Guided Diffusion}},
    year = {2023},
    author = {He, Yutong and Murata, Naoki and Lai, Chieh-Hsin and Takida, Yuhta and Uesaka, Toshimitsu and Kim, Dongjun and Liao, Wei-Hsiang and Mitsufuji, Yuki and Kolter, J. Zico and Salakhutdinov, Ruslan and Ermon, Stefano},
    month = {11},
    url = {https://arxiv.org/abs/2311.16424v1},
    arxivId = {2311.16424}
}

@article{Somepalli2024MeasuringModels,
    title = {{Measuring Style Similarity in Diffusion Models}},
    year = {2024},
    author = {Somepalli, Gowthami and Gupta, Anubhav and Gupta, Kamal and Palta, Shramay and Goldblum, Micah and Geiping, Jonas and Shrivastava, Abhinav and Goldstein, Tom},
    month = {4},
    url = {https://arxiv.org/abs/2404.01292v1},
    arxivId = {2404.01292}
}

@article{Franzese2023MINDE:Estimation,
    title = {{MINDE: Mutual Information Neural Diffusion Estimation}},
    year = {2023},
    author = {Franzese, Giulio and Bounoua, Mustapha and Michiardi, Pietro},
    month = {10},
    url = {https://arxiv.org/abs/2310.09031v2},
    arxivId = {2310.09031}
}

@article{Nayak2022MiningData,
    title = {{Mining Data Impressions From Deep Models as Substitute for the Unavailable Training Data}},
    year = {2022},
    journal = {IEEE Transactions on Pattern Analysis and Machine Intelligence},
    author = {Nayak, Gaurav Kumar and Mopuri, Konda Reddy and Jain, Saksham and Chakraborty, Anirban},
    number = {11},
    month = {11},
    pages = {8465--8481},
    volume = {44},
    publisher = {IEEE Computer Society},
    url = {https://arxiv.org/abs/2101.06069v4},
    doi = {10.1109/TPAMI.2021.3112816},
    issn = {19393539},
    pmid = {34529560},
    arxivId = {2101.06069},
    keywords = {Data impressions, absence of training data, continual learning, knowledge distillation, proxy data, surrogate data, synthetic transfer set, universal adversarial perturbations, unsupervised domain adaptation}
}

@article{Cardoso2023MonteProblems,
    title = {{Monte Carlo guided Diffusion for Bayesian linear inverse problems}},
    year = {2023},
    author = {Cardoso, Gabriel and Janati, Yazid and Idrissi, E L and Le Corff, Sylvain and Moulines, Eric},
    month = {8},
    url = {https://arxiv.org/abs/2308.07983v2},
    arxivId = {2308.07983}
}

@article{Phillips2024ParticleSampler,
    title = {{Particle Denoising Diffusion Sampler}},
    year = {2024},
    journal = {Proceedings of Machine Learning Research},
    author = {Phillips, Angus and Dau, Hai Dang and Hutchinson, Michael John and De Bortoli, Valentin and Deligiannidis, George and Doucet, Arnaud},
    month = {2},
    pages = {40688--40724},
    volume = {235},
    publisher = {ML Research Press},
    url = {https://arxiv.org/abs/2402.06320v2},
    issn = {26403498},
    arxivId = {2402.06320}
}

@article{Corso2023ParticleModels,
    title = {{Particle Guidance: non-I.I.D. Diverse Sampling with Diffusion Models}},
    year = {2023},
    journal = {12th International Conference on Learning Representations, ICLR 2024},
    author = {Corso, Gabriele and Xu, Yilun and de Bortoli, Valentin and Barzilay, Regina and Jaakkola, Tommi},
    month = {10},
    publisher = {International Conference on Learning Representations, ICLR},
    url = {https://arxiv.org/abs/2310.13102v2},
    arxivId = {2310.13102}
}

@article{Moral2014ParticleApplications,
    title = {{Particle methods: An introduction with applications}},
    year = {2014},
    journal = {ESAIM: Proceedings},
    author = {Moral, Piere Del and Doucet, Arnaud},
    month = {1},
    pages = {1--46},
    volume = {44},
    publisher = {EDP Sciences},
    url = {https://www.esaim-proc.org/articles/proc/abs/2014/01/proc144401/proc144401.html},
    doi = {10.1051/PROC/201444001},
    issn = {1270-900X},
    keywords = {EDP Sciences, ESAIM, ESAIM: Proceedings and Surveys, journal, proceedings}
}

@article{Zhang2021PathSampling,
    title = {{Path Integral Sampler: a stochastic control approach for sampling}},
    year = {2021},
    journal = {ICLR 2022 - 10th International Conference on Learning Representations},
    author = {Zhang, Qinsheng and Chen, Yongxin},
    month = {11},
    publisher = {International Conference on Learning Representations, ICLR},
    url = {https://arxiv.org/abs/2111.15141v2},
    arxivId = {2111.15141}
}

@article{ChengPLay:Diffusion,
    title = {{PLay: Parametrically Conditioned Layout Generation using Latent Diffusion}},
    author = {Cheng, Chin-Yi and Huang, Forrest and Li, Gang and Li, Yang}
}

@article{Wu2023PracticalModels,
    title = {{Practical and Asymptotically Exact Conditional Sampling in Diffusion Models}},
    year = {2023},
    journal = {Advances in Neural Information Processing Systems},
    author = {Wu, Luhuan and Trippe, Brian L and Naesseth, Christian A and Blei, David M and Cunningham, John P},
    month = {12},
    pages = {31372--31403},
    volume = {36},
    url = {https://github.com/blt2114/twisted_diffusion_sampler}
}

@article{Hosseini2022PuzzleFusion:Solving,
    title = {{PuzzleFusion: Unleashing the Power of Diffusion Models for Spatial Puzzle Solving}},
    year = {2022},
    author = {Hosseini, Sepidehsadat and Shabani, Mohammad Amin and Irandoust, Saghar and Furukawa, Yasutaka},
    month = {11},
    url = {https://arxiv.org/abs/2211.13785v3},
    arxivId = {2211.13785}
}

@article{LeeReGround:Cost,
    title = {{ReGround: Improving Textual and Spatial Grounding at No Cost}},
    author = {Lee, Phillip Y and Sung, Minhyuk},
    url = {https://re-ground.github.io.}
}

@article{Dinh2023RethinkingGuidance,
    title = {{Rethinking Conditional Diffusion Sampling with Progressive Guidance}},
    year = {2023},
    journal = {Advances in Neural Information Processing Systems},
    author = {Dinh, Anh-Dung and Liu, Daochang and Xu, Chang},
    month = {12},
    pages = {42285--42297},
    volume = {36},
    url = {https://github.com/dungdinhanh/prog-guided-diffusion.}
}

@article{ShenRethinkingGuidance,
    title = {{Rethinking the Spatial Inconsistency in Classifier-Free Diffusion Guidance}},
    author = {Shen, Dazhong and Song, Guanglu and Xue, Zeyue and Wang, Fu-Yun and Liu, Yu},
    url = {https://github.com/SmilesDZgk/S-CFG.}
}

@misc{Yuan2023Reward-DirectedImprovement,
    title = {{Reward-Directed Conditional Diffusion: Provable Distribution Estimation and Reward Improvement}},
    year = {2023},
    author = {Yuan, Hui and Huang, Kaixuan and Ni, Chengzhuo and Chen, Minshuo and Wang, Mengdi},
    month = {7},
    url = {https://arxiv.org/abs/2307.07055v1},
    arxivId = {2307.07055}
}

@article{Korbak2022RLInference,
    title = {{RL with KL penalties is better viewed as Bayesian inference}},
    year = {2022},
    journal = {Findings of the Association for Computational Linguistics: EMNLP 2022},
    author = {Korbak, Tomasz and Perez, Ethan and Buckley, Christopher L.},
    month = {5},
    pages = {1083--1091},
    publisher = {Association for Computational Linguistics (ACL)},
    url = {https://arxiv.org/abs/2205.11275v2},
    doi = {10.18653/v1/2022.findings-emnlp.77},
    arxivId = {2205.11275}
}

@article{Gao2022ScalingOveroptimization,
    title = {{Scaling Laws for Reward Model Overoptimization}},
    year = {2022},
    journal = {Proceedings of Machine Learning Research},
    author = {Gao, Leo and Schulman, John and Hilton, Jacob},
    month = {10},
    pages = {10835--10866},
    volume = {202},
    publisher = {ML Research Press},
    url = {https://arxiv.org/abs/2210.10760v1},
    isbn = {2210.10760v1},
    issn = {26403498},
    arxivId = {2210.10760}
}

@article{Song2020Score-BasedEquations,
    title = {{Score-Based Generative Modeling through Stochastic Differential Equations}},
    year = {2020},
    journal = {ICLR 2021 - 9th International Conference on Learning Representations},
    author = {Song, Yang and Sohl-Dickstein, Jascha and Kingma, Diederik P. and Kumar, Abhishek and Ermon, Stefano and Poole, Ben},
    month = {11},
    publisher = {International Conference on Learning Representations, ICLR},
    url = {https://arxiv.org/abs/2011.13456v2},
    arxivId = {2011.13456}
}

@article{Meng2021SDEdit:Equations,
    title = {{SDEdit: Guided Image Synthesis and Editing with Stochastic Differential Equations}},
    year = {2021},
    journal = {ICLR 2022 - 10th International Conference on Learning Representations},
    author = {Meng, Chenlin and He, Yutong and Song, Yang and Song, Jiaming and Wu, Jiajun and Zhu, Jun Yan and Ermon, Stefano},
    month = {8},
    publisher = {International Conference on Learning Representations, ICLR},
    url = {https://arxiv.org/abs/2108.01073v2},
    arxivId = {2108.01073}
}

@article{Derakhshani2023Self-SupervisedModels,
    title = {{Self-Supervised Open-Ended Classification with Small Visual Language Models}},
    year = {2023},
    author = {Derakhshani, Mohammad Mahdi and Najdenkoska, Ivona and Snoek, Cees G. M. and Worring, Marcel and Asano, Yuki M.},
    month = {9},
    url = {https://arxiv.org/abs/2310.00500v2},
    arxivId = {2310.00500}
}

@article{Sun2024Spatial-AwareGeneration,
    title = {{Spatial-Aware Latent Initialization for Controllable Image Generation}},
    year = {2024},
    author = {Sun, Wenqiang and Li, Teng and Lin, Zehong and Zhang, Jun},
    month = {1},
    url = {https://arxiv.org/abs/2401.16157v1},
    arxivId = {2401.16157}
}

@article{Raya2023SpontaneousModels,
    title = {{Spontaneous Symmetry Breaking in Generative Diffusion Models}},
    year = {2023},
    journal = {Advances in Neural Information Processing Systems},
    author = {Raya, Gabriel and Ambrogioni, Luca},
    month = {5},
    volume = {36},
    publisher = {Neural information processing systems foundation},
    url = {https://arxiv.org/abs/2305.19693v3},
    issn = {10495258},
    arxivId = {2305.19693}
}

@article{Liang2024Step-awareStep,
    title = {{Step-aware Preference Optimization: Aligning Preference with Denoising Performance at Each Step}},
    year = {2024},
    author = {Liang, Zhanhao and Yuan, Yuhui and Gu, Shuyang and Chen, Bohan and Hang, Tiankai and Li, Ji and Zheng, Liang},
    month = {6},
    url = {https://arxiv.org/abs/2406.04314v1},
    arxivId = {2406.04314}
}

@article{Mikami2020StochasticRevisited,
    title = {{Stochastic optimal transport revisited}},
    year = {2020},
    journal = {Partial Differential Equations and Applications},
    author = {Mikami, Toshio},
    number = {1},
    month = {3},
    volume = {2},
    publisher = {Springer International Publishing},
    url = {http://arxiv.org/abs/2003.11811 http://dx.doi.org/10.1007/s42985-020-00059-3},
    doi = {10.1007/s42985-020-00059-3},
    arxivId = {2003.11811v6},
    keywords = {Marginal problem, Nelson process, Stochastic optimal transport, Superposition principle}
}

@article{Gao2024StyleShot:Style,
    title = {{StyleShot: A Snapshot on Any Style}},
    year = {2024},
    author = {Gao, Junyao and Liu, Yanchen and Sun, Yanan and Tang, Yinhao and Zeng, Yanhong and Chen, Kai and Zhao, Cairong},
    month = {7},
    arxivId = {2407.01414}
}

@article{Huang2024SymbolicDiffusion,
    title = {{Symbolic Music Generation with Non-Differentiable Rule Guided Diffusion}},
    year = {2024},
    author = {Huang, Yujia and Ghatare, Adishree and Liu, Yuanzhe and Hu, Ziniu and Zhang, Qinsheng and Sastry, Chandramouli S and Gururani, Siddharth and Oore, Sageev and Yue, Yisong},
    month = {2},
    url = {https://arxiv.org/abs/2402.14285v2},
    arxivId = {2402.14285}
}

@article{Huang2024SymbolicDiffusionb,
    title = {{Symbolic Music Generation with Non-Differentiable Rule Guided Diffusion}},
    year = {2024},
    author = {Huang, Yujia and Ghatare, Adishree and Liu, Yuanzhe and Hu, Ziniu and Zhang, Qinsheng and Sastry, Chandramouli S and Gururani, Siddharth and Oore, Sageev and Yue, Yisong},
    month = {2},
    url = {https://arxiv.org/abs/2402.14285v2},
    arxivId = {2402.14285}
}

@article{Huang2023T2I-CompBench:Generation,
    title = {{T2I-CompBench: A Comprehensive Benchmark for Open-world Compositional Text-to-image Generation}},
    year = {2023},
    journal = {Advances in Neural Information Processing Systems},
    author = {Huang, Kaiyi and Sun, Kaiyue and Xie, Enze and Li, Zhenguo and Liu, Xihui},
    month = {12},
    pages = {78723--78747},
    volume = {36},
    url = {https://karine-h.github.io/T2I-}
}

@article{Wang2023TamingGeneration,
    title = {{Taming Mode Collapse in Score Distillation for Text-to-3D Generation}},
    year = {2023},
    author = {Wang, Peihao and Xu, Dejia and Fan, Zhiwen and Wang, Dilin and Mohan, Sreyas and Iandola, Forrest and Ranjan, Rakesh and Li, Yilei and Liu, Qiang and Wang, Zhangyang and Chandra, Vikas},
    month = {12},
    url = {https://arxiv.org/abs/2401.00909v1},
    arxivId = {2401.00909}
}

@article{Ye2024TFG:Models,
    title = {{TFG: Unified Training-Free Guidance for Diffusion Models}},
    year = {2024},
    author = {Ye, Haotian and Lin, Haowei and Han, Jiaqi and Xu, Minkai and Liu, Sheng and Liang, Yitao and Ma, Jianzhu and Zou, James and Ermon, Stefano},
    month = {9},
    arxivId = {2409.15761}
}

@article{Ban2024TheNoise,
    title = {{The Crystal Ball Hypothesis in diffusion models: Anticipating object positions from initial noise}},
    year = {2024},
    author = {Ban, Yuanhao and Wang, Ruochen and Zhou, Tianyi and Gong Google, Boqing and Hsieh, Cho-Jui and Cheng, Minhao},
    month = {6},
    url = {https://arxiv.org/abs/2406.01970v1},
    arxivId = {2406.01970}
}

@inproceedings{Tzen2019TheoreticalDiffusions,
    title = {{Theoretical guarantees for sampling and inference in generative models with latent diffusions}},
    year = {2019},
    booktitle = {Proceedings of Machine Learning Research},
    author = {Tzen, Belinda and Raginsky, Maxim and Beygelzimer, Alina and Hsu, Daniel},
    month = {6},
    pages = {3084--3114},
    volume = {99},
    publisher = {PMLR},
    url = {https://proceedings.mlr.press/v99/tzen19a.html},
    issn = {2640-3498}
}

@article{Beirami2024TheoreticalPolicy,
    title = {{Theoretical guarantees on the best-of-n alignment policy}},
    year = {2024},
    author = {Beirami, Ahmad and Agarwal, Alekh and Berant, Jonathan and Eisenstein, Jacob and Nagpal, Chirag and Theertha Suresh, Ananda and Research, Google and DeepMind, Google},
    month = {1},
    url = {https://arxiv.org/abs/2401.01879v1},
    arxivId = {2401.01879}
}

@article{Wu2024TheoreticalModels,
    title = {{Theoretical Insights for Diffusion Guidance: A Case Study for Gaussian Mixture Models}},
    year = {2024},
    author = {Wu, Yuchen and Chen, Minshuo and Li, Zihao and Wang, Mengdi and Wei, Yuting},
    month = {3},
    url = {https://arxiv.org/abs/2403.01639v1},
    arxivId = {2403.01639}
}

@article{Pan2023TowardsMethod,
    title = {{Towards Accurate Guided Diffusion Sampling through Symplectic Adjoint Method}},
    year = {2023},
    author = {Pan, Jiachun and Yan, Hanshu and Hao Liew ByteDance, Jun and Feng ByteDance, Jiashi and F Tan, Vincent Y},
    month = {12},
    url = {https://arxiv.org/abs/2312.12030v1},
    arxivId = {2312.12030}
}

@article{ChenTOWARDSCONSTRAINTS,
    title = {{TOWARDS ALIGNED LAYOUT GENERATION VIA DIFFUSION MODEL WITH AESTHETIC CONSTRAINTS}},
    author = {Chen, Jian and Zhang, Ruiyi and Zhou, Yufan and Jain, Rajiv and Xu, Zhiqiang and Rossi, Ryan and Chen, Changyou},
    url = {https://github.com/puar-playground/LACE},
    isbn = {2402.04754v2},
    arxivId = {2402.04754v2}
}

@article{Black2023TrainingLearning,
    title = {{Training Diffusion Models with Reinforcement Learning}},
    year = {2023},
    author = {Black, Kevin and Janner, Michael and Du, Yilun and Kostrikov, Ilya and Levine, Sergey},
    month = {5},
    url = {https://arxiv.org/abs/2305.13301v4},
    isbn = {2305.13301v4},
    arxivId = {2305.13301}
}

@article{ChenTraining-FreeGuidance,
    title = {{Training-Free Layout Control with Cross-Attention Guidance}},
    author = {Chen, Minghao and Laina, Iro and Vedaldi, Andrea}
}

@article{Feng2022Training-FreeSynthesis,
    title = {{Training-Free Structured Diffusion Guidance for Compositional Text-to-Image Synthesis}},
    year = {2022},
    author = {Feng, Weixi and He, Xuehai and Fu, Tsu-Jui and Jampani, Varun and Akula, Arjun and Narayana, Pradyumna and Basu, Sugato and Wang, Xin Eric and Wang, William Yang},
    month = {12},
    url = {https://arxiv.org/abs/2212.05032v3},
    arxivId = {2212.05032}
}

@article{Boys2023TweedieProblems,
    title = {{Tweedie Moment Projected Diffusions For Inverse Problems}},
    year = {2023},
    author = {Boys, Benjamin and Girolami, Mark and Pidstrigach, Jakiw and Reich, Sebastian and Mosca, Alan and Akyildiz, O. Deniz},
    month = {10},
    url = {https://arxiv.org/abs/2310.06721v2},
    arxivId = {2310.06721}
}

@article{Efron2011TweediesBias,
    title = {{Tweedie's formula and selection bias}},
    year = {2011},
    journal = {Journal of the American Statistical Association},
    author = {Efron, Bradley},
    number = {496},
    month = {12},
    pages = {1602--1614},
    volume = {106},
    publisher = {Bradley Efron},
    url = {https://www.tandfonline.com/doi/abs/10.1198/jasa.2011.tm11181},
    doi = {10.1198/jasa.2011.tm11181},
    issn = {0162-1459},
    keywords = {Bayesian relevance, Empirical Bayes information, False discovery rates, James-Stein, Regret, Winner's curse}
}

@article{Luo2022UnderstandingPerspective,
    title = {{Understanding Diffusion Models: A Unified Perspective}},
    year = {2022},
    author = {Luo, Calvin},
    month = {8},
    url = {https://arxiv.org/abs/2208.11970v1},
    arxivId = {2208.11970}
}

@article{Uehara2024UnderstandingReview,
    title = {{Understanding Reinforcement Learning-Based Fine-Tuning of Diffusion Models: A Tutorial and Review}},
    year = {2024},
    author = {Uehara, Masatoshi and Zhao, Yulai and Biancalani, Tommaso and Levine, Sergey},
    month = {7},
    url = {https://arxiv.org/abs/2407.13734v1},
    arxivId = {2407.13734}
}

@article{Al-Tahan2024UniBench:Scaling,
    title = {{UniBench: Visual Reasoning Requires Rethinking Vision-Language Beyond Scaling}},
    year = {2024},
    author = {Al-Tahan, Haider and Garrido, Quentin and Balestriero, Randall and Bouchacourt, Diane and Hazirbas, Caner and Ibrahim, Mark and Fair, Meta},
    month = {8},
    url = {https://arxiv.org/abs/2408.04810v1},
    arxivId = {2408.04810}
}

@article{HuiUnifyingModel,
    title = {{Unifying Layout Generation with a Decoupled Diffusion Model}},
    author = {Hui, Mude and Zhang, Zhizheng and Zhang, Xiaoyi and Xie, Wenxuan and Wang, Yuwang and Lu, Yan},
    arxivId = {2303.05049v1}
}

@article{HuiUnifyingModelb,
    title = {{Unifying Layout Generation with a Decoupled Diffusion Model}},
    author = {Hui, Mude and Zhang, Zhizheng and Zhang, Xiaoyi and Xie, Wenxuan and Wang, Yuwang and Lu, Yan}
}

@inproceedings{Bansal2024UniversalModels,
    title = {{Universal Guidance for Diffusion Models}},
    year = {2024},
    booktitle = {The Twelfth International Conference on Learning Representations},
    author = {Bansal, Arpit and Chu, Hong-Min and Schwarzschild, Avi and Sengupta, Soumyadip and Goldblum, Micah and Geiping, Jonas and Goldstein, Tom},
    month = {2},
    pages = {},
    volume = {},
    publisher = {IEEE},
    url = {http://arxiv.org/abs/2302.07121},
    doi = {10.48550/arXiv.2302.07121},
    arxivId = {2302.07121}
}

@article{DerakhshaniUnlockingModels,
    title = {{Unlocking Spatial Comprehension in Text-to-Image Diffusion Models}},
    author = {Derakhshani, Mohammad Mahdi and Xia, Menglin and Behl, Harkirat and Snoek, Cees G M and R{\"{u}}hle, Victor},
    arxivId = {2311.17937v1}
}

@article{Fu2024UnveilTheory,
    title = {{Unveil Conditional Diffusion Models with Classifier-free Guidance: A Sharp Statistical Theory}},
    year = {2024},
    author = {Fu, Hengyu and Yang, Zhuoran and Wang, Mengdi and Chen, Minshuo},
    month = {3},
    url = {https://arxiv.org/abs/2403.11968v1},
    arxivId = {2403.11968}
}

@article{Qu2023UpcyclingShift,
    title = {{Upcycling Models Under Domain and Category Shift}},
    year = {2023},
    author = {Qu, Sanqing and Zou, Tianpei and R{\"{o}}hrbein, Florian and Lu, Cewu and Chen, Guang and Tao, Dacheng and Jiang, Changjun},
    month = {8},
    pages = {20019--20028},
    publisher = {Institute of Electrical and Electronics Engineers (IEEE)},
    url = {https://arxiv.org/abs/2303.07110v1},
    doi = {10.1109/CVPR52729.2023.01917},
    arxivId = {2303.07110}
}

@article{Zhang2023Vision-LanguageSurvey,
    title = {{Vision-Language Models for Vision Tasks: A Survey}},
    year = {2023},
    author = {Zhang, Jingyi and Huang, Jiaxing and Jin, Sheng and Lu, Shijian},
    month = {4},
    url = {https://arxiv.org/abs/2304.00685v1},
    arxivId = {2304.00685},
    keywords = {Index Terms-Visual recognition, big data !, big model, deep learning, deep neural network, image classification, knowledge distillation, object detection, pre-training, semantic segmentation, transfer learning, vision-language model}
}

@article{AminShabaniVisualGeneration,
    title = {{Visual Layout Composer: Image-Vector Dual Diffusion Model for Design Layout Generation}},
    author = {Amin Shabani, Mohammad and Wang, Zhaowen and Liu, Difan and Zhao, Nanxuan and Yang, Jimei and Furukawa, Yasutaka},
    url = {https://aminshabani.github.io/visual}
}

@article{Tan2020Vokenization:Supervision,
    title = {{Vokenization: Improving language understanding with contextualized, visual-grounded supervision}},
    year = {2020},
    journal = {EMNLP 2020 - 2020 Conference on Empirical Methods in Natural Language Processing, Proceedings of the Conference},
    author = {Tan, Hao and Bansal, Mohit},
    month = {10},
    pages = {2066--2080},
    publisher = {Association for Computational Linguistics (ACL)},
    url = {https://arxiv.org/abs/2010.06775v1},
    isbn = {9781952148606},
    doi = {10.18653/V1/2020.EMNLP-MAIN.162},
    arxivId = {2010.06775}
}