@article{davenport2008kinematic,
  title={Kinematic behaviour anomaly detection (KBAD)-Final report},
  author={Davenport, Michael},
  journal={DRDC CORA report KBAD-RP-52-6615},
  year={2008}
}

@inproceedings{eljabu2021anomaly,
  title={Anomaly detection in maritime domain based on spatio-temporal analysis of ais data using graph neural networks},
  author={Eljabu, Lubna and Etemad, Mohammad and Matwin, Stan},
  booktitle={2021 5th International Conference on Vision, Image and Signal Processing (ICVISP)},
  pages={142--147},
  year={2021},
  organization={IEEE}
}

@article{jiang2024stmgf,
  title={STMGF-Net: A Spatiotemporal Multi-Graph Fusion Network for Vessel Trajectory Forecasting in Intelligent Maritime Navigation},
  author={Jiang, Junhao and Zuo, Yi and Xiao, Yang and Zhang, Wenjun and Li, Tieshan},
  journal={IEEE Transactions on Intelligent Transportation Systems},
  year={2024},
  publisher={IEEE}
}

@inproceedings{lane2010maritime,
  title={Maritime anomaly detection and threat assessment},
  author={Lane, Richard O and Nevell, David A and Hayward, Steven D and Beaney, Thomas W},
  booktitle={2010 13th International conference on information fusion},
  pages={1--8},
  year={2010},
  organization={IEEE}
}

@inproceedings{laxhammar2008anomaly,
  title={Anomaly detection for sea surveillance},
  author={Laxhammar, Rikard},
  booktitle={2008 11th international conference on information fusion},
  pages={1--8},
  year={2008},
  organization={IEEE}
}

@article{liang2022fine,
  title={Fine-grained vessel traffic flow prediction with a spatio-temporal multigraph convolutional network},
  author={Liang, Maohan and Liu, Ryan Wen and Zhan, Yang and Li, Huanhuan and Zhu, Fenghua and Wang, Fei-Yue},
  journal={IEEE Transactions on Intelligent Transportation Systems},
  volume={23},
  number={12},
  pages={23694--23707},
  year={2022},
  publisher={IEEE}
}

@article{liu2023model,
  title={The model of vessel trajectory abnormal behavior detection based on graph attention prediction and reconstruction network},
  author={Liu, Hongdan and Jia, Zhicheng and Li, Bing and Liu, Yan and Qi, Zhigang},
  journal={Ocean Engineering},
  volume={290},
  pages={116316},
  year={2023},
  publisher={Elsevier}
}

@article{liu2024ais,
  title={AIS-based kinematic anomaly classification for maritime surveillance},
  author={Liu, Jinliang and Li, Jianghui and Liu, Chunshan},
  journal={Ocean Engineering},
  volume={305},
  pages={118026},
  year={2024},
  publisher={Elsevier}
}

@article{ribeiro2023ais,
  title={AIS-based maritime anomaly traffic detection: A review},
  author={Ribeiro, Claudio V and Paes, Aline and de Oliveira, Daniel},
  journal={Expert Systems with Applications},
  volume={231},
  pages={120561},
  year={2023},
  publisher={Elsevier}
}

@inproceedings{wang2020traffic,
  title={Traffic flow prediction via spatial temporal graph neural network},
  author={Wang, Xiaoyang and Ma, Yao and Wang, Yiqi and Jin, Wei and Wang, Xin and Tang, Jiliang and Jia, Caiyan and Yu, Jian},
  booktitle={Proceedings of the web conference 2020},
  pages={1082--1092},
  year={2020}
}

@article{wolsing2022anomaly,
  title={Anomaly detection in maritime AIS tracks: A review of recent approaches},
  author={Wolsing, Konrad and Roepert, Linus and Bauer, Jan and Wehrle, Klaus},
  journal={Journal of Marine Science and Engineering},
  volume={10},
  number={1},
  pages={112},
  year={2022},
  publisher={MDPI}
}

@article{yu2017spatio,
  title={Spatio-temporal graph convolutional networks: A deep learning framework for traffic forecasting},
  author={Yu, Bing and Yin, Haoteng and Zhu, Zhanxing},
  journal={arXiv preprint arXiv:1709.04875},
  year={2017}
}

@inproceedings{zhang2023vessel,
  title={Vessel Behavior Anomaly Detection Using Graph Attention Network},
  author={Zhang, Yuanzhe and Jin, Qiqiang and Liang, Maohan and Ma, Ruixin and Liu, Ryan Wen},
  booktitle={International Conference on Neural Information Processing},
  pages={291--304},
  year={2023},
  organization={Springer}
}

