@article{Dai2022,
  author    = {Dai, L. and Jung, M. M. and Postma, M. and Louwerse, M. M.},
  title     = {A systematic review of Pedagogical Agent Research: Similarities, differences and unexplored aspects},
  journal   = {Computers \& Education},
  volume    = {190},
  pages     = {104607},
  year      = {2022},
  doi       = {10.1016/j.compedu.2022.104607},
}

@article{Domagk2010,
  author    = {Domagk, S.},
  title     = {Do pedagogical agents facilitate learner motivation and learning outcomes?: The role of the appeal of agentâ€™s appearance and voice},
  journal   = {Journal of Media Psychology},
  volume    = {22},
  number    = {2},
  pages     = {84--97},
  year      = {2010},
  doi       = {10.1027/1864-1105/a000011},
}

@article{Graesser2018,
  author    = {Graesser, A. C. and Hu, X. and Nye, B. D. and VanLehn, K. and Kumar, R. and Heffernan, C. and others},
  title     = {Electronixtutor: An intelligent tutoring system with multiple learning resources for electronics},
  journal   = {International Journal of STEM Education},
  volume    = {5},
  number    = {1},
  pages     = {1--21},
  year      = {2018},
  doi       = {10.1186/s40594-018-0110-y},
}

@inproceedings{Lester1997,
  author    = {Lester, J. C. and Converse, S. A. and Kahler, S. E. and Barlow, S. T. and Stone, B. A. and Bhogal, R. S.},
  title     = {The persona effect},
  booktitle = {Proceedings of the ACM SIGCHI Conference on Human Factors in Computing Systems},
  year      = {1997},
  doi       = {10.1145/258549.258797},
}

@article{Li2019,
  author    = {Li, W. and Wang, F. and Mayer, R. E. and Liu, H.},
  title     = {Getting the point: Which kinds of gestures by pedagogical agents improve multimedia learning?},
  journal   = {Journal of Educational Psychology},
  volume    = {111},
  number    = {8},
  pages     = {1382--1395},
  year      = {2019},
  doi       = {10.1037/edu0000352},
  url       = {https://doi.org/10.1037/edu0000352},
}

@article{Makransky2018,
  author    = {Makransky, Guido and Wismer, Philip and Mayer, Richard E.},
  title     = {A gender matching effect in learning with pedagogical agents in an immersive virtual reality science simulation},
  journal   = {Journal of Computer Assisted Learning},
  year      = {2018},
  month     = nov,
  publisher = {Wiley Online Library},
  doi       = {10.1111/jcal.12335},
  url       = {https://doi.org/10.1111/jcal.12335},
}

@incollection{Mayer2014,
  author    = {Mayer, R. E.},
  title     = {Principles based on social cues in multimedia learning: Personalization, voice, image, and embodiment},
  booktitle = {The Cambridge Handbook of Multimedia Learning},
  editor    = {R. E. Mayer},
  edition   = {2nd},
  pages     = {345--370},
  year      = {2014},
  publisher = {Cambridge University Press},
}

@article{Roscoe2013,
  author    = {Roscoe, Rod D. and McNamara, Danielle S.},
  title     = {Writing pal: Feasibility of an intelligent writing strategy tutor in the high school classroom},
  journal   = {Journal of Educational Psychology},
  volume    = {105},
  number    = {4},
  pages     = {1010--1025},
  year      = {2013},
  doi       = {10.1037/a0032340},
  url       = {https://doi.org/10.1037/a0032340},
}

@article{Veletsianos2012,
  author    = {Veletsianos, George},
  title     = {How do learners respond to pedagogical agents that deliver social-oriented non-task messages? Impact on student learning, perceptions, and experiences},
  journal   = {Computers in Human Behavior},
  volume    = {28},
  number    = {1},
  pages     = {275--283},
  year      = {2012},
  doi       = {10.1016/j.chb.2011.09.010},
  url       = {https://doi.org/10.1016/j.chb.2011.09.010},
}

@incollection{WangMultimedia,
  author    = {Wang, F. and Zhao, T. and Li, W.},
  title     = {Multimedia Learning with Animated Pedagogical Agents},
  booktitle = {The Cambridge Handbook of Multimedia Learning},
  pages     = {451},
  publisher = {Cambridge University Press},
  note      = {Essay},
}

@misc{cramifyCramifyCram,
	author = {Cramify},
	title = {{C}ramify: {T}he {N}ew {W}ay to {C}ram | {A}{I} {S}tudy {G}uides \& {M}ore --- cramify.ai},
	howpublished = {\url{https://cramify.ai/}},
	year = {2025},
	note = {[Accessed 23-01-2025]},
}

@misc{duolingoVideoCall,
	author = {Duolingo Team},
	title = {{V}ideo {C}all lets you have real life conversations with {L}ily --- blog.duolingo.com},
	howpublished = {\url{https://blog.duolingo.com/video-call}},
	year = {2024},
	note = {[Accessed 24-01-2025]},
}

@misc{heeyoHeeyo,
	author = {Heeyo},
	title = {{H}eeyo --- heeyo.life},
	howpublished = {\url{https://heeyo.life/}},
	year = {2024},
	note = {[Accessed 23-01-2025]},
}

