@article{BangertDrowns1991,
  author    = {Bangert-Drowns, R. L. and Kulik, C. C. and Kulik, J. A. and Morgan, M.},
  title     = {The instructional effect of feedback in Test-Like events},
  journal   = {Review of Educational Research},
  volume    = {61},
  number    = {2},
  pages     = {213--238},
  year      = {1991},
  doi       = {10.3102/00346543061002213},
}

@article{Beege2020,
  author    = {Beege, M. and Schneider, S. and Nebel, S. and Rey, G. D.},
  title     = {Does the effect of enthusiasm in a pedagogical agent’s voice depend on mental load in the learner’s working memory?},
  journal   = {Computers in Human Behavior},
  volume    = {112},
  pages     = {106483},
  year      = {2020},
  doi       = {10.1016/j.chb.2020.106483},
}

@inbook{Mayer_2020, place={Cambridge}, title={Embodiment Principle}, booktitle={Multimedia Learning}, publisher={Cambridge University Press}, author={Mayer, Richard E.}, year={2020}, pages={341–356}} <div></div>

@article{Carless2018,
  author    = {Carless, D. and Boud, D.},
  title     = {The development of student feedback literacy: enabling uptake of feedback},
  journal   = {Assessment \& Evaluation in Higher Education},
  volume    = {43},
  number    = {8},
  pages     = {1315--1325},
  year      = {2018},
  doi       = {10.1080/02602938.2018.1463354},
}

@article{Clark1991,
  author    = {Clark, J. M. and Paivio, A.},
  title     = {Dual coding theory and education},
  journal   = {Educational Psychology Review},
  volume    = {3},
  number    = {3},
  pages     = {149--210},
  year      = {1991},
  doi       = {10.1007/bf01320076},
}

@article{Dai2022,
  author    = {Dai, L. and Jung, M. M. and Postma, M. and Louwerse, M. M.},
  title     = {A systematic review of Pedagogical Agent Research: Similarities, differences and unexplored aspects},
  journal   = {Computers \& Education},
  volume    = {190},
  pages     = {104607},
  year      = {2022},
  doi       = {10.1016/j.compedu.2022.104607},
}

@article{Hattie2007,
  author    = {Hattie, J. and Timperley, H.},
  title     = {The power of feedback},
  journal   = {Review of Educational Research},
  volume    = {77},
  number    = {1},
  pages     = {81--112},
  year      = {2007},
  doi       = {10.3102/003465430298487},
}

@article{Plass2013,
  author    = {Plass, J. L. and Heidig, S. and Hayward, E. O. and Homer, B. D. and Um, E.},
  title     = {Emotional design in multimedia learning: Effects of shape and color on affect and learning},
  journal   = {Learning and Instruction},
  volume    = {29},
  pages     = {128--140},
  year      = {2013},
  doi       = {10.1016/j.learninstruc.2013.02.006},
}

@inproceedings{Lester1997,
  author    = {Lester, J. C. and Converse, S. A. and Kahler, S. E. and Barlow, S. T. and Stone, B. A. and Bhogal, R. S.},
  title     = {The persona effect},
  booktitle = {Proceedings of the ACM SIGCHI Conference on Human Factors in Computing Systems},
  year      = {1997},
  doi       = {10.1145/258549.258797},
}

@article{Lin2024,
  author    = {Lin, J. and Chen, E. and Gurung, A. and Koedinger, K. R.},
  title     = {Mufin: A Framework for Automating Multimodal Feedback Generation Using Generative Artificial Intelligence},
  year      = {2024},
  doi       = {10.35542/osf.io/3asxz},
}

@article{Lipnevich2021,
  author    = {Lipnevich, A. A. and Panadero, E.},
  title     = {A review of feedback models and theories: Descriptions, definitions, and conclusions},
  journal   = {Frontiers in Education},
  volume    = {6},
  year      = {2021},
  doi       = {10.3389/feduc.2021.720195},
}

@article{Martha2019,
  author    = {Martha, A. S. D. and Santoso, H.},
  title     = {The Design and Impact of the Pedagogical Agent: A Systematic Literature review},
  journal   = {The Journal of Educators Online},
  volume    = {16},
  number    = {1},
  year      = {2019},
  doi       = {10.9743/jeo.2019.16.1.8},
}

@incollection{Mayer2014,
  author    = {Mayer, R. E.},
  title     = {Principles based on social cues in multimedia learning: Personalization, voice, image, and embodiment},
  booktitle = {The Cambridge Handbook of Multimedia Learning},
  editor    = {R. E. Mayer},
  edition   = {2nd},
  pages     = {345--370},
  year      = {2014},
  publisher = {Cambridge University Press},
}

@misc{githubGitHubHecomiuLipSync,
	author = {hecomi},
	title = {{G}it{H}ub - hecomi/u{L}ip{S}ync: {M}{F}{C}{C}-based {L}ip{S}ync plug-in for {U}nity using {J}ob {S}ystem and {B}urst {C}ompiler --- github.com},
	howpublished = {\url{https://github.com/hecomi/uLipSync}},
	year = {2021},
	note = {[Accessed 23-01-2025]},
}

@article{wang2024large,
  title={Large language models for education: A survey and outlook},
  author={Wang, Shen and Xu, Tianlong and Li, Hang and Zhang, Chaoli and Liang, Joleen and Tang, Jiliang and Yu, Philip S and Wen, Qingsong},
  journal={arXiv preprint arXiv:2403.18105},
  year={2024}
}

@inproceedings{mcnutt2023design,
  title={On the design of ai-powered code assistants for notebooks},
  author={McNutt, Andrew M and Wang, Chenglong and Deline, Robert A and Drucker, Steven M},
  booktitle={Proceedings of the 2023 CHI Conference on Human Factors in Computing Systems},
  pages={1--16},
  year={2023}
}

@inproceedings{chen2022effect,
  title={The Effect of Multiple Replies for Natural Language Generation Chatbots},
  author={Chen, Eason},
  booktitle={CHI Conference on Human Factors in Computing Systems Extended Abstracts},
  pages={1-F-5},
  year={2022}
}

@article{achiam2023gpt,
  title={Gpt-4 technical report},
  author={Achiam, Josh and Adler, Steven and Agarwal, Sandhini and Ahmad, Lama and Akkaya, Ilge and Aleman, Florencia Leoni and Almeida, Diogo and Altenschmidt, Janko and Altman, Sam and Anadkat, Shyamal and others},
  journal={arXiv preprint arXiv:2303.08774},
  year={2023}
}

@misc{pang2025understandingllmificationchiunpacking,
      title={Understanding the LLM-ification of CHI: Unpacking the Impact of LLMs at CHI through a Systematic Literature Review}, 
      author={Rock Yuren Pang and Hope Schroeder and Kynnedy Simone Smith and Solon Barocas and Ziang Xiao and Emily Tseng and Danielle Bragg},
      year={2025},
      eprint={2501.12557},
      archivePrefix={arXiv},
      primaryClass={cs.HC},
      url={https://arxiv.org/abs/2501.12557}, 
}

@article{brown2020language,
  title={Language models are few-shot learners},
  author={Brown, Tom and Mann, Benjamin and Ryder, Nick and Subbiah, Melanie and Kaplan, Jared D and Dhariwal, Prafulla and Neelakantan, Arvind and Shyam, Pranav and Sastry, Girish and Askell, Amanda and others},
  journal={Advances in neural information processing systems},
  volume={33},
  pages={1877--1901},
  year={2020}
}


@misc{heeyoHeeyo,
	author = {Heeyo},
	title = {{H}eeyo --- heeyo.life},
	howpublished = {\url{https://heeyo.life/}},
	year = {2024},
	note = {[Accessed 23-01-2025]},
}

@misc{cramifyCramifyCram,
	author = {Cramify},
	title = {{C}ramify: {T}he {N}ew {W}ay to {C}ram | {A}{I} {S}tudy {G}uides \& {M}ore --- cramify.ai},
	howpublished = {\url{https://cramify.ai/}},
	year = {2025},
	note = {[Accessed 23-01-2025]},
}

@article{johnson2000animated,
  title={Animated pedagogical agents: Face-to-face interaction in interactive learning environments},
  author={Johnson, W Lewis and Rickel, Jeff W and Lester, James C and others},
  journal={International Journal of Artificial intelligence in education},
  volume={11},
  number={1},
  pages={47--78},
  year={2000},
  publisher={Citeseer}
}

@article{Sadler1989,
  author    = {Sadler, D. R.},
  title     = {Formative assessment and the design of instructional systems},
  journal   = {Instructional Science},
  volume    = {18},
  number    = {2},
  pages     = {119--144},
  year      = {1989},
  doi       = {10.1007/bf00117714},
}

@incollection{Sweller2010,
  author    = {Sweller, J.},
  title     = {Cognitive Load Theory: Recent theoretical advances},
  booktitle = {Cambridge University Press eBooks},
  pages     = {29--47},
  year      = {2010},
  doi       = {10.1017/cbo9780511844744.004},
}

@article{Veletsianos2011,
  author    = {Veletsianos, G.},
  title     = {How do learners respond to pedagogical agents that deliver social-oriented non-task messages?},
  journal   = {Computers in Human Behavior},
  volume    = {28},
  number    = {1},
  pages     = {275--283},
  year      = {2011},
  doi       = {10.1016/j.chb.2011.09.010},
}

@article{Veletsianos2008,
  author    = {Veletsianos, G. and Miller, C.},
  title     = {Conversing with pedagogical agents: A phenomenological exploration of interacting with digital entities},
  journal   = {British Journal of Educational Technology},
  volume    = {39},
  number    = {6},
  pages     = {969--986},
  year      = {2008},
  doi       = {10.1111/j.1467-8535.2007.00797.x},
}

@article{Davis2021,
  author    = {Davis, R. O. and Park, T. and Vincent, J.},
  title     = {A systematic narrative review of agent persona on learning outcomes and design variables to enhance personification},
  journal   = {Journal of Research on Technology in Education},
  volume    = {53},
  number    = {1},
  pages     = {89--106},
  year      = {2021},
  doi       = {10.1080/15391523.2020.1830894},
}

@article{Domagk2010,
  author    = {Domagk, S.},
  title     = {Do pedagogical agents facilitate learner motivation and learning outcomes?: The role of the appeal of agent’s appearance and voice},
  journal   = {Journal of Media Psychology},
  volume    = {22},
  number    = {2},
  pages     = {84--97},
  year      = {2010},
  doi       = {10.1027/1864-1105/a000011},
}

@article{Graesser2018,
  author    = {Graesser, A. C. and Hu, X. and Nye, B. D. and VanLehn, K. and Kumar, R. and Heffernan, C. and others},
  title     = {Electronixtutor: An intelligent tutoring system with multiple learning resources for electronics},
  journal   = {International Journal of STEM Education},
  volume    = {5},
  number    = {1},
  pages     = {1--21},
  year      = {2018},
  doi       = {10.1186/s40594-018-0110-y},
}

@inproceedings{Lester1997,
  author    = {Lester, J. C. and Converse, S. A. and Kahler, S. E. and Barlow, S. T. and Stone, B. A. and Bhogal, R. S.},
  title     = {The persona effect},
  booktitle = {Proceedings of the ACM SIGCHI Conference on Human Factors in Computing Systems},
  year      = {1997},
  doi       = {10.1145/258549.258797},
}

@article{Lin2024,
  author    = {Lin, J. and Chen, E. and Gurung, A. and Koedinger, K. R.},
  title     = {Mufin: A Framework for Automating Multimodal Feedback Generation Using Generative Artificial Intelligence},
  year      = {2024},
  doi       = {10.35542/osf.io/3asxz},
}

@misc{duolingoVideoCall,
	author = {Duolingo Team},
	title = {{V}ideo {C}all lets you have real life conversations with {L}ily --- blog.duolingo.com},
	howpublished = {\url{https://blog.duolingo.com/video-call}},
	year = {2024},
	note = {[Accessed 24-01-2025]},
}

@article{Ozuru2013,
  author    = {Ozuru, Y. and Briner, S. and Kurby, C. and McNamara, D.},
  title     = {Comparing comprehension measured by multiple-choice and open-ended questions},
  journal   = {Canadian Journal of Experimental Psychology / Revue canadienne de psychologie exp{\'e}rimentale},
  volume    = {67},
  number    = {3},
  pages     = {215},
  year      = {2013},
  doi       = {10.1037/a0032918},
}

@article{Veletsianos2012,
  author    = {Veletsianos, G.},
  title     = {How do learners respond to pedagogical agents that deliver social-oriented non-task messages? Impact on student learning, perceptions, and experiences},
  journal   = {Computers in Human Behavior},
  volume    = {28},
  number    = {1},
  pages     = {275--283},
  year      = {2012},
  doi       = {10.1016/j.chb.2011.09.010},
}

@incollection{WangMultimedia,
  author    = {Wang, F. and Zhao, T. and Li, W.},
  title     = {Multimedia Learning with Animated Pedagogical Agents},
  booktitle = {The Cambridge Handbook of Multimedia Learning},
  pages     = {451},
  publisher = {Cambridge University Press},
  note      = {Essay},
}

@article{CabreraArnau2024,
  author    = {Cabrera-Arnau, C.},
  title     = {Understanding Student Perceptions on the Use of Generative AI Tools in UK Higher Education},
  year      = {2024},
  doi       = {10.31235/osf.io/fs96d},
  url       = {https://doi.org/10.31235/osf.io/fs96d},
}

@article{Kaur2022,
  author    = {Kaur, D. and Uslu, S. and Rittichier, K. J. and Durresi, A.},
  title     = {Trustworthy Artificial Intelligence: A Review},
  journal   = {ACM Computing Surveys},
  volume    = {55},
  number    = {2},
  pages     = {1--38},
  year      = {2022},
  doi       = {10.1145/3491209},
  url       = {https://doi.org/10.1145/3491209},
}

@article{Makransky2018,
  author    = {Makransky, Guido and Wismer, Philip and Mayer, Richard E.},
  title     = {A gender matching effect in learning with pedagogical agents in an immersive virtual reality science simulation},
  journal   = {Journal of Computer Assisted Learning},
  year      = {2018},
  month     = nov,
  publisher = {Wiley Online Library},
  doi       = {10.1111/jcal.12335},
  url       = {https://doi.org/10.1111/jcal.12335},
}

@article{Veletsianos2012,
  author    = {Veletsianos, George},
  title     = {How do learners respond to pedagogical agents that deliver social-oriented non-task messages? Impact on student learning, perceptions, and experiences},
  journal   = {Computers in Human Behavior},
  volume    = {28},
  number    = {1},
  pages     = {275--283},
  year      = {2012},
  doi       = {10.1016/j.chb.2011.09.010},
  url       = {https://doi.org/10.1016/j.chb.2011.09.010},
}

@article{Roscoe2013,
  author    = {Roscoe, Rod D. and McNamara, Danielle S.},
  title     = {Writing pal: Feasibility of an intelligent writing strategy tutor in the high school classroom},
  journal   = {Journal of Educational Psychology},
  volume    = {105},
  number    = {4},
  pages     = {1010--1025},
  year      = {2013},
  doi       = {10.1037/a0032340},
  url       = {https://doi.org/10.1037/a0032340},
}

@article{Li2019,
  author    = {Li, W. and Wang, F. and Mayer, R. E. and Liu, H.},
  title     = {Getting the point: Which kinds of gestures by pedagogical agents improve multimedia learning?},
  journal   = {Journal of Educational Psychology},
  volume    = {111},
  number    = {8},
  pages     = {1382--1395},
  year      = {2019},
  doi       = {10.1037/edu0000352},
  url       = {https://doi.org/10.1037/edu0000352},
}
