@article{acharya2020rodeo,
  title={Rodeo: Replay for online object detection},
  author={Acharya, Manoj and Hayes, Tyler L and Kanan, Christopher},
  journal={arXiv preprint arXiv:2008.06439},
  year={2020}
}

@inproceedings{adamnscl,
  title={Training networks in null space of feature covariance for continual learning},
  author={Wang, Shipeng and Li, Xiaorong and Sun, Jian and Xu, Zongben},
  booktitle={Proceedings of the IEEE/CVF conference on Computer Vision and Pattern Recognition},
  pages={184--193},
  year={2021}
}

@inproceedings{cermelli2022modeling,
  title={Modeling missing annotations for incremental learning in object detection},
  author={Cermelli, Fabio and Geraci, Antonino and Fontanel, Dario and Caputo, Barbara},
  booktitle={Proceedings of the IEEE/CVF Conference on Computer Vision and Pattern Recognition},
  pages={3700--3710},
  year={2022}
}

@inproceedings{cldetr,
  title={Continual detection transformer for incremental object detection},
  author={Liu, Yaoyao and Schiele, Bernt and Vedaldi, Andrea and Rupprecht, Christian},
  booktitle={Proceedings of the IEEE/CVF Conference on Computer Vision and Pattern Recognition},
  pages={23799--23808},
  year={2023}
}

@inproceedings{clip,
  title={Learning transferable visual models from natural language supervision},
  author={Radford, Alec and Kim, Jong Wook and Hallacy, Chris and Ramesh, Aditya and Goh, Gabriel and Agarwal, Sandhini and Sastry, Girish and Askell, Amanda and Mishkin, Pamela and Clark, Jack and others},
  booktitle={International conference on machine learning},
  pages={8748--8763},
  year={2021},
  organization={PMLR}
}

@article{coop,
  title={Learning to prompt for vision-language models},
  author={Zhou, Kaiyang and Yang, Jingkang and Loy, Chen Change and Liu, Ziwei},
  journal={International Journal of Computer Vision},
  volume={130},
  number={9},
  pages={2337--2348},
  year={2022},
  publisher={Springer}
}

@article{der,
  title={Dark experience for general continual learning: a strong, simple baseline},
  author={Buzzega, Pietro and Boschini, Matteo and Porrello, Angelo and Abati, Davide and Calderara, Simone},
  journal={Advances in neural information processing systems},
  volume={33},
  pages={15920--15930},
  year={2020}
}

@article{dpt,
  title={Dual modality prompt tuning for vision-language pre-trained model},
  author={Xing, Yinghui and Wu, Qirui and Cheng, De and Zhang, Shizhou and Liang, Guoqiang and Wang, Peng and Zhang, Yanning},
  journal={IEEE Transactions on Multimedia},
  year={2023},
  publisher={IEEE}
}

@article{ewc,
  title={Overcoming catastrophic forgetting in neural networks},
  author={Kirkpatrick, James and Pascanu, Razvan and Rabinowitz, Neil and Veness, Joel and Desjardins, Guillaume and Rusu, Andrei A and Milan, Kieran and Quan, John and Ramalho, Tiago and Grabska-Barwinska, Agnieszka and others},
  journal={Proceedings of the national academy of sciences},
  volume={114},
  number={13},
  pages={3521--3526},
  year={2017},
  publisher={National Acad Sciences}
}

@article{gem,
  title={Gradient episodic memory for continual learning},
  author={Lopez-Paz, David and Ranzato, Marc'Aurelio},
  journal={Advances in neural information processing systems},
  volume={30},
  year={2017}
}

@inproceedings{geodl,
  title={On learning the geodesic path for incremental learning},
  author={Simon, Christian and Koniusz, Piotr and Harandi, Mehrtash},
  booktitle={Proceedings of the IEEE/CVF conference on Computer Vision and Pattern Recognition},
  pages={1591--1600},
  year={2021}
}

@article{kemker2017fearnet,
  title={Fearnet: Brain-inspired model for incremental learning},
  author={Kemker, Ronald and Kanan, Christopher},
  journal={arXiv preprint arXiv:1711.10563},
  year={2017}
}

@inproceedings{l2p,
  title={Learning to prompt for continual learning},
  author={Wang, Zifeng and Zhang, Zizhao and Lee, Chen-Yu and Zhang, Han and Sun, Ruoxi and Ren, Xiaoqi and Su, Guolong and Perot, Vincent and Dy, Jennifer and Pfister, Tomas},
  booktitle={Proceedings of the IEEE/CVF conference on computer vision and pattern recognition},
  pages={139--149},
  year={2022}
}

% article{lu2024visual,
%  title={Visual Prompt Tuning in Null Space for Continual Learning},
%  author={Lu, Yue and Zhang, Shizhou and Cheng, De and Xing, Yinghui and Wang, Nannan and Wang, Peng and Zhang, Yanning},
%  journal={arXiv preprint arXiv:2406.05658},
%  year={2024}
%}

@inproceedings{lifelonggan,
  title={Piggyback gan: Efficient lifelong learning for image conditioned generation},
  author={Zhai, Mengyao and Chen, Lei and He, Jiawei and Nawhal, Megha and Tung, Frederick and Mori, Greg},
  booktitle={Computer Vision--ECCV 2020: 16th European Conference, Glasgow, UK, August 23--28, 2020, Proceedings, Part XXI 16},
  pages={397--413},
  year={2020},
  organization={Springer}
}

@inproceedings{lu2024visual,
  title={Visual Prompt Tuning in Null Space for Continual Learning},
  author={Lu, Yue and Zhang, Shizhou and Cheng, De and Xing, Yinghui and Wang, Nannan and Wang, Peng and Zhang, Yanning},
  booktitle={Conference on Neural Information Processing Systems},
  year={2024}
}

@article{lwf,
  title={Learning without forgetting},
  author={Li, Zhizhong and Hoiem, Derek},
  journal={IEEE transactions on pattern analysis and machine intelligence},
  volume={40},
  number={12},
  pages={2935--2947},
  year={2017},
  publisher={IEEE}
}

@article{mo2024bridge,
  title={Bridge past and future: Overcoming information asymmetry in incremental object detection},
  author={Mo, Qijie and Gao, Yipeng and Fu, Shenghao and Yan, Junkai and Wu, Ancong and Zheng, Wei-Shi},
  journal={arXiv preprint arXiv:2407.11499},
  year={2024}
}

@article{olora,
  title={Orthogonal subspace learning for language model continual learning},
  author={Wang, Xiao and Chen, Tianze and Ge, Qiming and Xia, Han and Bao, Rong and Zheng, Rui and Zhang, Qi and Gui, Tao and Huang, Xuanjing},
  journal={arXiv preprint arXiv:2310.14152},
  year={2023}
}

@inproceedings{pass,
  title={Prototype augmentation and self-supervision for incremental learning},
  author={Zhu, Fei and Zhang, Xu-Yao and Wang, Chuang and Yin, Fei and Liu, Cheng-Lin},
  booktitle={Proceedings of the IEEE/CVF Conference on Computer Vision and Pattern Recognition},
  pages={5871--5880},
  year={2021}
}

@article{pathnet,
  title={Pathnet: Evolution channels gradient descent in super neural networks},
  author={Fernando, Chrisantha and Banarse, Dylan and Blundell, Charles and Zwols, Yori and Ha, David and Rusu, Andrei A and Pritzel, Alexander and Wierstra, Daan},
  journal={arXiv preprint arXiv:1701.08734},
  year={2017}
}

@article{rusu2016progressive,
  title={Progressive neural networks},
  author={Rusu, Andrei A and Rabinowitz, Neil C and Desjardins, Guillaume and Soyer, Hubert and Kirkpatrick, James and Kavukcuoglu, Koray and Pascanu, Razvan and Hadsell, Raia},
  journal={arXiv preprint arXiv:1606.04671},
  year={2016}
}

@inproceedings{slca,
  title={Slca: Slow learner with classifier alignment for continual learning on a pre-trained model},
  author={Zhang, Gengwei and Wang, Liyuan and Kang, Guoliang and Chen, Ling and Wei, Yunchao},
  booktitle={Proceedings of the IEEE/CVF International Conference on Computer Vision},
  pages={19148--19158},
  year={2023}
}

@inproceedings{vpt,
  title={Visual prompt tuning},
  author={Jia, Menglin and Tang, Luming and Chen, Bor-Chun and Cardie, Claire and Belongie, Serge and Hariharan, Bharath and Lim, Ser-Nam},
  booktitle={European Conference on Computer Vision},
  pages={709--727},
  year={2022},
  organization={Springer}
}

@article{yono,
  title={Condensed Prototype Replay for Class Incremental Learning},
  author={Kong, Jiangtao and Zong, Zhenyu and Zhou, Tianyi and Shao, Huajie},
  journal={arXiv preprint arXiv:2305.16143},
  year={2023}
}

@article{yuyang2023augmented,
  title={Augmented box replay: Overcoming foreground shift for incremental object detection},
  author={Yuyang, Liu and Yang, Cong and Dipam, Goswami and Xialei, Liu and van de Weijer, Joost},
  journal={arXiv preprint arXiv:2307.12427},
  year={2023}
}

