@inproceedings{wang2024instancediffusion,
  title={Instancediffusion: Instance-level control for image generation},
  author={Wang, Xudong and Darrell, Trevor and Rambhatla, Sai Saketh and Girdhar, Rohit and Misra, Ishan},
  booktitle={Proceedings of the IEEE/CVF Conference on Computer Vision and Pattern Recognition},
  pages={6232--6242},
  year={2024}
}

@inproceedings{clip,
  title={Learning transferable visual models from natural language supervision},
  author={Radford, Alec and Kim, Jong Wook and Hallacy, Chris and Ramesh, Aditya and Goh, Gabriel and Agarwal, Sandhini and Sastry, Girish and Askell, Amanda and Mishkin, Pamela and Clark, Jack and others},
  booktitle={International conference on machine learning},
  pages={8748--8763},
  year={2021},
  organization={PMLR}
}

@inproceedings{stablediffusion,
  title={High-resolution image synthesis with latent diffusion models},
  author={Rombach, Robin and Blattmann, Andreas and Lorenz, Dominik and Esser, Patrick and Ommer, Bj{\"o}rn},
  booktitle={Proceedings of the IEEE/CVF conference on computer vision and pattern recognition},
  pages={10684--10695},
  year={2022}
}


% CL检测相关 ==============================================

@inproceedings{kim2024sddgr,
  title={Sddgr: Stable diffusion-based deep generative replay for class incremental object detection},
  author={Kim, Junsu and Cho, Hoseong and Kim, Jihyeon and Tiruneh, Yihalem Yimolal and Baek, Seungryul},
  booktitle={Proceedings of the IEEE/CVF Conference on Computer Vision and Pattern Recognition},
  pages={28772--28781},
  year={2024}
}

@article{mo2024bridge,
  title={Bridge past and future: Overcoming information asymmetry in incremental object detection},
  author={Mo, Qijie and Gao, Yipeng and Fu, Shenghao and Yan, Junkai and Wu, Ancong and Zheng, Wei-Shi},
  journal={arXiv preprint arXiv:2407.11499},
  year={2024}
}

@article{yuyang2023augmented,
  title={Augmented box replay: Overcoming foreground shift for incremental object detection},
  author={Yuyang, Liu and Yang, Cong and Dipam, Goswami and Xialei, Liu and van de Weijer, Joost},
  journal={arXiv preprint arXiv:2307.12427},
  year={2023}
}

@inproceedings{cermelli2022modeling,
  title={Modeling missing annotations for incremental learning in object detection},
  author={Cermelli, Fabio and Geraci, Antonino and Fontanel, Dario and Caputo, Barbara},
  booktitle={Proceedings of the IEEE/CVF Conference on Computer Vision and Pattern Recognition},
  pages={3700--3710},
  year={2022}
}

@article{ilodmeta,
  title={Incremental object detection via meta-learning},
  author={Joseph, KJ and Rajasegaran, Jathushan and Khan, Salman and Khan, Fahad Shahbaz and Balasubramanian, Vineeth N},
  journal={IEEE Transactions on Pattern Analysis and Machine Intelligence},
  volume={44},
  number={12},
  pages={9209--9216},
  year={2021},
  publisher={IEEE}
}

@article{zhou2020lifelong,
  title={Lifelong object detection},
  author={Zhou, Wang and Chang, Shiyu and Sosa, Norma and Hamann, Hendrik and Cox, David},
  journal={arXiv preprint arXiv:2009.01129},
  year={2020}
}

@article{acharya2020rodeo,
  title={Rodeo: Replay for online object detection},
  author={Acharya, Manoj and Hayes, Tyler L and Kanan, Christopher},
  journal={arXiv preprint arXiv:2008.06439},
  year={2020}
}


% CL分类相关 ===========================================================

@article{lwf,
  title={Learning without forgetting},
  author={Li, Zhizhong and Hoiem, Derek},
  journal={IEEE transactions on pattern analysis and machine intelligence},
  volume={40},
  number={12},
  pages={2935--2947},
  year={2017},
  publisher={IEEE}
}

@inproceedings{geodl,
  title={On learning the geodesic path for incremental learning},
  author={Simon, Christian and Koniusz, Piotr and Harandi, Mehrtash},
  booktitle={Proceedings of the IEEE/CVF conference on Computer Vision and Pattern Recognition},
  pages={1591--1600},
  year={2021}
}

@article{ewc,
  title={Overcoming catastrophic forgetting in neural networks},
  author={Kirkpatrick, James and Pascanu, Razvan and Rabinowitz, Neil and Veness, Joel and Desjardins, Guillaume and Rusu, Andrei A and Milan, Kieran and Quan, John and Ramalho, Tiago and Grabska-Barwinska, Agnieszka and others},
  journal={Proceedings of the national academy of sciences},
  volume={114},
  number={13},
  pages={3521--3526},
  year={2017},
  publisher={National Acad Sciences}
}

@article{gem,
  title={Gradient episodic memory for continual learning},
  author={Lopez-Paz, David and Ranzato, Marc'Aurelio},
  journal={Advances in neural information processing systems},
  volume={30},
  year={2017}
}

@inproceedings{adamnscl,
  title={Training networks in null space of feature covariance for continual learning},
  author={Wang, Shipeng and Li, Xiaorong and Sun, Jian and Xu, Zongben},
  booktitle={Proceedings of the IEEE/CVF conference on Computer Vision and Pattern Recognition},
  pages={184--193},
  year={2021}
}

@inproceedings{expertgate,
  title={Expert gate: Lifelong learning with a network of experts},
  author={Aljundi, Rahaf and Chakravarty, Punarjay and Tuytelaars, Tinne},
  booktitle={Proceedings of the IEEE conference on computer vision and pattern recognition},
  pages={3366--3375},
  year={2017}
}

@article{rusu2016progressive,
  title={Progressive neural networks},
  author={Rusu, Andrei A and Rabinowitz, Neil C and Desjardins, Guillaume and Soyer, Hubert and Kirkpatrick, James and Kavukcuoglu, Koray and Pascanu, Razvan and Hadsell, Raia},
  journal={arXiv preprint arXiv:1606.04671},
  year={2016}
}

@article{pathnet,
  title={Pathnet: Evolution channels gradient descent in super neural networks},
  author={Fernando, Chrisantha and Banarse, Dylan and Blundell, Charles and Zwols, Yori and Ha, David and Rusu, Andrei A and Pritzel, Alexander and Wierstra, Daan},
  journal={arXiv preprint arXiv:1701.08734},
  year={2017}
}

@article{der,
  title={Dark experience for general continual learning: a strong, simple baseline},
  author={Buzzega, Pietro and Boschini, Matteo and Porrello, Angelo and Abati, Davide and Calderara, Simone},
  journal={Advances in neural information processing systems},
  volume={33},
  pages={15920--15930},
  year={2020}
}

@inproceedings{l2p,
  title={Learning to prompt for continual learning},
  author={Wang, Zifeng and Zhang, Zizhao and Lee, Chen-Yu and Zhang, Han and Sun, Ruoxi and Ren, Xiaoqi and Su, Guolong and Perot, Vincent and Dy, Jennifer and Pfister, Tomas},
  booktitle={Proceedings of the IEEE/CVF conference on computer vision and pattern recognition},
  pages={139--149},
  year={2022}
}

% article{lu2024visual,
%  title={Visual Prompt Tuning in Null Space for Continual Learning},
%  author={Lu, Yue and Zhang, Shizhou and Cheng, De and Xing, Yinghui and Wang, Nannan and Wang, Peng and Zhang, Yanning},
%  journal={arXiv preprint arXiv:2406.05658},
%  year={2024}
%}

@inproceedings{lu2024visual,
  title={Visual Prompt Tuning in Null Space for Continual Learning},
  author={Lu, Yue and Zhang, Shizhou and Cheng, De and Xing, Yinghui and Wang, Nannan and Wang, Peng and Zhang, Yanning},
  booktitle={Conference on Neural Information Processing Systems},
  year={2024}
}

@article{olora,
  title={Orthogonal subspace learning for language model continual learning},
  author={Wang, Xiao and Chen, Tianze and Ge, Qiming and Xia, Han and Bao, Rong and Zheng, Rui and Zhang, Qi and Gui, Tao and Huang, Xuanjing},
  journal={arXiv preprint arXiv:2310.14152},
  year={2023}
}

@article{fasterrcnn,
  title={Faster R-CNN: Towards real-time object detection with region proposal networks},
  author={Ren, Shaoqing and He, Kaiming and Girshick, Ross and Sun, Jian},
  journal={IEEE transactions on pattern analysis and machine intelligence},
  volume={39},
  number={6},
  pages={1137--1149},
  year={2016},
  publisher={IEEE}
}

@article{clseg1,
  title={Learning At a Glance: Towards Interpretable Data-Limited Continual Semantic Segmentation Via Semantic-Invariance Modelling},
  author={Yuan, Bo and Zhao, Danpei and Shi, Zhenwei},
  journal={IEEE Transactions on Pattern Analysis and Machine Intelligence},
  year={2024},
  publisher={IEEE}
}

@inproceedings{clseg2,
  title={TIKP: Text-to-Image Knowledge Preservation for Continual Semantic Segmentation},
  author={Yu, Zhidong and Yang, Wei and Xie, Xike and Shi, Zhenbo},
  booktitle={Proceedings of the AAAI Conference on Artificial Intelligence},
  volume={38},
  number={15},
  pages={16596--16604},
  year={2024}
}

@inproceedings{clseg3,
  title={ECLIPSE: Efficient Continual Learning in Panoptic Segmentation with Visual Prompt Tuning},
  author={Kim, Beomyoung and Yu, Joonsang and Hwang, Sung Ju},
  booktitle={Proceedings of the IEEE/CVF Conference on Computer Vision and Pattern Recognition},
  pages={3346--3356},
  year={2024}
}

@inproceedings{cldetr,
  title={Continual detection transformer for incremental object detection},
  author={Liu, Yaoyao and Schiele, Bernt and Vedaldi, Andrea and Rupprecht, Christian},
  booktitle={Proceedings of the IEEE/CVF Conference on Computer Vision and Pattern Recognition},
  pages={23799--23808},
  year={2023}
}

@inproceedings{pass,
  title={Prototype augmentation and self-supervision for incremental learning},
  author={Zhu, Fei and Zhang, Xu-Yao and Wang, Chuang and Yin, Fei and Liu, Cheng-Lin},
  booktitle={Proceedings of the IEEE/CVF Conference on Computer Vision and Pattern Recognition},
  pages={5871--5880},
  year={2021}
}

@article{yono,
  title={Condensed Prototype Replay for Class Incremental Learning},
  author={Kong, Jiangtao and Zong, Zhenyu and Zhou, Tianyi and Shao, Huajie},
  journal={arXiv preprint arXiv:2305.16143},
  year={2023}
}

@article{kemker2017fearnet,
  title={Fearnet: Brain-inspired model for incremental learning},
  author={Kemker, Ronald and Kanan, Christopher},
  journal={arXiv preprint arXiv:1711.10563},
  year={2017}
}

@inproceedings{ore,
  title={Towards open world object detection},
  author={Joseph, KJ and Khan, Salman and Khan, Fahad Shahbaz and Balasubramanian, Vineeth N},
  booktitle={Proceedings of the IEEE/CVF conference on computer vision and pattern recognition},
  pages={5830--5840},
  year={2021}
}


@inproceedings{owdetr,
  title={Ow-detr: Open-world detection transformer},
  author={Gupta, Akshita and Narayan, Sanath and Joseph, KJ and Khan, Salman and Khan, Fahad Shahbaz and Shah, Mubarak},
  booktitle={Proceedings of the IEEE/CVF conference on computer vision and pattern recognition},
  pages={9235--9244},
  year={2022}
}

@article{ppas,
  title={Lifelong object detection},
  author={Zhou, Wang and Chang, Shiyu and Sosa, Norma and Hamann, Hendrik and Cox, David},
  journal={arXiv preprint arXiv:2009.01129},
  year={2020}
}

@article{mvc,
  title={Multi-view correlation distillation for incremental object detection},
  author={Yang, Dongbao and Zhou, Yu and Zhang, Aoting and Sun, Xurui and Wu, Dayan and Wang, Weiping and Ye, Qixiang},
  journal={Pattern Recognition},
  volume={131},
  pages={108863},
  year={2022},
  publisher={Elsevier}
}

@inproceedings{prob,
  title={Prob: Probabilistic objectness for open world object detection},
  author={Zohar, Orr and Wang, Kuan-Chieh and Yeung, Serena},
  booktitle={Proceedings of the IEEE/CVF Conference on Computer Vision and Pattern Recognition},
  pages={11444--11453},
  year={2023}
}

@inproceedings{pseudorm,
  title={Pseudo Object Replay and Mining for Incremental Object Detection},
  author={Yang, Dongbao and Zhou, Yu and Hong, Xiaopeng and Zhang, Aoting and Wei, Xin and Zeng, Linchengxi and Qiao, Zhi and Wang, Weipinng},
  booktitle={Proceedings of the 31st ACM International Conference on Multimedia},
  pages={153--162},
  year={2023}
}

@inproceedings{clsinterference1,
  title={Isolation and impartial aggregation: A paradigm of incremental learning without interference},
  author={Wang, Yabin and Ma, Zhiheng and Huang, Zhiwu and Wang, Yaowei and Su, Zhou and Hong, Xiaopeng},
  booktitle={Proceedings of the AAAI Conference on Artificial Intelligence},
  volume={37},
  number={8},
  pages={10209--10217},
  year={2023}
}

@article{clsinterference2,
  title={OVOR: OnePrompt with Virtual Outlier Regularization for Rehearsal-Free Class-Incremental Learning},
  author={Huang, Wei-Cheng and Chen, Chun-Fu and Hsu, Hsiang},
  journal={arXiv preprint arXiv:2402.04129},
  year={2024}
}

@inproceedings{slca,
  title={Slca: Slow learner with classifier alignment for continual learning on a pre-trained model},
  author={Zhang, Gengwei and Wang, Liyuan and Kang, Guoliang and Chen, Ling and Wei, Yunchao},
  booktitle={Proceedings of the IEEE/CVF International Conference on Computer Vision},
  pages={19148--19158},
  year={2023}
}

@inproceedings{lifelonggan,
  title={Piggyback gan: Efficient lifelong learning for image conditioned generation},
  author={Zhai, Mengyao and Chen, Lei and He, Jiawei and Nawhal, Megha and Tung, Frederick and Mori, Greg},
  booktitle={Computer Vision--ECCV 2020: 16th European Conference, Glasgow, UK, August 23--28, 2020, Proceedings, Part XXI 16},
  pages={397--413},
  year={2020},
  organization={Springer}
}

@inproceedings{sdc,
  title={Semantic drift compensation for class-incremental learning},
  author={Yu, Lu and Twardowski, Bartlomiej and Liu, Xialei and Herranz, Luis and Wang, Kai and Cheng, Yongmei and Jui, Shangling and Weijer, Joost van de},
  booktitle={Proceedings of the IEEE/CVF conference on computer vision and pattern recognition},
  pages={6982--6991},
  year={2020}
}


@inproceedings{resnet,
  title={Deep residual learning for image recognition},
  author={He, Kaiming and Zhang, Xiangyu and Ren, Shaoqing and Sun, Jian},
  booktitle={Proceedings of the IEEE conference on computer vision and pattern recognition},
  pages={770--778},
  year={2016}
}

@article{imagenet,
  title={Imagenet large scale visual recognition challenge},
  author={Russakovsky, Olga and Deng, Jia and Su, Hao and Krause, Jonathan and Satheesh, Sanjeev and Ma, Sean and Huang, Zhiheng and Karpathy, Andrej and Khosla, Aditya and Bernstein, Michael and others},
  journal={International journal of computer vision},
  volume={115},
  pages={211--252},
  year={2015},
  publisher={Springer}
}

@article{voc,
  title={The pascal visual object classes (voc) challenge},
  author={Everingham, Mark and Van Gool, Luc and Williams, Christopher KI and Winn, John and Zisserman, Andrew},
  journal={International journal of computer vision},
  volume={88},
  pages={303--338},
  year={2010},
  publisher={Springer}
}

@inproceedings{coco,
  title={Microsoft coco: Common objects in context},
  author={Lin, Tsung-Yi and Maire, Michael and Belongie, Serge and Hays, James and Perona, Pietro and Ramanan, Deva and Doll{\'a}r, Piotr and Zitnick, C Lawrence},
  booktitle={Computer Vision--ECCV 2014: 13th European Conference, Zurich, Switzerland, September 6-12, 2014, Proceedings, Part V 13},
  pages={740--755},
  year={2014},
  organization={Springer}
}

@inproceedings{detr,
  title={End-to-end object detection with transformers},
  author={Carion, Nicolas and Massa, Francisco and Synnaeve, Gabriel and Usunier, Nicolas and Kirillov, Alexander and Zagoruyko, Sergey},
  booktitle={European conference on computer vision},
  pages={213--229},
  year={2020},
  organization={Springer}
}

@article{gfl,
  title={Generalized focal loss: Learning qualified and distributed bounding boxes for dense object detection},
  author={Li, Xiang and Wang, Wenhai and Wu, Lijun and Chen, Shuo and Hu, Xiaolin and Li, Jun and Tang, Jinhui and Yang, Jian},
  journal={Advances in Neural Information Processing Systems},
  volume={33},
  pages={21002--21012},
  year={2020}
}

@article{sota1,
  title={Dino: Detr with improved denoising anchor boxes for end-to-end object detection},
  author={Zhang, Hao and Li, Feng and Liu, Shilong and Zhang, Lei and Su, Hang and Zhu, Jun and Ni, Lionel M and Shum, Heung-Yeung},
  journal={arXiv preprint arXiv:2203.03605},
  year={2022}
}

@article{sota2,
  title={Yolov11: An overview of the key architectural enhancements},
  author={Khanam, Rahima and Hussain, Muhammad},
  journal={arXiv preprint arXiv:2410.17725},
  year={2024}
}
@inproceedings{sota3,
  title={DynaMask: dynamic mask selection for instance segmentation},
  author={Li, Ruihuang and He, Chenhang and Li, Shuai and Zhang, Yabin and Zhang, Lei},
  booktitle={Proceedings of the IEEE/CVF conference on computer vision and pattern recognition},
  pages={11279--11288},
  year={2023}
}


@article{coop,
  title={Learning to prompt for vision-language models},
  author={Zhou, Kaiyang and Yang, Jingkang and Loy, Chen Change and Liu, Ziwei},
  journal={International Journal of Computer Vision},
  volume={130},
  number={9},
  pages={2337--2348},
  year={2022},
  publisher={Springer}
}
@inproceedings{vpt,
  title={Visual prompt tuning},
  author={Jia, Menglin and Tang, Luming and Chen, Bor-Chun and Cardie, Claire and Belongie, Serge and Hariharan, Bharath and Lim, Ser-Nam},
  booktitle={European Conference on Computer Vision},
  pages={709--727},
  year={2022},
  organization={Springer}
}

@article{dpt,
  title={Dual modality prompt tuning for vision-language pre-trained model},
  author={Xing, Yinghui and Wu, Qirui and Cheng, De and Zhang, Shizhou and Liang, Guoqiang and Wang, Peng and Zhang, Yanning},
  journal={IEEE Transactions on Multimedia},
  year={2023},
  publisher={IEEE}
}

@inproceedings{driftcomp,
  title={Exemplar-free continual representation learning via learnable drift compensation},
  author={Gomez-Villa, Alex and Goswami, Dipam and Wang, Kai and Bagdanov, Andrew D and Twardowski, Bartlomiej and van de Weijer, Joost},
  booktitle={European Conference on Computer Vision},
  pages={473--490},
  year={2025},
  organization={Springer}
}
