@article{GauntBKT16,
  author       = {Alexander L. Gaunt and
                  Marc Brockschmidt and
                  Nate Kushman and
                  Daniel Tarlow},
  title        = {Lifelong Perceptual Programming By Example},
  journal      = {CoRR},
  volume       = {abs/1611.02109},
  year         = {2016},
  url          = {http://arxiv.org/abs/1611.02109},
  eprinttype    = {arXiv},
  eprint       = {1611.02109},
  timestamp    = {Mon, 13 Aug 2018 16:47:18 +0200},
  biburl       = {https://dblp.org/rec/journals/corr/GauntBKT16.bib},
  bibsource    = {dblp computer science bibliography, https://dblp.org}
}

@article{GravesWD14,
  author       = {Alex Graves and
                  Greg Wayne and
                  Ivo Danihelka},
  title        = {Neural Turing Machines},
  journal      = {CoRR},
  volume       = {abs/1410.5401},
  year         = {2014},
  url          = {http://arxiv.org/abs/1410.5401},
  eprinttype    = {arXiv},
  eprint       = {1410.5401},
  timestamp    = {Mon, 13 Aug 2018 16:46:28 +0200},
  biburl       = {https://dblp.org/rec/journals/corr/GravesWD14.bib},
  bibsource    = {dblp computer science bibliography, https://dblp.org}
}

@misc{bieber2022staticpredictionruntimeerrors,
      title={Static Prediction of Runtime Errors by Learning to Execute Programs with External Resource Descriptions}, 
      author={David Bieber and Rishab Goel and Daniel Zheng and Hugo Larochelle and Daniel Tarlow},
      year={2022},
      eprint={2203.03771},
      archivePrefix={arXiv},
      primaryClass={cs.LG},
      url={https://arxiv.org/abs/2203.03771}, 
}

@misc{ding2024semcodertrainingcodelanguage,
      title={SemCoder: Training Code Language Models with Comprehensive Semantics}, 
      author={Yangruibo Ding and Jinjun Peng and Marcus J. Min and Gail Kaiser and Junfeng Yang and Baishakhi Ray},
      year={2024},
      eprint={2406.01006},
      archivePrefix={arXiv},
      primaryClass={cs.CL},
      url={https://arxiv.org/abs/2406.01006}, 
}

@misc{dong2024selfplayexecutionfeedbackimproving,
      title={Self-play with Execution Feedback: Improving Instruction-following Capabilities of Large Language Models}, 
      author={Guanting Dong and Keming Lu and Chengpeng Li and Tingyu Xia and Bowen Yu and Chang Zhou and Jingren Zhou},
      year={2024},
      eprint={2406.13542},
      archivePrefix={arXiv},
      primaryClass={cs.CL},
      url={https://arxiv.org/abs/2406.13542}, 
}

@misc{gehring2024rlefgroundingcodellms,
      title={RLEF: Grounding Code LLMs in Execution Feedback with Reinforcement Learning}, 
      author={Jonas Gehring and Kunhao Zheng and Jade Copet and Vegard Mella and Taco Cohen and Gabriel Synnaeve},
      year={2024},
      eprint={2410.02089},
      archivePrefix={arXiv},
      primaryClass={cs.CL},
      url={https://arxiv.org/abs/2410.02089}, 
}

@article{gu2024cruxeval,
  title={CRUXEval: A Benchmark for Code Reasoning, Understanding and Execution}, 
  author={Alex Gu and Baptiste Rozi√®re and Hugh Leather and Armando Solar-Lezama and Gabriel Synnaeve and Sida I. Wang},
  year={2024},
  journal = {arXiv preprint arXiv:2401.03065},
}

@article{learning_to_execute2014,
  author       = {Wojciech Zaremba and
                  Ilya Sutskever},
  title        = {Learning to Execute},
  journal      = {CoRR},
  volume       = {abs/1410.4615},
  year         = {2014},
  url          = {http://arxiv.org/abs/1410.4615},
  eprinttype    = {arXiv},
  eprint       = {1410.4615},
  timestamp    = {Mon, 13 Aug 2018 16:47:17 +0200},
  biburl       = {https://dblp.org/rec/journals/corr/ZarembaS14.bib},
  bibsource    = {dblp computer science bibliography, https://dblp.org}
}

@article{learning_to_execute2020,
  author       = {David Bieber and
                  Charles Sutton and
                  Hugo Larochelle and
                  Daniel Tarlow},
  title        = {Learning to Execute Programs with Instruction Pointer Attention Graph
                  Neural Networks},
  journal      = {CoRR},
  volume       = {abs/2010.12621},
  year         = {2020},
  url          = {https://arxiv.org/abs/2010.12621},
  eprinttype    = {arXiv},
  eprint       = {2010.12621},
  timestamp    = {Mon, 02 Nov 2020 18:17:09 +0100},
  biburl       = {https://dblp.org/rec/journals/corr/abs-2010-12621.bib},
  bibsource    = {dblp computer science bibliography, https://dblp.org}
}

@misc{ni2024nextteachinglargelanguage,
      title={NExT: Teaching Large Language Models to Reason about Code Execution}, 
      author={Ansong Ni and Miltiadis Allamanis and Arman Cohan and Yinlin Deng and Kensen Shi and Charles Sutton and Pengcheng Yin},
      year={2024},
      eprint={2404.14662},
      archivePrefix={arXiv},
      primaryClass={cs.LG},
      url={https://arxiv.org/abs/2404.14662}, 
}

@article{scratchpad,
  author       = {Maxwell I. Nye and
                  Anders Johan Andreassen and
                  Guy Gur{-}Ari and
                  Henryk Michalewski and
                  Jacob Austin and
                  David Bieber and
                  David Dohan and
                  Aitor Lewkowycz and
                  Maarten Bosma and
                  David Luan and
                  Charles Sutton and
                  Augustus Odena},
  title        = {Show Your Work: Scratchpads for Intermediate Computation with Language
                  Models},
  journal      = {CoRR},
  volume       = {abs/2112.00114},
  year         = {2021},
  url          = {https://arxiv.org/abs/2112.00114},
  eprinttype    = {arXiv},
  eprint       = {2112.00114},
  timestamp    = {Fri, 29 Apr 2022 17:42:58 +0200},
  biburl       = {https://dblp.org/rec/journals/corr/abs-2112-00114.bib},
  bibsource    = {dblp computer science bibliography, https://dblp.org}
}

