@inproceedings{Bartlett2001RademacherAG,
  title={Rademacher and Gaussian Complexities: Risk Bounds and Structural Results},
  author={Peter L. Bartlett and Shahar Mendelson},
  booktitle={J. Mach. Learn. Res.},
  year={2001}
}

@article{Harvey2017NearlytightVB,
  title={Nearly-tight VC-dimension bounds for piecewise linear neural networks},
  author={Nick Harvey and Christopher Liaw and Abbas Mehrabian},
  journal={ArXiv},
  year={2017},
  volume={abs/1703.02930}
}

@article{Neyshabur2018APA,
  title={A PAC-Bayesian Approach to Spectrally-Normalized Margin Bounds for Neural Networks},
  author={Behnam Neyshabur and Srinadh Bhojanapalli and David A. McAllester and Nathan Srebro},
  journal={ArXiv},
  year={2018},
  volume={abs/1707.09564}
}

@article{ali2024hidden,
  title={The hidden attention of mamba models},
  author={Ali, Ameen and Zimerman, Itamar and Wolf, Lior},
  journal={arXiv preprint arXiv:2403.01590},
  year={2024}
}

@article{allen2019can,
  title={Can sgd learn recurrent neural networks with provable generalization?},
  author={Allen-Zhu, Zeyuan and Li, Yuanzhi},
  journal={Advances in Neural Information Processing Systems},
  volume={32},
  year={2019}
}

@article{bartlett2017spectrally,
  title={Spectrally-normalized margin bounds for neural networks},
  author={Bartlett, Peter L and Foster, Dylan J and Telgarsky, Matus J},
  journal={Advances in neural information processing systems},
  volume={30},
  year={2017}
}

@article{cao2019generalization,
  title={Generalization bounds of stochastic gradient descent for wide and deep neural networks},
  author={Cao, Yuan and Gu, Quanquan},
  journal={Advances in neural information processing systems},
  volume={32},
  year={2019}
}

@article{chen2019generalization,
  title={On generalization bounds of a family of recurrent neural networks},
  author={Chen, Minshuo and Li, Xingguo and Zhao, Tuo},
  journal={arXiv preprint arXiv:1910.12947},
  year={2019}
}

@article{cirone2024theoretical,
  title={Theoretical Foundations of Deep Selective State-Space Models},
  author={Cirone, Nicola Muca and Orvieto, Antonio and Walker, Benjamin and Salvi, Cristopher and Lyons, Terry},
  journal={arXiv preprint arXiv:2402.19047},
  year={2024}
}

@inproceedings{cohen2022implicit,
  title={On the implicit bias of gradient descent for temporal extrapolation},
  author={Cohen-Karlik, Edo and David, Avichai Ben and Cohen, Nadav and Globerson, Amir},
  booktitle={International Conference on Artificial Intelligence and Statistics},
  pages={10966--10981},
  year={2022},
  organization={PMLR}
}

@article{cohen2022learning,
  title={Learning Low Dimensional State Spaces with Overparameterized Recurrent Neural Nets},
  author={Cohen-Karlik, Edo and Menuhin-Gruman, Itamar and Giryes, Raja and Cohen, Nadav and Globerson, Amir},
  journal={arXiv preprint arXiv:2210.14064},
  year={2022}
}

@article{daniely2019generalization,
  title={Generalization bounds for neural networks via approximate description length},
  author={Daniely, Amit and Granot, Elad},
  journal={Advances in Neural Information Processing Systems},
  volume={32},
  year={2019}
}

@inproceedings{emami2021implicit,
  title={Implicit bias of linear rnns},
  author={Emami, Melikasadat and Sahraee-Ardakan, Mojtaba and Pandit, Parthe and Rangan, Sundeep and Fletcher, Alyson K},
  booktitle={International Conference on Machine Learning},
  pages={2982--2992},
  year={2021},
  organization={PMLR}
}

@inproceedings{golowich2018size,
  title={Size-independent sample complexity of neural networks},
  author={Golowich, Noah and Rakhlin, Alexander and Shamir, Ohad},
  booktitle={Conference On Learning Theory},
  pages={297--299},
  year={2018},
  organization={PMLR}
}

@article{hardt2018gradient,
  title={Gradient descent learns linear dynamical systems},
  author={Hardt, Moritz and Ma, Tengyu and Recht, Benjamin},
  journal={Journal of Machine Learning Research},
  volume={19},
  number={29},
  pages={1--44},
  year={2018}
}

@misc{https://doi.org/10.48550/arxiv.1806.05159,
  doi = {10.48550/ARXIV.1806.05159},
  
  url = {https://arxiv.org/abs/1806.05159},
  
  author = {Li, Xingguo and Lu, Junwei and Wang, Zhaoran and Haupt, Jarvis and Zhao, Tuo},
  
  keywords = {Machine Learning (cs.LG), Machine Learning (stat.ML), FOS: Computer and information sciences, FOS: Computer and information sciences},
  
  title = {On Tighter Generalization Bound for Deep Neural Networks: CNNs, ResNets, and Beyond},
  
  publisher = {arXiv},
  
  year = {2018},
  
  copyright = {arXiv.org perpetual, non-exclusive license}
}

@article{liu2024generalization,
  title={From generalization analysis to optimization designs for state space models},
  author={Liu, Fusheng and Li, Qianxiao},
  journal={arXiv preprint arXiv:2405.02670},
  year={2024}
}

@article{merrill2024illusion,
  title={The illusion of state in state-space models},
  author={Merrill, William and Petty, Jackson and Sabharwal, Ashish},
  journal={arXiv preprint arXiv:2404.08819},
  year={2024}
}

@inproceedings{neyshabur2015norm,
  title={Norm-based capacity control in neural networks},
  author={Neyshabur, Behnam and Tomioka, Ryota and Srebro, Nathan},
  booktitle={Conference on learning theory},
  pages={1376--1401},
  year={2015},
  organization={PMLR}
}

@article{sarrof2024expressive,
  title={The Expressive Capacity of State Space Models: A Formal Language Perspective},
  author={Sarrof, Yash and Veitsman, Yana and Hahn, Michael},
  journal={arXiv preprint arXiv:2405.17394},
  year={2024}
}

@inproceedings{tu2019understanding,
  title={Understanding generalization in recurrent neural networks},
  author={Tu, Zhuozhuo and He, Fengxiang and Tao, Dacheng},
  booktitle={International Conference on Learning Representations},
  year={2019}
}

@article{wang2024state,
  title={State-space models with layer-wise nonlinearity are universal approximators with exponential decaying memory},
  author={Wang, Shida and Xue, Beichen},
  journal={Advances in Neural Information Processing Systems},
  volume={36},
  year={2024}
}

@article{wei2019data,
  title={Data-dependent sample complexity of deep neural networks via lipschitz augmentation},
  author={Wei, Colin and Ma, Tengyu},
  journal={Advances in Neural Information Processing Systems},
  volume={32},
  year={2019}
}

@article{zimerman2023long,
  title={On the long range abilities of transformers},
  author={Zimerman, Itamar and Wolf, Lior},
  journal={arXiv preprint arXiv:2311.16620},
  year={2023}
}

