@INPROCEEDINGS{GeneticCNN,
  author={Xie, Lingxi and Yuille, Alan},
  booktitle={2017 IEEE International Conference on Computer Vision (ICCV)}, 
  title={Genetic CNN}, 
  year={2017},
  volume={},
  number={},
  pages={1388-1397},
  keywords={Genetic algorithms;Genetics;Visualization;Encoding;Training;Convolution},
  doi={10.1109/ICCV.2017.154}}

@article{NASsurvey,
  author  = {Thomas Elsken and Jan Hendrik Metzen and Frank Hutter},
  title   = {Neural Architecture Search: A Survey},
  journal = {Journal of Machine Learning Research},
  year    = {2019},
  volume  = {20},
  number  = {55},
  pages   = {1--21},
  url     = {http://jmlr.org/papers/v20/18-598.html}
}

@inproceedings{liu2018hierarchical,
    title={Hierarchical Representations for Efficient Architecture Search},
    author={Hanxiao Liu and Karen Simonyan and Oriol Vinyals and Chrisantha Fernando and Koray Kavukcuoglu},
    booktitle={International Conference on Learning Representations},
    year={2018}
}

@misc{real2017largescaleevolution,
      title={Large-Scale Evolution of Image Classifiers}, 
      author={Esteban Real and Sherry Moore and Andrew Selle and Saurabh Saxena and Yutaka Leon Suematsu and Jie Tan and Quoc Le and Alex Kurakin},
      year={2017},
      eprint={1703.01041},
      archivePrefix={arXiv},
      primaryClass={cs.NE},
      url={https://arxiv.org/abs/1703.01041}, 
}

@misc{ren2021comprehensivesurveyneuralarchitecture,
      title={A Comprehensive Survey of Neural Architecture Search: Challenges and Solutions}, 
      author={Pengzhen Ren and Yun Xiao and Xiaojun Chang and Po-Yao Huang and Zhihui Li and Xiaojiang Chen and Xin Wang},
      year={2021},
      eprint={2006.02903},
      archivePrefix={arXiv},
      primaryClass={cs.LG},
      url={https://arxiv.org/abs/2006.02903}, 
}

