@article{agnes2024wavelet,
  title={Wavelet U-Net++ for accurate lung nodule segmentation in CT scans: Improving early detection and diagnosis of lung cancer},
  author={Agnes, S Akila and Solomon, A Arun and Karthick, K},
  journal={Biomedical Signal Processing and Control},
  volume={87},
  pages={105509},
  year={2024},
  publisher={Elsevier}
}

@article{alijamaat2021multiple,
  title={Multiple sclerosis lesion segmentation from brain MRI using U-Net based on wavelet pooling},
  author={Alijamaat, Ali and NikravanShalmani, Alireza and Bayat, Peyman},
  journal={International journal of computer assisted radiology and surgery},
  volume={16},
  number={9},
  pages={1459--1467},
  year={2021},
  publisher={Springer}
}

@article{azad2024medical,
  title={Medical image segmentation review: The success of u-net},
  author={Azad, Reza and Aghdam, Ehsan Khodapanah and Rauland, Amelie and Jia, Yiwei and Avval, Atlas Haddadi and Bozorgpour, Afshin and Karimijafarbigloo, Sanaz and Cohen, Joseph Paul and Adeli, Ehsan and Merhof, Dorit},
  journal={IEEE Transactions on Pattern Analysis and Machine Intelligence},
  year={2024},
  publisher={IEEE}
}

@inproceedings{cao2022swin,
  title={Swin-unet: Unet-like pure transformer for medical image segmentation},
  author={Cao, Hu and Wang, Yueyue and Chen, Joy and Jiang, Dongsheng and Zhang, Xiaopeng and Tian, Qi and Wang, Manning},
  booktitle={European conference on computer vision},
  pages={205--218},
  year={2022},
  organization={Springer}
}

@article{chen2021transunet,
  title={Transunet: Transformers make strong encoders for medical image segmentation},
  author={Chen, Jieneng and Lu, Yongyi and Yu, Qihang and Luo, Xiangde and Adeli, Ehsan and Wang, Yan and Lu, Le and Yuille, Alan L and Zhou, Yuyin},
  journal={arXiv preprint arXiv:2102.04306},
  year={2021}
}

@article{chen2023rrcnet,
  title={RRCNet: Refinement residual convolutional network for breast ultrasound images segmentation},
  author={Chen, Gongping and Dai, Yu and Zhang, Jianxun},
  journal={Engineering Applications of Artificial Intelligence},
  volume={117},
  pages={105601},
  year={2023},
  publisher={Elsevier}
}

@article{gu2021efficiently,
  title={Efficiently modeling long sequences with structured state spaces},
  author={Gu, Albert and Goel, Karan and R{\'e}, Christopher},
  journal={arXiv preprint arXiv:2111.00396},
  year={2021}
}

@article{gu2023mamba,
    title={Mamba: Linear-Time Sequence Modeling with Selective State Spaces},
    author={Gu, Albert and Dao, Tri},
    journal={arXiv preprint arXiv:2312.00752},
    year={2023}
}

@article{guo2022cardiac,
  title={Cardiac MRI segmentation with sparse annotations: ensembling deep learning uncertainty and shape priors},
  author={Guo, Fumin and Ng, Matthew and Kuling, Grey and Wright, Graham},
  journal={Medical Image Analysis},
  volume={81},
  pages={102532},
  year={2022},
  publisher={Elsevier}
}

@inproceedings{gupta2022learning,
  title={Learning topological interactions for multi-class medical image segmentation},
  author={Gupta, Saumya and Hu, Xiaoling and Kaan, James and Jin, Michael and Mpoy, Mutshipay and Chung, Katherine and Singh, Gagandeep and Saltz, Mary and Kurc, Tahsin and Saltz, Joel and others},
  booktitle={European Conference on Computer Vision},
  pages={701--718},
  year={2022},
  organization={Springer}
}

@article{liang2024rskd,
  title={RSKD: Enhanced medical image segmentation via multi-layer, rank-sensitive knowledge distillation in Vision Transformer models},
  author={Liang, Pengchen and Chen, Jianguo and Chang, Qing and Yao, Lei},
  journal={Knowledge-Based Systems},
  volume={293},
  pages={111664},
  year={2024},
  publisher={Elsevier}
}

@article{lin2024mm,
  title={MM-UNet: A novel cross-attention mechanism between modules and scales for brain tumor segmentation},
  author={Lin, Chih-Wei and Chen, Zhongsheng},
  journal={Engineering Applications of Artificial Intelligence},
  volume={133},
  pages={108591},
  year={2024},
  publisher={Elsevier}
}

@article{liu2024freqsnet,
  title={FreqSNet: a multiaxial integration of frequency and spatial domains for medical image segmentation},
  author={Liu, Shangwang and Lin, Yinghai and Liu, Danyang},
  journal={Physics in Medicine \& Biology},
  volume={69},
  number={14},
  pages={145011},
  year={2024},
  publisher={IOP Publishing}
}

@inproceedings{puunsupervised,
  title={Unsupervised Domain Adaptation for Anatomical Structure Detection in Ultrasound Images},
  author={Pu, Bin and Lv, Xingguo and Yang, Jiewen and Guannan, He and Dong, Xingbo and Lin, Yiqun and Shengli, Li and Ying, Tan and Fei, Liu and Chen, Ming and others},
  booktitle={Forty-first International Conference on Machine Learning}
}

@article{qamar2020variant,
  title={A variant form of 3D-UNet for infant brain segmentation},
  author={Qamar, Saqib and Jin, Hai and Zheng, Ran and Ahmad, Parvez and Usama, Mohd},
  journal={Future Generation Computer Systems},
  volume={108},
  pages={613--623},
  year={2020},
  publisher={Elsevier}
}

@article{qian2024adaptive,
  title={Adaptive wavelet-VNet for single-sample test time adaptation in medical image segmentation},
  author={Qian, Xiaoxue and Lu, Weiguo and Zhang, You},
  journal={Medical Physics},
  volume={51},
  number={12},
  pages={8865--8881},
  year={2024},
  publisher={Wiley Online Library}
}

@article{rayed2024deep,
  title={Deep learning for medical image segmentation: State-of-the-art advancements and challenges},
  author={Rayed, Md Eshmam and Islam, SM Sajibul and Niha, Sadia Islam and Jim, Jamin Rahman and Kabir, Md Mohsin and Mridha, MF},
  journal={Informatics in Medicine Unlocked},
  pages={101504},
  year={2024},
  publisher={Elsevier}
}

@inproceedings{ronneberger2015u,
  title={U-net: Convolutional networks for biomedical image segmentation},
  author={Ronneberger, Olaf and Fischer, Philipp and Brox, Thomas},
  booktitle={Medical image computing and computer-assisted intervention--MICCAI 2015: 18th international conference, Munich, Germany, October 5-9, 2015, proceedings, part III 18},
  pages={234--241},
  year={2015},
  organization={Springer}
}

@phdthesis{sadikine2024deep,
  title={Deep vascular segmentation with geometric and topological constraints},
  author={Sadikine, Mohamed Amine},
  year={2024},
  school={Universit{\'e} de Bretagne occidentale-Brest}
}

@inproceedings{santhirasekaram2023topology,
  title={Topology preserving compositionality for robust medical image segmentation},
  author={Santhirasekaram, Ainkaran and Winkler, Mathias and Rockall, Andrea and Glocker, Ben},
  booktitle={Proceedings of the IEEE/CVF Conference on Computer Vision and Pattern Recognition},
  pages={543--552},
  year={2023}
}

@article{shi2023nextou,
  title={Nextou: efficient topology-aware u-net for medical image segmentation},
  author={Shi, Pengcheng and Guo, Xutao and Yang, Yanwu and Ye, Chenfei and Ma, Ting},
  journal={arXiv preprint arXiv:2305.15911},
  year={2023}
}

@article{sun2021mwq,
  title={MWQ: Multiscale wavelet quantized neural networks},
  author={Sun, Qigong and Ren, Yan and Jiao, Licheng and Li, Xiufang and Shang, Fanhua and Liu, Fang},
  journal={arXiv preprint arXiv:2103.05363},
  year={2021}
}

@inproceedings{tan2024wavelet,
  title={Wavelet-based Mamba with Fourier Adjustment for Low-light Image Enhancement},
  author={Tan, Junhao and Pei, Songwen and Qin, Wei and Fu, Bo and Li, Ximing and Huang, Libo},
  booktitle={Proceedings of the Asian Conference on Computer Vision},
  pages={3449--3464},
  year={2024}
}

@article{wang2022medical,
  title={Medical image segmentation using deep learning: A survey},
  author={Wang, Risheng and Lei, Tao and Cui, Ruixia and Zhang, Bingtao and Meng, Hongying and Nandi, Asoke K},
  journal={IET image processing},
  volume={16},
  number={5},
  pages={1243--1267},
  year={2022},
  publisher={Wiley Online Library}
}

@article{yang2024novel,
  title={A novel CT image segmentation model},
  author={Yang, Jingdong and Wang, Han and Liu, Wei and Zheng, Xianyou and Zhang, Xiaolin and Yu, Shaoqing},
  journal={Engineering Applications of Artificial Intelligence},
  volume={135},
  pages={108816},
  year={2024},
  publisher={Elsevier}
}

@article{yang2024sffnet,
  title={SFFNet: A Wavelet-Based Spatial and Frequency Domain Fusion Network for Remote Sensing Segmentation},
  author={Yang, Yunsong and Yuan, Genji and Li, Jinjiang},
  journal={arXiv preprint arXiv:2405.01992},
  year={2024}
}

@inproceedings{zhang2021transfuse,
  title={Transfuse: Fusing transformers and cnns for medical image segmentation},
  author={Zhang, Yundong and Liu, Huiye and Hu, Qiang},
  booktitle={Medical image computing and computer assisted intervention--MICCAI 2021: 24th international conference, Strasbourg, France, September 27--October 1, 2021, proceedings, Part I 24},
  pages={14--24},
  year={2021},
  organization={Springer}
}

@article{zhang2022understanding,
  title={Understanding the Tricks of Deep Learning in Medical Image Segmentation: Challenges and Future Directions},
  author={Zhang, Dong and Lin, Yi and Chen, Hao and Tian, Zhuotao and Yang, Xin and Tang, Jinhui and Cheng, Kwang Ting},
  journal={arXiv preprint arXiv:2209.10307},
  year={2022}
}

@article{zhu2024vision,
  title={Vision mamba: Efficient visual representation learning with bidirectional state space model},
  author={Zhu, Lianghui and Liao, Bencheng and Zhang, Qian and Wang, Xinlong and Liu, Wenyu and Wang, Xinggang},
  journal={arXiv preprint arXiv:2401.09417},
  year={2024}
}

