@article{wong2021nasopharyngeal,
  title={Nasopharyngeal carcinoma: an evolving paradigm},
  author={Wong, Kenneth CW and Hui, Edwin P and Lo, Kwok-Wai and Lam, Wai Kei Jacky and Johnson, David and Li, Lili and Tao, Qian and Chan, Kwan Chee Allen and To, Ka-Fai and King, Ann D and others},
  journal={Nature reviews Clinical oncology},
  volume={18},
  number={11},
  pages={679--695},
  year={2021},
  publisher={Nature Publishing Group UK London}
}

@article{sung2021global,
  title={Global cancer statistics 2020: GLOBOCAN estimates of incidence and mortality worldwide for 36 cancers in 185 countries},
  author={Sung, Hyuna and Ferlay, Jacques and Siegel, Rebecca L and Laversanne, Mathieu and Soerjomataram, Isabelle and Jemal, Ahmedin and Bray, Freddie},
  journal={CA: a cancer journal for clinicians},
  volume={71},
  number={3},
  pages={209--249},
  year={2021},
  publisher={Wiley Online Library}
}

@article{mohammed2017review,
  title={Review on Nasopharyngeal Carcinoma: Concepts, methods of analysis, segmentation, classification, prediction and impact: A review of the research literature},
  author={Mohammed, Mazin Abed and Abd Ghani, Mohd Khanapi and Hamed, Raed Ibraheem and Ibrahim, Dheyaa Ahmed},
  journal={Journal of Computational Science},
  volume={21},
  pages={283--298},
  year={2017},
  publisher={Elsevier}
}

@article{qamar2020variant,
  title={A variant form of 3D-UNet for infant brain segmentation},
  author={Qamar, Saqib and Jin, Hai and Zheng, Ran and Ahmad, Parvez and Usama, Mohd},
  journal={Future Generation Computer Systems},
  volume={108},
  pages={613--623},
  year={2020},
  publisher={Elsevier}
}

@article{wang2024deep,
  title={Deep Learning for Nasopharyngeal Carcinoma Segmentation in Magnetic Resonance Imaging: A Systematic Review and Meta-analysis},
  author={Wang, Chih-Keng and Wang, Ting-Wei and Yang, Ya-Xuan and Wu, Yu-Te},
  journal={Bioengineering},
  volume={11},
  number={5},
  pages={504},
  year={2024},
  publisher={MDPI}
}

@article{wang2022evaluation,
  title={Evaluation exploration of atlas-based and deep learning-based automatic contouring for nasopharyngeal carcinoma},
  author={Wang, Jinyuan and Chen, Zhaocai and Yang, Cungeng and Qu, Baolin and Ma, Lin and Fan, Wenjun and Zhou, Qichao and Zheng, Qingzeng and Xu, Shouping},
  journal={Frontiers in Oncology},
  volume={12},
  pages={833816},
  year={2022},
  publisher={Frontiers Media SA}
}

@article{chen2021transunet,
  title={Transunet: Transformers make strong encoders for medical image segmentation},
  author={Chen, Jieneng and Lu, Yongyi and Yu, Qihang and Luo, Xiangde and Adeli, Ehsan and Wang, Yan and Lu, Le and Yuille, Alan L and Zhou, Yuyin},
  journal={arXiv preprint arXiv:2102.04306},
  year={2021}
}

@article{gu2023mamba,
    title={Mamba: Linear-Time Sequence Modeling with Selective State Spaces},
    author={Gu, Albert and Dao, Tri},
    journal={arXiv preprint arXiv:2312.00752},
    year={2023}
}

@article{zhou2021review,
  title={A review of deep learning in medical imaging: Imaging traits, technology trends, case studies with progress highlights, and future promises},
  author={Zhou, S Kevin and Greenspan, Hayit and Davatzikos, Christos and Duncan, James S and Van Ginneken, Bram and Madabhushi, Anant and Prince, Jerry L and Rueckert, Daniel and Summers, Ronald M},
  journal={Proceedings of the IEEE},
  volume={109},
  number={5},
  pages={820--838},
  year={2021},
  publisher={IEEE}
}

@inproceedings{tan2024wavelet,
  title={Wavelet-based Mamba with Fourier Adjustment for Low-light Image Enhancement},
  author={Tan, Junhao and Pei, Songwen and Qin, Wei and Fu, Bo and Li, Ximing and Huang, Libo},
  booktitle={Proceedings of the Asian Conference on Computer Vision},
  pages={3449--3464},
  year={2024}
}

@inproceedings{zhou2023xnet,
  title={Xnet: Wavelet-based low and high frequency fusion networks for fully-and semi-supervised semantic segmentation of biomedical images},
  author={Zhou, Yanfeng and Huang, Jiaxing and Wang, Chenlong and Song, Le and Yang, Ge},
  booktitle={Proceedings of the IEEE/CVF International Conference on Computer Vision},
  pages={21085--21096},
  year={2023}
}

@article{zhao2023wranet,
  title={WRANet: wavelet integrated residual attention U-Net network for medical image segmentation},
  author={Zhao, Yawu and Wang, Shudong and Zhang, Yulin and Qiao, Sibo and Zhang, Mufei},
  journal={Complex \& intelligent systems},
  volume={9},
  number={6},
  pages={6971--6983},
  year={2023},
  publisher={Springer}
}

@article{dao2022flashattention,
  title={Flashattention: Fast and memory-efficient exact attention with io-awareness},
  author={Dao, Tri and Fu, Dan and Ermon, Stefano and Rudra, Atri and R{\'e}, Christopher},
  journal={Advances in Neural Information Processing Systems},
  volume={35},
  pages={16344--16359},
  year={2022}
}

@article{zuo2024topology,
  title={Topology-aware mamba for crack segmentation in structures},
  author={Zuo, Xin and Sheng, Yu and Shen, Jifeng and Shan, Yongwei},
  journal={Automation in Construction},
  volume={168},
  pages={105845},
  year={2024},
  publisher={Elsevier}
}

@article{yuan2023effective,
  title={An effective CNN and Transformer complementary network for medical image segmentation},
  author={Yuan, Feiniu and Zhang, Zhengxiao and Fang, Zhijun},
  journal={Pattern Recognition},
  volume={136},
  pages={109228},
  year={2023},
  publisher={Elsevier}
}

@article{liu2024freqsnet,
  title={FreqSNet: a multiaxial integration of frequency and spatial domains for medical image segmentation},
  author={Liu, Shangwang and Lin, Yinghai and Liu, Danyang},
  journal={Physics in Medicine \& Biology},
  volume={69},
  number={14},
  pages={145011},
  year={2024},
  publisher={IOP Publishing}
}

@article{huynh2020artificial,
  title={Artificial intelligence in radiation oncology},
  author={Huynh, Elizabeth and Hosny, Ahmed and Guthier, Christian and Bitterman, Danielle S and Petit, Steven F and Haas-Kogan, Daphne A and Kann, Benjamin and Aerts, Hugo JWL and Mak, Raymond H},
  journal={Nature Reviews Clinical Oncology},
  volume={17},
  number={12},
  pages={771--781},
  year={2020},
  publisher={Nature Publishing Group UK London}
}

@article{da2023global,
  title={The global, regional, and national burden of adult lip, oral, and pharyngeal cancer in 204 countries and territories: A systematic analysis for the global burden of disease study 2019},
  author={Da Cunha, Amanda Ramos and Compton, Kelly and Xu, Rixing and Mishra, Rashmi and Drangsholt, Mark Thomas and Antunes, Jose Leopoldo Ferreira and Kerr, Alexander R and Acheson, Alistair R and Lu, Dan and Wallace, Lindsey E and others},
  journal={JAMA oncology},
  volume={9},
  number={10},
  pages={1401--1416},
  year={2023},
  publisher={American Medical Association}
}

@article{oktay2018attention,
  title={Attention u-net: Learning where to look for the pancreas},
  author={Oktay, Ozan},
  journal={arXiv preprint arXiv:1804.03999},
  year={2018}
}

@article{jegou2017one,
  title={One model to learn them all: A unified architecture for multi-modal segmentation},
  author={Jégou, Hervé and Drozdzal, Michal and Vazquez, David and Romero, Alejandro and Piazza, Francesco and Bengio, Yoshua},
  journal={arXiv preprint arXiv:1612.05087},
  year={2017}
}

@inproceedings{badrinarayanan2017segnet,
  title={SegNet: A Deep Convolutional Encoder-Decoder Architecture for Image Segmentation},
  author={Badrinarayanan, Vijay and Kendall, Alex and Cipolla, Roberto},
  booktitle={Proceedings of the IEEE Conference on Computer Vision and Pattern Recognition (CVPR)},
  pages={2461--2469},
  year={2017}
}

@article{alom2018recurrent,
  title={Recurrent residual convolutional neural network based on u-net (r2u-net) for medical image segmentation},
  author={Alom, Md Zahangir and Hasan, Mahmudul and Yakopcic, Chris and Taha, Tarek M and Asari, Vijayan K},
  journal={arXiv preprint arXiv:1802.06955},
  year={2018}
}

@inproceedings{heidari2023hiformer,
  title={Hiformer: Hierarchical multi-scale representations using transformers for medical image segmentation},
  author={Heidari, Moein and Kazerouni, Amirhossein and Soltany, Milad and Azad, Reza and Aghdam, Ehsan Khodapanah and Cohen-Adad, Julien and Merhof, Dorit},
  booktitle={Proceedings of the IEEE/CVF winter conference on applications of computer vision},
  pages={6202--6212},
  year={2023}
}

@inproceedings{shi2023h,
  title={H-denseformer: An efficient hybrid densely connected transformer for multimodal tumor segmentation},
  author={Shi, Jun and Kan, Hongyu and Ruan, Shulan and Zhu, Ziqi and Zhao, Minfan and Qiao, Liang and Wang, Zhaohui and An, Hong and Xue, Xudong},
  booktitle={International Conference on Medical Image Computing and Computer-Assisted Intervention},
  pages={692--702},
  year={2023},
  organization={Springer}
}

@inproceedings{guo2020organ,
  title={Organ at risk segmentation for head and neck cancer using stratified learning and neural architecture search},
  author={Guo, Dazhou and Jin, Dakai and Zhu, Zhuotun and Ho, Tsung-Ying and Harrison, Adam P and Chao, Chun-Hung and Xiao, Jing and Lu, Le},
  booktitle={Proceedings of the IEEE/CVF Conference on Computer Vision and Pattern Recognition},
  pages={4223--4232},
  year={2020}
}

@article{khatami2017medical,
  title={Medical image analysis using wavelet transform and deep belief networks},
  author={Khatami, Amin and Khosravi, Abbas and Nguyen, Thanh and Lim, Chee Peng and Nahavandi, Saeid},
  journal={Expert Systems with Applications},
  volume={86},
  pages={190--198},
  year={2017},
  publisher={Elsevier}
}

@inproceedings{ronneberger2015u,
  title={U-net: Convolutional networks for biomedical image segmentation},
  author={Ronneberger, Olaf and Fischer, Philipp and Brox, Thomas},
  booktitle={Medical image computing and computer-assisted intervention--MICCAI 2015: 18th international conference, Munich, Germany, October 5-9, 2015, proceedings, part III 18},
  pages={234--241},
  year={2015},
  organization={Springer}
}

@article{wang2024mamba,
  title={Mamba-unet: Unet-like pure visual mamba for medical image segmentation},
  author={Wang, Ziyang and Zheng, Jian-Qing and Zhang, Yichi and Cui, Ge and Li, Lei},
  journal={arXiv preprint arXiv:2402.05079},
  year={2024}
}

@inproceedings{cao2022swin,
  title={Swin-unet: Unet-like pure transformer for medical image segmentation},
  author={Cao, Hu and Wang, Yueyue and Chen, Joy and Jiang, Dongsheng and Zhang, Xiaopeng and Tian, Qi and Wang, Manning},
  booktitle={European conference on computer vision},
  pages={205--218},
  year={2022},
  organization={Springer}
}

@inproceedings{zhou2018unet++,
  title={Unet++: A nested u-net architecture for medical image segmentation},
  author={Zhou, Zongwei and Rahman Siddiquee, Md Mahfuzur and Tajbakhsh, Nima and Liang, Jianming},
  booktitle={Deep Learning in Medical Image Analysis and Multimodal Learning for Clinical Decision Support: 4th International Workshop, DLMIA 2018, and 8th International Workshop, ML-CDS 2018, Held in Conjunction with MICCAI 2018, Granada, Spain, September 20, 2018, Proceedings 4},
  pages={3--11},
  year={2018},
  organization={Springer}
}

@inproceedings{milletari2016v,
  title={V-net: Fully convolutional neural networks for volumetric medical image segmentation},
  author={Milletari, Fausto and Navab, Nassir and Ahmadi, Seyed-Ahmad},
  booktitle={2016 fourth international conference on 3D vision (3DV)},
  pages={565--571},
  year={2016},
  organization={Ieee}
}

@article{guo2022cardiac,
  title={Cardiac MRI segmentation with sparse annotations: ensembling deep learning uncertainty and shape priors},
  author={Guo, Fumin and Ng, Matthew and Kuling, Grey and Wright, Graham},
  journal={Medical Image Analysis},
  volume={81},
  pages={102532},
  year={2022},
  publisher={Elsevier}
}

@inproceedings{zhang2021transfuse,
  title={Transfuse: Fusing transformers and cnns for medical image segmentation},
  author={Zhang, Yundong and Liu, Huiye and Hu, Qiang},
  booktitle={Medical image computing and computer assisted intervention--MICCAI 2021: 24th international conference, Strasbourg, France, September 27--October 1, 2021, proceedings, Part I 24},
  pages={14--24},
  year={2021},
  organization={Springer}
}

@article{lin2019deep,
  title={Deep learning for automated contouring of primary tumor volumes by MRI for nasopharyngeal carcinoma},
  author={Lin, Li and Dou, Qi and Jin, Yue-Ming and Zhou, Guan-Qun and Tang, Yi-Qiang and Chen, Wei-Lin and Su, Bao-An and Liu, Feng and Tao, Chang-Juan and Jiang, Ning and others},
  journal={Radiology},
  volume={291},
  number={3},
  pages={677--686},
  year={2019},
  publisher={Radiological Society of North America}
}

@article{zhang2022understanding,
  title={Understanding the Tricks of Deep Learning in Medical Image Segmentation: Challenges and Future Directions},
  author={Zhang, Dong and Lin, Yi and Chen, Hao and Tian, Zhuotao and Yang, Xin and Tang, Jinhui and Cheng, Kwang Ting},
  journal={arXiv preprint arXiv:2209.10307},
  year={2022}
}

@article{rayed2024deep,
  title={Deep learning for medical image segmentation: State-of-the-art advancements and challenges},
  author={Rayed, Md Eshmam and Islam, SM Sajibul and Niha, Sadia Islam and Jim, Jamin Rahman and Kabir, Md Mohsin and Mridha, MF},
  journal={Informatics in Medicine Unlocked},
  pages={101504},
  year={2024},
  publisher={Elsevier}
}

@article{yang2024sffnet,
  title={SFFNet: A Wavelet-Based Spatial and Frequency Domain Fusion Network for Remote Sensing Segmentation},
  author={Yang, Yunsong and Yuan, Genji and Li, Jinjiang},
  journal={arXiv preprint arXiv:2405.01992},
  year={2024}
}

@article{gao2020wavelet,
  title={A wavelet transform-based image segmentation method},
  author={Gao, Jianqiang and Wang, Binbin and Wang, Ziyi and Wang, Yufeng and Kong, Fanzhi},
  journal={Optik},
  volume={208},
  pages={164123},
  year={2020},
  publisher={Elsevier}
}

@article{azad2024medical,
  title={Medical image segmentation review: The success of u-net},
  author={Azad, Reza and Aghdam, Ehsan Khodapanah and Rauland, Amelie and Jia, Yiwei and Avval, Atlas Haddadi and Bozorgpour, Afshin and Karimijafarbigloo, Sanaz and Cohen, Joseph Paul and Adeli, Ehsan and Merhof, Dorit},
  journal={IEEE Transactions on Pattern Analysis and Machine Intelligence},
  year={2024},
  publisher={IEEE}
}

@article{wang2022medical,
  title={Medical image segmentation using deep learning: A survey},
  author={Wang, Risheng and Lei, Tao and Cui, Ruixia and Zhang, Bingtao and Meng, Hongying and Nandi, Asoke K},
  journal={IET image processing},
  volume={16},
  number={5},
  pages={1243--1267},
  year={2022},
  publisher={Wiley Online Library}
}

@article{liang2023dawtran,
  title={DAWTran: dynamic adaptive windowing transformer network for pneumothorax segmentation with implicit feature alignment},
  author={Liang, Pengchen and Chen, Jianguo and Yao, Lei and Yu, Yanfang and Liang, Kaiyi and Chang, Qing},
  journal={Physics in Medicine \& Biology},
  volume={68},
  number={17},
  pages={175020},
  year={2023},
  publisher={IOP Publishing}
}

@article{mou2011surgical,
  title={Surgical management of radiation-induced temporal lobe necrosis in patients with nasopharyngeal carcinoma: Report of 14 cases},
  author={Mou, Yong-gao and Sai, Ke and Wang, Zhen-ning and Zhang, Xiang-heng and Lu, Yan-chun and Wei, Da-nian and Yang, Qun-ying and Chen, Zhong-ping},
  journal={Head \& neck},
  volume={33},
  number={10},
  pages={1493--1500},
  year={2011},
  publisher={Wiley Online Library}
}

@article{kushihashi2024case,
  title={A Case of Photoimmunotherapy for Nasopharyngeal Carcinoma Requiring Emergency Tracheostomy},
  author={Kushihashi, Yukiomi and Masubuchi, Tatsuo and Okamoto, Isaku and Fushimi, Chihiro and Yamazaki, Morio and Asano, Hisashi and Aoki, Reo and Fujii, Shota and Asako, Yukiko and Tada, Yuichiro},
  journal={Case Reports in Oncology},
  volume={17},
  number={1},
  pages={471--476},
  year={2024},
  publisher={S. Karger AG}
}

@article{chua2016nasopharyngeal,
  title={Nasopharyngeal carcinoma},
  author={Chua, Melvin LK and Wee, Joseph TS and Hui, Edwin P and Chan, Anthony TC},
  journal={The Lancet},
  volume={387},
  number={10022},
  pages={1012--1024},
  year={2016},
  publisher={Elsevier}
}

@article{pu2022mobileunet,
  title={MobileUNet-FPN: A semantic segmentation model for fetal ultrasound four-chamber segmentation in edge computing environments},
  author={Pu, Bin and Lu, Yuhuan and Chen, Jianguo and Li, Shengli and Zhu, Ningbo and Wei, Wei and Li, Kenli},
  journal={IEEE Journal of Biomedical and Health Informatics},
  volume={26},
  number={11},
  pages={5540--5550},
  year={2022},
  publisher={IEEE}
}

@phdthesis{sadikine2024deep,
  title={Deep vascular segmentation with geometric and topological constraints},
  author={Sadikine, Mohamed Amine},
  year={2024},
  school={Universit{\'e} de Bretagne occidentale-Brest}
}

@inproceedings{puunsupervised,
  title={Unsupervised Domain Adaptation for Anatomical Structure Detection in Ultrasound Images},
  author={Pu, Bin and Lv, Xingguo and Yang, Jiewen and Guannan, He and Dong, Xingbo and Lin, Yiqun and Shengli, Li and Ying, Tan and Fei, Liu and Chen, Ming and others},
  booktitle={Forty-first International Conference on Machine Learning}
}

@article{zhu2024vision,
  title={Vision mamba: Efficient visual representation learning with bidirectional state space model},
  author={Zhu, Lianghui and Liao, Bencheng and Zhang, Qian and Wang, Xinlong and Liu, Wenyu and Wang, Xinggang},
  journal={arXiv preprint arXiv:2401.09417},
  year={2024}
}

@article{sun2021mwq,
  title={MWQ: Multiscale wavelet quantized neural networks},
  author={Sun, Qigong and Ren, Yan and Jiao, Licheng and Li, Xiufang and Shang, Fanhua and Liu, Fang},
  journal={arXiv preprint arXiv:2103.05363},
  year={2021}
}

@article{liang2024rskd,
  title={RSKD: Enhanced medical image segmentation via multi-layer, rank-sensitive knowledge distillation in Vision Transformer models},
  author={Liang, Pengchen and Chen, Jianguo and Chang, Qing and Yao, Lei},
  journal={Knowledge-Based Systems},
  volume={293},
  pages={111664},
  year={2024},
  publisher={Elsevier}
}

@article{unser1995texture,
  title={Texture classification and segmentation using wavelet frames},
  author={Unser, Michael},
  journal={IEEE Transactions on image processing},
  volume={4},
  number={11},
  pages={1549--1560},
  year={1995},
  publisher={IEEE}
}

@article{qian2024adaptive,
  title={Adaptive wavelet-VNet for single-sample test time adaptation in medical image segmentation},
  author={Qian, Xiaoxue and Lu, Weiguo and Zhang, You},
  journal={Medical Physics},
  volume={51},
  number={12},
  pages={8865--8881},
  year={2024},
  publisher={Wiley Online Library}
}

@article{singh2022prior,
  title={Prior wavelet knowledge for multi-modal medical image segmentation using a lightweight neural network with attention guided features},
  author={Singh, Vivek Kumar and Kalafi, Elham Yousef and Wang, Shuhang and Benjamin, Alex and Asideu, Mercy and Kumar, Viksit and Samir, Anthony E},
  journal={Expert Systems with Applications},
  volume={209},
  pages={118166},
  year={2022},
  publisher={Elsevier}
}

@article{alijamaat2021multiple,
  title={Multiple sclerosis lesion segmentation from brain MRI using U-Net based on wavelet pooling},
  author={Alijamaat, Ali and NikravanShalmani, Alireza and Bayat, Peyman},
  journal={International journal of computer assisted radiology and surgery},
  volume={16},
  number={9},
  pages={1459--1467},
  year={2021},
  publisher={Springer}
}

@article{agnes2024wavelet,
  title={Wavelet U-Net++ for accurate lung nodule segmentation in CT scans: Improving early detection and diagnosis of lung cancer},
  author={Agnes, S Akila and Solomon, A Arun and Karthick, K},
  journal={Biomedical Signal Processing and Control},
  volume={87},
  pages={105509},
  year={2024},
  publisher={Elsevier}
}

@article{gu2021efficiently,
  title={Efficiently modeling long sequences with structured state spaces},
  author={Gu, Albert and Goel, Karan and R{\'e}, Christopher},
  journal={arXiv preprint arXiv:2111.00396},
  year={2021}
}

@inproceedings{santhirasekaram2023topology,
  title={Topology preserving compositionality for robust medical image segmentation},
  author={Santhirasekaram, Ainkaran and Winkler, Mathias and Rockall, Andrea and Glocker, Ben},
  booktitle={Proceedings of the IEEE/CVF Conference on Computer Vision and Pattern Recognition},
  pages={543--552},
  year={2023}
}

@inproceedings{gupta2022learning,
  title={Learning topological interactions for multi-class medical image segmentation},
  author={Gupta, Saumya and Hu, Xiaoling and Kaan, James and Jin, Michael and Mpoy, Mutshipay and Chung, Katherine and Singh, Gagandeep and Saltz, Mary and Kurc, Tahsin and Saltz, Joel and others},
  booktitle={European Conference on Computer Vision},
  pages={701--718},
  year={2022},
  organization={Springer}
}

@article{samarasinghe2021deep,
  title={Deep learning for segmentation in radiation therapy planning: a review},
  author={Samarasinghe, Gihan and Jameson, Michael and Vinod, Shalini and Field, Matthew and Dowling, Jason and Sowmya, Arcot and Holloway, Lois},
  journal={Journal of Medical Imaging and Radiation Oncology},
  volume={65},
  number={5},
  pages={578--595},
  year={2021},
  publisher={Wiley Online Library}
}

@article{shi2023nextou,
  title={Nextou: efficient topology-aware u-net for medical image segmentation},
  author={Shi, Pengcheng and Guo, Xutao and Yang, Yanwu and Ye, Chenfei and Ma, Ting},
  journal={arXiv preprint arXiv:2305.15911},
  year={2023}
}

@article{tang2024interactive,
  title={Interactive Segmentation for Medical Images Using Spatial Modeling Mamba},
  author={Tang, Yuxin and Li, Yu and Zou, Hua and Zhang, Xuedong},
  journal={Information},
  volume={15},
  number={10},
  pages={633},
  year={2024},
  publisher={MDPI}
}

@article{meng2025efficient,
  title={Efficient UNet fusion of convolutional neural networks and state space models for medical image segmentation},
  author={Meng, Wenjie and Mu, Aiming and Wang, Huajun},
  journal={Digital Signal Processing},
  volume={158},
  pages={104937},
  year={2025},
  publisher={Elsevier}
}

@article{xu2024advances,
  title={Advances in medical image segmentation: a comprehensive review of traditional, deep learning and hybrid approaches},
  author={Xu, Yan and Quan, Rixiang and Xu, Weiting and Huang, Yi and Chen, Xiaolong and Liu, Fengyuan},
  journal={Bioengineering},
  volume={11},
  number={10},
  pages={1034},
  year={2024},
  publisher={MDPI}
}

@article{zhu2025merging,
  title={Merging Context Clustering with Visual State Space Models for Medical Image Segmentation},
  author={Zhu, Yun and Zhang, Dong and Lin, Yi and Feng, Yifei and Tang, Jinhui},
  journal={IEEE Transactions on Medical Imaging},
  year={2025},
  publisher={IEEE}
}

@inproceedings{seferbekov2018feature,
  title={Feature pyramid network for multi-class land segmentation},
  author={Seferbekov, Selim and Iglovikov, Vladimir and Buslaev, Alexander and Shvets, Alexey},
  booktitle={Proceedings of the IEEE conference on computer vision and pattern recognition workshops},
  pages={272--275},
  year={2018}
}

@article{siddiqui2016airway,
  title={Airway management and postoperative length of hospital stay in patients undergoing head and neck cancer surgery},
  author={Siddiqui, Ali Sarfraz and Dogar, Samie Asghar and Lal, Shankar and Akhtar, Shabbir and Khan, Fauzia Anis},
  journal={Journal of Anaesthesiology Clinical Pharmacology},
  volume={32},
  number={1},
  pages={49--53},
  year={2016},
  publisher={Medknow}
}

@inproceedings{agneya2024deep,
  title={Deep Learning in Medical Image Analysis: A Survey},
  author={Agneya, DA and Shekar, Mogaveera Sahil and Bharadwaj, Anagha and Vineeth, Nandhini and Neelima, M Lakshmi},
  booktitle={2024 International Conference on Innovation and Novelty in Engineering and Technology (INNOVA)},
  volume={1},
  pages={1--5},
  year={2024},
  organization={IEEE}
}

@article{tsolakis2022artificial,
  title={Artificial intelligence as an aid in CBCT airway analysis: a systematic review},
  author={Tsolakis, Ioannis A and Kolokitha, Olga-Elpis and Papadopoulou, Erofili and Tsolakis, Apostolos I and Kilipiris, Evangelos G and Palomo, J Martin},
  journal={Life},
  volume={12},
  number={11},
  pages={1894},
  year={2022},
  publisher={MDPI}
}

@article{peng2022treatment,
  title={Treatment of recurrent nasopharyngeal carcinoma: A sequential challenge},
  author={Peng, Zhouying and Wang, Yumin and Fan, Ruohao and Gao, Kelei and Xie, Shumin and Wang, Fengjun and Zhang, Junyi and Zhang, Hua and He, Yuxiang and Xie, Zhihai and others},
  journal={Cancers},
  volume={14},
  number={17},
  pages={4111},
  year={2022},
  publisher={MDPI}
}

@article{wang2022boundary,
  title={Boundary-aware context neural network for medical image segmentation},
  author={Wang, Ruxin and Chen, Shuyuan and Ji, Chaojie and Fan, Jianping and Li, Ye},
  journal={Medical image analysis},
  volume={78},
  pages={102395},
  year={2022},
  publisher={Elsevier}
}

@article{islam2023deep,
  title={Deep learning for automatic tumor lesions delineation and prognostic assessment in multi-modality pet/ct: A prospective survey},
  author={Islam, Muhammad Zubair and Naqvi, Rizwan Ali and Haider, Amir and Kim, Hyung Seok},
  journal={Engineering Applications of Artificial Intelligence },
  volume={123},
  pages={106276},
  year={2023},
  publisher={Elsevier}
}

@article{zhang2024weakly,
  title={Weakly supervised semantic segmentation by knowledge graph inference},
  author={Zhang, Jia and Peng, Bo and Wu, Xi and Hu, Jie},
  journal={Engineering Applications of Artificial Intelligence},
  volume={138},
  pages={109294},
  year={2024},
  publisher={Elsevier}
}

@article{feng2024wavelet,
  title={Wavelet Guided Visual State Space Model and Patch Resampling Enhanced U-Shaped Structure for Skin Lesion Segmentation},
  author={Feng, Shuwan and Chen, Xiaowei and Li, Shengzhi},
  journal={IEEE Access},
  year={2024},
  publisher={IEEE}
}

@article{lin2024mm,
  title={MM-UNet: A novel cross-attention mechanism between modules and scales for brain tumor segmentation},
  author={Lin, Chih-Wei and Chen, Zhongsheng},
  journal={Engineering Applications of Artificial Intelligence},
  volume={133},
  pages={108591},
  year={2024},
  publisher={Elsevier}
}

@article{yang2024novel,
  title={A novel CT image segmentation model},
  author={Yang, Jingdong and Wang, Han and Liu, Wei and Zheng, Xianyou and Zhang, Xiaolin and Yu, Shaoqing},
  journal={Engineering Applications of Artificial Intelligence},
  volume={135},
  pages={108816},
  year={2024},
  publisher={Elsevier}
}

@article{chen2023rrcnet,
  title={RRCNet: Refinement residual convolutional network for breast ultrasound images segmentation},
  author={Chen, Gongping and Dai, Yu and Zhang, Jianxun},
  journal={Engineering Applications of Artificial Intelligence},
  volume={117},
  pages={105601},
  year={2023},
  publisher={Elsevier}
}