@article{chen2021transunet,
  title={Transunet: Transformers make strong encoders for medical image segmentation},
  author={Chen, Jieneng and Lu, Yongyi and Yu, Qihang and Luo, Xiangde and Adeli, Ehsan and Wang, Yan and Lu, Le and Yuille, Alan L and Zhou, Yuyin},
  journal={arXiv preprint arXiv:2102.04306},
  year={2021}
}

@article{diakogiannis2020resunet,
  title={ResUNet-a: A deep learning framework for semantic segmentation of remotely sensed data},
  author={Diakogiannis, Foivos I and Waldner, Fran{\c{c}}ois and Caccetta, Peter and Wu, Chen},
  journal={ISPRS Journal of Photogrammetry and Remote Sensing},
  volume={162},
  pages={94--114},
  year={2020},
  publisher={Elsevier}
}

@inproceedings{huang2019fixed,
  title={Fixed-point deformable U-net for pancreas CT segmentation},
  author={Huang, Meixiang and Huang, Chongfei and Yuan, Jing and Kong, Dexing},
  booktitle={Proceedings of the Third International Symposium on Image Computing and Digital Medicine},
  pages={283--287},
  year={2019}
}

@inproceedings{islam2020brain,
  title={Brain tumor segmentation and survival prediction using 3D attention UNet},
  author={Islam, Mobarakol and Vibashan, VS and Jose, V Jeya Maria and Wijethilake, Navodini and Utkarsh, Uppal and Ren, Hongliang},
  booktitle={Brainlesion: Glioma, Multiple Sclerosis, Stroke and Traumatic Brain Injuries: 5th International Workshop, BrainLes 2019, Held in Conjunction with MICCAI 2019, Shenzhen, China, October 17, 2019, Revised Selected Papers, Part I 5},
  pages={262--272},
  year={2020},
  organization={Springer}
}

@article{karimi2019reducing,
  title={Reducing the hausdorff distance in medical image segmentation with convolutional neural networks},
  author={Karimi, Davood and Salcudean, Septimiu E},
  journal={IEEE Transactions on medical imaging},
  volume={39},
  number={2},
  pages={499--513},
  year={2019},
  publisher={IEEE}
}

@inproceedings{kervadec2019boundary,
  title={Boundary loss for highly unbalanced segmentation},
  author={Kervadec, Hoel and Bouchtiba, Jihene and Desrosiers, Christian and Granger, Eric and Dolz, Jose and Ayed, Ismail Ben},
  booktitle={International conference on medical imaging with deep learning},
  pages={285--296},
  year={2019},
  organization={PMLR}
}

@inproceedings{kim2023whfl,
  title={Whfl: Wavelet-domain high frequency loss for sketch-to-image translation},
  author={Kim, Min Woo and Cho, Nam Ik},
  booktitle={Proceedings of the IEEE/CVF Winter Conference on applications of computer vision},
  pages={744--754},
  year={2023}
}

@article{korkmaz2024training,
  title={Training Transformer Models by Wavelet Losses Improves Quantitative and Visual Performance in Single Image Super-Resolution},
  author={Korkmaz, Cansu and Tekalp, A Murat},
  journal={arXiv preprint arXiv:2404.11273},
  year={2024}
}

@article{liu2022boundary,
  title={Boundary learning by using weighted propagation in convolution network},
  author={Liu, Wei and Chen, Jiahao and Liu, Chuni and Ban, Xiaojuan and Ma, Boyuan and Wang, Hao and Xue, Weihua and Guo, Yu},
  journal={Journal of Computational Science},
  volume={62},
  pages={101709},
  year={2022},
  publisher={Elsevier}
}

@article{liu2024enhancing,
  title={Enhancing Boundary Segmentation for Topological Accuracy with Skeleton-based Methods},
  author={Liu, Chuni and Ma, Boyuan and Ban, Xiaojuan and Xie, Yujie and Wang, Hao and Xue, Weihua and Ma, Jingchao and Xu, Ke},
  journal={arXiv preprint arXiv:2404.18539},
  year={2024}
}

@inproceedings{long2015fully,
  title={Fully convolutional networks for semantic segmentation},
  author={Long, Jonathan and Shelhamer, Evan and Darrell, Trevor},
  booktitle={Proceedings of the IEEE conference on computer vision and pattern recognition},
  pages={3431--3440},
  year={2015}
}

@inproceedings{milletari2016v,
  title={V-net: Fully convolutional neural networks for volumetric medical image segmentation},
  author={Milletari, Fausto and Navab, Nassir and Ahmadi, Seyed-Ahmad},
  booktitle={2016 fourth international conference on 3D vision (3DV)},
  pages={565--571},
  year={2016},
  organization={Ieee}
}

@article{oner2023persistent,
  title={Persistent homology with improved locality information for more effective delineation},
  author={Oner, Doruk and Garin, Ad{\'e}lie and Kozi{\'n}ski, Mateusz and Hess, Kathryn and Fua, Pascal},
  journal={IEEE Transactions on Pattern Analysis and Machine Intelligence},
  volume={45},
  number={8},
  pages={10588--10595},
  year={2023},
  publisher={IEEE}
}

@article{prantl2022wavelet,
  title={Wavelet-based Loss for High-frequency Interface Dynamics},
  author={Prantl, Lukas and Bender, Jan and Kugelstadt, Tassilo and Thuerey, Nils},
  journal={arXiv preprint arXiv:2209.02316},
  year={2022}
}

@inproceedings{rahman2016optimizing,
  title={Optimizing intersection-over-union in deep neural networks for image segmentation},
  author={Rahman, Md Atiqur and Wang, Yang},
  booktitle={International symposium on visual computing},
  pages={234--244},
  year={2016},
  organization={Springer}
}

@inproceedings{ronneberger2015u,
  title={U-net: Convolutional networks for biomedical image segmentation},
  author={Ronneberger, Olaf and Fischer, Philipp and Brox, Thomas},
  booktitle={Medical image computing and computer-assisted intervention--MICCAI 2015: 18th international conference, Munich, Germany, October 5-9, 2015, proceedings, part III 18},
  pages={234--241},
  year={2015},
  organization={Springer}
}

@inproceedings{ross2017focal,
  title={Focal loss for dense object detection},
  author={Ross, T-YLPG and Doll{\'a}r, GKHP},
  booktitle={proceedings of the IEEE conference on computer vision and pattern recognition},
  pages={2980--2988},
  year={2017}
}

@inproceedings{salehi2017tversky,
  title={Tversky loss function for image segmentation using 3D fully convolutional deep networks},
  author={Salehi, Seyed Sadegh Mohseni and Erdogmus, Deniz and Gholipour, Ali},
  booktitle={International workshop on machine learning in medical imaging},
  pages={379--387},
  year={2017},
  organization={Springer}
}

@article{sampat2009complex,
  title={Complex wavelet structural similarity: A new image similarity index},
  author={Sampat, Mehul P and Wang, Zhou and Gupta, Shalini and Bovik, Alan Conrad and Markey, Mia K},
  journal={IEEE transactions on image processing},
  volume={18},
  number={11},
  pages={2385--2401},
  year={2009},
  publisher={IEEE}
}

@inproceedings{shit2021cldice,
  title={clDice-a novel topology-preserving loss function for tubular structure segmentation},
  author={Shit, Suprosanna and Paetzold, Johannes C and Sekuboyina, Anjany and Ezhov, Ivan and Unger, Alexander and Zhylka, Andrey and Pluim, Josien PW and Bauer, Ulrich and Menze, Bjoern H},
  booktitle={Proceedings of the IEEE/CVF conference on computer vision and pattern recognition},
  pages={16560--16569},
  year={2021}
}

@inproceedings{stucki2023topologically,
  title={Topologically faithful image segmentation via induced matching of persistence barcodes},
  author={Stucki, Nico and Paetzold, Johannes C and Shit, Suprosanna and Menze, Bjoern and Bauer, Ulrich},
  booktitle={International Conference on Machine Learning},
  pages={32698--32727},
  year={2023},
  organization={PMLR}
}

@inproceedings{yang2020net,
  title={Y-net: Multi-scale feature aggregation network with wavelet structure similarity loss function for single image dehazing},
  author={Yang, Hao-Hsiang and Yang, Chao-Han Huck and Tsai, Yi-Chang James},
  booktitle={ICASSP 2020-2020 IEEE International Conference on Acoustics, Speech and Signal Processing (ICASSP)},
  pages={2628--2632},
  year={2020},
  organization={IEEE}
}

@article{zhao2019region,
  title={Region mutual information loss for semantic segmentation},
  author={Zhao, Shuai and Wang, Yang and Yang, Zheng and Cai, Deng},
  journal={Advances in Neural Information Processing Systems},
  volume={32},
  year={2019}
}

@inproceedings{zhou2018unet++,
  title={Unet++: A nested u-net architecture for medical image segmentation},
  author={Zhou, Zongwei and Rahman Siddiquee, Md Mahfuzur and Tajbakhsh, Nima and Liang, Jianming},
  booktitle={Deep Learning in Medical Image Analysis and Multimodal Learning for Clinical Decision Support: 4th International Workshop, DLMIA 2018, and 8th International Workshop, ML-CDS 2018, Held in Conjunction with MICCAI 2018, Granada, Spain, September 20, 2018, Proceedings 4},
  pages={3--11},
  year={2018},
  organization={Springer}
}

@article{zhu2021wavelet,
  title={Wavelet loss function for auto-encoder},
  author={Zhu, Qiuyu and Wang, Hu and Zhang, Ruixin},
  journal={IEEE Access},
  volume={9},
  pages={27101--27108},
  year={2021},
  publisher={IEEE}
}

