@book{golub2013matrix,
  title={Matrix computations},
  author={Golub, Gene H and Van Loan, Charles F},
  year={2013},
  publisher={JHU press}
}

@phdthesis{MnihThesis,
author = {Volodymyr Mnih},
title = {Machine Learning for Aerial Image Labeling},
school = {University of Toronto},
year = {2013}
}

@book{hausdorff1914grundzuge,
  title={Grundz{\"u}ge der mengenlehre},
  author={Hausdorff, Felix},
  volume={7},
  year={1914},
  publisher={von Veit}
}

@inproceedings{vinh2009information,
  title={Information theoretic measures for clusterings comparison: is a correction for chance necessary?},
  author={Vinh, Nguyen Xuan and Epps, Julien and Bailey, James},
  booktitle={Proceedings of the 26th annual international conference on machine learning},
  pages={1073--1080},
  year={2009}
}

@article{nunez2013machine,
  title={Machine learning of hierarchical clustering to segment 2D and 3D images},
  author={Nunez-Iglesias, Juan and Kennedy, Ryan and Parag, Toufiq and Shi, Jianbo and Chklovskii, Dmitri B},
  journal={PloS one},
  volume={8},
  number={8},
  pages={e71715},
  year={2013},
  publisher={Public Library of Science San Francisco, USA}
}

@article{sorensen1948method,
  title={A method of establishing groups of equal amplitude in plant sociology based on similarity of species content and its application to analyses of the vegetation on Danish commons},
  author={Sorensen, Thorvald},
  journal={Biologiske skrifter},
  volume={5},
  pages={1--34},
  year={1948}
}

@article{everingham2010pascal,
  title={The pascal visual object classes (voc) challenge},
  author={Everingham, Mark and Van Gool, Luc and Williams, Christopher KI and Winn, John and Zisserman, Andrew},
  journal={International journal of computer vision},
  volume={88},
  pages={303--338},
  year={2010},
  publisher={Springer}
}

@article{oktay2018attention,
  title={Attention u-net: Learning where to look for the pancreas},
  author={Oktay, Ozan and Schlemper, Jo and Folgoc, Loic Le and Lee, Matthew and Heinrich, Mattias and Misawa, Kazunari and Mori, Kensaku and McDonagh, Steven and Hammerla, Nils Y and Kainz, Bernhard and others},
  journal={arXiv preprint arXiv:1804.03999},
  year={2018}
}

@article{staal2004ridge,
  title={Ridge-based vessel segmentation in color images of the retina},
  author={Staal, Joes and Abr{\`a}moff, Michael D and Niemeijer, Meindert and Viergever, Max A and Van Ginneken, Bram},
  journal={IEEE transactions on medical imaging},
  volume={23},
  number={4},
  pages={501--509},
  year={2004},
  publisher={IEEE}
}

@article{sirinukunwattana2017gland,
  title={Gland segmentation in colon histology images: The glas challenge contest},
  author={Sirinukunwattana, Korsuk and Pluim, Josien PW and Chen, Hao and Qi, Xiaojuan and Heng, Pheng-Ann and Guo, Yun Bo and Wang, Li Yang and Matuszewski, Bogdan J and Bruni, Elia and Sanchez, Urko and others},
  journal={Medical image analysis},
  volume={35},
  pages={489--502},
  year={2017},
  publisher={Elsevier}
}

@article{arganda2013snemi3d,
  title={SNEMI3D: 3D Segmentation of neurites in EM images},
  author={Arganda-Carreras, Ignacio and Seung, H Sebastian and Vishwanathan, Ashwin and Berger, Daniel R},
  journal={(No Title)},
  year={2013},
  publisher={Zenodo}
}

@article{canny1986computational,
  title={A computational approach to edge detection},
  author={Canny, John},
  journal={IEEE Transactions on pattern analysis and machine intelligence},
  number={6},
  pages={679--698},
  year={1986},
  publisher={Ieee}
}

@article{karimi2019reducing,
  title={Reducing the hausdorff distance in medical image segmentation with convolutional neural networks},
  author={Karimi, Davood and Salcudean, Septimiu E},
  journal={IEEE Transactions on medical imaging},
  volume={39},
  number={2},
  pages={499--513},
  year={2019},
  publisher={IEEE}
}

@inproceedings{kervadec2019boundary,
  title={Boundary loss for highly unbalanced segmentation},
  author={Kervadec, Hoel and Bouchtiba, Jihene and Desrosiers, Christian and Granger, Eric and Dolz, Jose and Ayed, Ismail Ben},
  booktitle={International conference on medical imaging with deep learning},
  pages={285--296},
  year={2019},
  organization={PMLR}
}

@article{zhu2021wavelet,
  title={Wavelet loss function for auto-encoder},
  author={Zhu, Qiuyu and Wang, Hu and Zhang, Ruixin},
  journal={IEEE Access},
  volume={9},
  pages={27101--27108},
  year={2021},
  publisher={IEEE}
}

@article{prantl2022wavelet,
  title={Wavelet-based Loss for High-frequency Interface Dynamics},
  author={Prantl, Lukas and Bender, Jan and Kugelstadt, Tassilo and Thuerey, Nils},
  journal={arXiv preprint arXiv:2209.02316},
  year={2022}
}

@inproceedings{yang2020net,
  title={Y-net: Multi-scale feature aggregation network with wavelet structure similarity loss function for single image dehazing},
  author={Yang, Hao-Hsiang and Yang, Chao-Han Huck and Tsai, Yi-Chang James},
  booktitle={ICASSP 2020-2020 IEEE International Conference on Acoustics, Speech and Signal Processing (ICASSP)},
  pages={2628--2632},
  year={2020},
  organization={IEEE}
}

@article{korkmaz2024training,
  title={Training Transformer Models by Wavelet Losses Improves Quantitative and Visual Performance in Single Image Super-Resolution},
  author={Korkmaz, Cansu and Tekalp, A Murat},
  journal={arXiv preprint arXiv:2404.11273},
  year={2024}
}

@inproceedings{kim2023whfl,
  title={Whfl: Wavelet-domain high frequency loss for sketch-to-image translation},
  author={Kim, Min Woo and Cho, Nam Ik},
  booktitle={Proceedings of the IEEE/CVF Winter Conference on applications of computer vision},
  pages={744--754},
  year={2023}
}

@article{sampat2009complex,
  title={Complex wavelet structural similarity: A new image similarity index},
  author={Sampat, Mehul P and Wang, Zhou and Gupta, Shalini and Bovik, Alan Conrad and Markey, Mia K},
  journal={IEEE transactions on image processing},
  volume={18},
  number={11},
  pages={2385--2401},
  year={2009},
  publisher={IEEE}
}

@article{oner2023persistent,
  title={Persistent homology with improved locality information for more effective delineation},
  author={Oner, Doruk and Garin, Ad{\'e}lie and Kozi{\'n}ski, Mateusz and Hess, Kathryn and Fua, Pascal},
  journal={IEEE Transactions on Pattern Analysis and Machine Intelligence},
  volume={45},
  number={8},
  pages={10588--10595},
  year={2023},
  publisher={IEEE}
}

@inproceedings{stucki2023topologically,
  title={Topologically faithful image segmentation via induced matching of persistence barcodes},
  author={Stucki, Nico and Paetzold, Johannes C and Shit, Suprosanna and Menze, Bjoern and Bauer, Ulrich},
  booktitle={International Conference on Machine Learning},
  pages={32698--32727},
  year={2023},
  organization={PMLR}
}

@inproceedings{shit2021cldice,
  title={clDice-a novel topology-preserving loss function for tubular structure segmentation},
  author={Shit, Suprosanna and Paetzold, Johannes C and Sekuboyina, Anjany and Ezhov, Ivan and Unger, Alexander and Zhylka, Andrey and Pluim, Josien PW and Bauer, Ulrich and Menze, Bjoern H},
  booktitle={Proceedings of the IEEE/CVF conference on computer vision and pattern recognition},
  pages={16560--16569},
  year={2021}
}

@article{liu2024enhancing,
  title={Enhancing Boundary Segmentation for Topological Accuracy with Skeleton-based Methods},
  author={Liu, Chuni and Ma, Boyuan and Ban, Xiaojuan and Xie, Yujie and Wang, Hao and Xue, Weihua and Ma, Jingchao and Xu, Ke},
  journal={arXiv preprint arXiv:2404.18539},
  year={2024}
}

@article{liu2022boundary,
  title={Boundary learning by using weighted propagation in convolution network},
  author={Liu, Wei and Chen, Jiahao and Liu, Chuni and Ban, Xiaojuan and Ma, Boyuan and Wang, Hao and Xue, Weihua and Guo, Yu},
  journal={Journal of Computational Science},
  volume={62},
  pages={101709},
  year={2022},
  publisher={Elsevier}
}

@inproceedings{rahman2016optimizing,
  title={Optimizing intersection-over-union in deep neural networks for image segmentation},
  author={Rahman, Md Atiqur and Wang, Yang},
  booktitle={International symposium on visual computing},
  pages={234--244},
  year={2016},
  organization={Springer}
}

@inproceedings{salehi2017tversky,
  title={Tversky loss function for image segmentation using 3D fully convolutional deep networks},
  author={Salehi, Seyed Sadegh Mohseni and Erdogmus, Deniz and Gholipour, Ali},
  booktitle={International workshop on machine learning in medical imaging},
  pages={379--387},
  year={2017},
  organization={Springer}
}

@inproceedings{ross2017focal,
  title={Focal loss for dense object detection},
  author={Ross, T-YLPG and Doll{\'a}r, GKHP},
  booktitle={proceedings of the IEEE conference on computer vision and pattern recognition},
  pages={2980--2988},
  year={2017}
}

@inproceedings{islam2020brain,
  title={Brain tumor segmentation and survival prediction using 3D attention UNet},
  author={Islam, Mobarakol and Vibashan, VS and Jose, V Jeya Maria and Wijethilake, Navodini and Utkarsh, Uppal and Ren, Hongliang},
  booktitle={Brainlesion: Glioma, Multiple Sclerosis, Stroke and Traumatic Brain Injuries: 5th International Workshop, BrainLes 2019, Held in Conjunction with MICCAI 2019, Shenzhen, China, October 17, 2019, Revised Selected Papers, Part I 5},
  pages={262--272},
  year={2020},
  organization={Springer}
}

@article{chen2021transunet,
  title={Transunet: Transformers make strong encoders for medical image segmentation},
  author={Chen, Jieneng and Lu, Yongyi and Yu, Qihang and Luo, Xiangde and Adeli, Ehsan and Wang, Yan and Lu, Le and Yuille, Alan L and Zhou, Yuyin},
  journal={arXiv preprint arXiv:2102.04306},
  year={2021}
}

@article{chen2022target,
  title={Target-aware U-Net with fuzzy skip connections for refined pancreas segmentation},
  author={Chen, Yufei and Xu, Chang and Ding, Weiping and Sun, Shichen and Yue, Xiaodong and Fujita, Hamido},
  journal={Applied Soft Computing},
  volume={131},
  pages={109818},
  year={2022},
  publisher={Elsevier}
}

@article{diakogiannis2020resunet,
  title={ResUNet-a: A deep learning framework for semantic segmentation of remotely sensed data},
  author={Diakogiannis, Foivos I and Waldner, Fran{\c{c}}ois and Caccetta, Peter and Wu, Chen},
  journal={ISPRS Journal of Photogrammetry and Remote Sensing},
  volume={162},
  pages={94--114},
  year={2020},
  publisher={Elsevier}
}

@inproceedings{huang2019fixed,
  title={Fixed-point deformable U-net for pancreas CT segmentation},
  author={Huang, Meixiang and Huang, Chongfei and Yuan, Jing and Kong, Dexing},
  booktitle={Proceedings of the Third International Symposium on Image Computing and Digital Medicine},
  pages={283--287},
  year={2019}
}

@inproceedings{zhou2018unet++,
  title={Unet++: A nested u-net architecture for medical image segmentation},
  author={Zhou, Zongwei and Rahman Siddiquee, Md Mahfuzur and Tajbakhsh, Nima and Liang, Jianming},
  booktitle={Deep Learning in Medical Image Analysis and Multimodal Learning for Clinical Decision Support: 4th International Workshop, DLMIA 2018, and 8th International Workshop, ML-CDS 2018, Held in Conjunction with MICCAI 2018, Granada, Spain, September 20, 2018, Proceedings 4},
  pages={3--11},
  year={2018},
  organization={Springer}
}

@article{portilla2000parametric,
  title={A parametric texture model based on joint statistics of complex wavelet coefficients},
  author={Portilla, Javier and Simoncelli, Eero P},
  journal={International journal of computer vision},
  volume={40},
  pages={49--70},
  year={2000},
  publisher={Springer}
}

@article{simoncelli1992shiftable,
  title={Shiftable multiscale transforms},
  author={Simoncelli, Eero P and Freeman, William T and Adelson, Edward H and Heeger, David J},
  journal={IEEE transactions on Information Theory},
  volume={38},
  number={2},
  pages={587--607},
  year={1992},
  publisher={IEEE}
}

@article{mallat1989theory,
  title={A theory for multiresolution signal decomposition: the wavelet representation},
  author={Mallat, Stephane G},
  journal={IEEE transactions on pattern analysis and machine intelligence},
  volume={11},
  number={7},
  pages={674--693},
  year={1989},
  publisher={Ieee}
}

@article{zhao2019region,
  title={Region mutual information loss for semantic segmentation},
  author={Zhao, Shuai and Wang, Yang and Yang, Zheng and Cai, Deng},
  journal={Advances in Neural Information Processing Systems},
  volume={32},
  year={2019}
}

@inproceedings{milletari2016v,
  title={V-net: Fully convolutional neural networks for volumetric medical image segmentation},
  author={Milletari, Fausto and Navab, Nassir and Ahmadi, Seyed-Ahmad},
  booktitle={2016 fourth international conference on 3D vision (3DV)},
  pages={565--571},
  year={2016},
  organization={Ieee}
}

@article{azad2023loss,
  title={Loss functions in the era of semantic segmentation: A survey and outlook},
  author={Azad, Reza and Heidary, Moein and Yilmaz, Kadir and H{\"u}ttemann, Michael and Karimijafarbigloo, Sanaz and Wu, Yuli and Schmeink, Anke and Merhof, Dorit},
  journal={arXiv preprint arXiv:2312.05391},
  year={2023}
}

@inproceedings{woo2018cbam,
  title={Cbam: Convolutional block attention module},
  author={Woo, Sanghyun and Park, Jongchan and Lee, Joon-Young and Kweon, In So},
  booktitle={Proceedings of the European conference on computer vision (ECCV)},
  pages={3--19},
  year={2018}
}

@inproceedings{lin2017feature,
  title={Feature pyramid networks for object detection},
  author={Lin, Tsung-Yi and Doll{\'a}r, Piotr and Girshick, Ross and He, Kaiming and Hariharan, Bharath and Belongie, Serge},
  booktitle={Proceedings of the IEEE conference on computer vision and pattern recognition},
  pages={2117--2125},
  year={2017}
}

@article{wang2004image,
  title={Image quality assessment: from error visibility to structural similarity},
  author={Wang, Zhou and Bovik, Alan C and Sheikh, Hamid R and Simoncelli, Eero P},
  journal={IEEE transactions on image processing},
  volume={13},
  number={4},
  pages={600--612},
  year={2004},
  publisher={IEEE}
}

@inproceedings{kofler2023blob,
  title={Blob loss: Instance imbalance aware loss functions for semantic segmentation},
  author={Kofler, Florian and Shit, Suprosanna and Ezhov, Ivan and Fidon, Lucas and Horvath, Izabela and Al-Maskari, Rami and Li, Hongwei Bran and Bhatia, Harsharan and Loehr, Timo and Piraud, Marie and others},
  booktitle={International Conference on Information Processing in Medical Imaging},
  pages={755--767},
  year={2023},
  organization={Springer}
}

@article{jiang2024multi,
  title={Multi-instance imbalance semantic segmentation by instance-dependent attention and adaptive hard instance mining},
  author={Jiang, Weili and Li, Yiming and Yi, Zhang and Chen, Mao and Wang, Jianyong},
  journal={Knowledge-Based Systems},
  volume={304},
  pages={112554},
  year={2024},
  publisher={Elsevier}
}

@inproceedings{long2015fully,
  title={Fully convolutional networks for semantic segmentation},
  author={Long, Jonathan and Shelhamer, Evan and Darrell, Trevor},
  booktitle={Proceedings of the IEEE conference on computer vision and pattern recognition},
  pages={3431--3440},
  year={2015}
}

@inproceedings{ronneberger2015u,
  title={U-net: Convolutional networks for biomedical image segmentation},
  author={Ronneberger, Olaf and Fischer, Philipp and Brox, Thomas},
  booktitle={Medical image computing and computer-assisted intervention--MICCAI 2015: 18th international conference, Munich, Germany, October 5-9, 2015, proceedings, part III 18},
  pages={234--241},
  year={2015},
  organization={Springer}
}

@book{ abelson-et-al:scheme,
  author = "Harold Abelson and Gerald~Jay Sussman and Julie Sussman",
  title = "Structure and Interpretation of Computer Programs",
  publisher = "MIT Press",
  address = "Cambridge, Massachusetts",
  year = "1985"
}

@inproceedings{ bgf:Lixto,
  author = "Robert Baumgartner and Georg Gottlob and Sergio Flesca",
  title = "Visual Information Extraction with {Lixto}",
  booktitle = "Proceedings of the 27th International Conference on Very Large Databases",
  pages = "119--128",
  publisher = "Morgan Kaufmann",
  address = "Rome, Italy",
  month = "September",
  year = "2001"
}

@article{ brachman-schmolze:kl-one,
  author = "Ronald~J. Brachman and James~G. Schmolze",
  title = "An overview of the {KL-ONE} knowledge representation system",
  journal = "Cognitive Science",
  volume = "9",
  number = "2",
  pages = "171--216",
  month = "April--June",
  year = "1985"
}

@article{ gottlob:nonmon,
  author = "Georg Gottlob",
  title = "Complexity results for nonmonotonic logics",
  journal = "Journal of Logic and Computation",
  volume = "2",
  number = "3",
  pages = "397--425",
  month = "June",
  year = "1992"
}

@article{ gls:hypertrees,
  author = "Georg Gottlob and Nicola Leone and Francesco Scarcello",
  title = "Hypertree Decompositions and Tractable Queries",
  journal = "Journal of Computer and System Sciences",
  volume = "64",
  number = "3",
  pages = "579--627",
  month = "May",
  year = "2002"
}

@article{ levesque:functional-foundations,
  author = "Hector~J. Levesque",
  title = "Foundations of a functional approach to knowledge representation",
  journal = "Artificial Intelligence",
  volume = "23",
  number = "2",
  pages = "155--212",
  month = "July",
  year = "1984"
}

@inproceedings{ levesque:belief,
  author = "Hector~J. Levesque",
  title = "A logic of implicit and explicit belief",
  booktitle = "Proceedings of the Fourth National Conference on Artificial Intelligence",
  publisher = "American Association for Artificial Intelligence",
  pages = "198--202",
  address = "Austin, Texas",
  month = "August",
  year = "1984"
}

@article{ nebel:jair-2000,
  author = "Bernhard Nebel",
  title = "On the compilability and expressive power of propositional planning formalisms",
  journal = "Journal of Artificial Intelligence Research",
  volume = "12",
  pages = "271--315",
  year = "2000"
}

 @misc{proceedings,
  author = {{IJCAI Proceedings}},
  title = {{IJCAI} Camera Ready Submission},
  howpublished = {\url{https://proceedings.ijcai.org/info}},
}

