@inbook{Leal2022,
   author = {Fátima Leal and Silvia García-Méndez and Benedita Malheiro and Juan C. Burguillo},
   doi = {10.1007/978-3-031-04826-5\_5},
   issn = {23673389},
   booktitle = {Lecture Notes in Networks and Systems},
   pages = {42-51},
   title = {{Explanation Plug-In for Stream-Based Collaborative Filtering}},
   volume = {468 LNNS},
   year = {2022}
}
@article{GarciaMendez2022SIMPAT,
   author = {Silvia García-Méndez and Fátima Leal and Benedita Malheiro and Juan Carlos Burguillo-Rial and Bruno Veloso and Adriana E. Chis and Horacio González–Vélez},
   doi = {10.1016/j.simpat.2022.102616},
   issn = {1569190X},
   journal = {Simulation Modelling Practice and Theory},
   pages = {102616-102628},
   title = {{Simulation, modelling and classification of wiki contributors: Spotting the good, the bad, and the ugly}},
   volume = {120},
   year = {2022}
}
@inproceedings{Hsu2021,
   author = {Cheng Hsu and Cheng-Te Li and Diego Saez-Trumper and Yi-Zhan Hsu},
   doi = {10.1109/BigData52589.2021.9671319},
   isbn = {978-1-6654-3902-2},
   booktitle = {2021 IEEE International Conference on Big Data (Big Data)},
   pages = {427-436},
   publisher = {IEEE},
   title = {{WikiContradiction: Detecting Self-Contradiction Articles on Wikipedia}},
   year = {2021}
}
@inproceedings{Trokhymovych2021,
   author = {Mykola Trokhymovych and Diego Saez-Trumper},
   doi = {10.1145/3459637.3481961},
   isbn = {9781450384469},
   booktitle = {Proceedings of the 30th ACM International Conference on Information \& Knowledge Management},
   pages = {4155-4164},
   publisher = {Association for Computing Machinery},
   title = {{WikiCheck: An end-to-end open source Automatic Fact-Checking API based on Wikipedia}},
   year = {2021}
}
@inproceedings{Chernyavskiy2021,
   author = {Anton Chernyavskiy and Dmitry Ilvovsky and Preslav Nakov},
   doi = {10.1145/3459637.3481987},
   isbn = {9781450384469},
   booktitle = {Proceedings of the 30th ACM International Conference on Information \& Knowledge Management},
   pages = {4690-4695},
   publisher = {Association for Computing Machinery},
   title = {{WhatTheWikiFact: Fact-Checking Claims Against Wikipedia}},
   year = {2021}
}
@article{Zrnec2022,
   author = {Aljaž Zrnec and Marko Poženel and Dejan Lavbič},
   doi = {10.1016/j.ipm.2021.102739},
   issn = {03064573},
   issue = {1},
   journal = {Information Processing \& Management},
   pages = {102739-102754},
   title = {{Users’ ability to perceive misinformation: An information quality assessment approach}},
   volume = {59},
   year = {2022}
}
@article{Islam2022,
   author = {Shareeful Islam and Abdulrazaq Abba and Umar Ismail and Haralambos Mouratidis and Spyridon Papastergiou},
   doi = {10.3233/ICA-220689},
   issn = {10692509},
   issue = {4},
   journal = {Integrated Computer-Aided Engineering},
   pages = {389-409},
   title = {{Vulnerability prediction for secure healthcare supply chain service delivery}},
   volume = {29},
   year = {2022}
}
@inproceedings{Kotonya2021,
   author = {Neema Kotonya and Thomas Spooner and Daniele Magazzeni and Francesca Toni},
   doi = {10.18653/v1/2021.fever-1.3},
   booktitle = {Proceedings of the Fourth Workshop on Fact Extraction and VERification (FEVER)},
   pages = {21-30},
   publisher = {Association for Computational Linguistics},
   title = {{Graph Reasoning with Context-Aware Linearization for Interpretable Fact Extraction and Verification}},
   year = {2021}
}
@article{Alexiadis2021,
   author = {Anastasios Alexiadis and Angeliki Veliskaki and Alexandros Nizamis and Angelina D. Bintoudi and Lampros Zyglakis and Andreas Triantafyllidis and Ioannis Koskinas and Dimosthenis Ioannidis and Konstantinos Votis and Dimitrios Tzovaras},
   doi = {10.3233/ICA-210669},
   issn = {10692509},
   issue = {1},
   journal = {Integrated Computer-Aided Engineering},
   pages = {43-61},
   title = {{A smarthome conversational agent performing implicit demand-response application planning}},
   volume = {29},
   year = {2021}
}
@inproceedings{Yang2019,
   author = {Fan Yang and Shiva K. Pentyala and Sina Mohseni and Mengnan Du and Hao Yuan and Rhema Linder and Eric D. Ragan and Shuiwang Ji and Xia (Ben) Hu},
   doi = {10.1145/3308558.3314119},
   isbn = {9781450366748},
   booktitle = {Proceedings of the World Wide Web Conference},
   pages = {3600-3604},
   publisher = {Association for Computing Machinery},
   title = {{XFake: Explainable Fake News Detector with Visualizations}},
   year = {2019}
}
@article{GarciaMendez2022,
   author = {Silvia García-Méndez and Francisco de Arriba-Pérez and Ana Barros-Vila and Francisco J. González-Castaño},
   doi = {10.1016/j.eswa.2022.116648},
   issn = {09574174},
   journal = {Expert Systems with Applications},
   pages = {116648-116656},
   title = {{Detection of temporality at discourse level on financial news by combining Natural Language Processing and Machine Learning}},
   volume = {197},
   year = {2022}
}
@article{Das2023,
   author = {Anubrata Das and Houjiang Liu and Venelin Kovatchev and Matthew Lease},
   doi = {10.1016/j.ipm.2022.103219},
   issn = {03064573},
   issue = {2},
   journal = {Information Processing \& Management},
   pages = {103219-103243},
   title = {{The state of human-centered NLP technology for fact-checking}},
   volume = {60},
   year = {2023}
}
@article{Kozik2022,
   author = {Rafał Kozik and Sebastian Kula and Michał Choraś and Michał Woźniak},
   doi = {10.1016/j.jocs.2022.101576},
   issn = {18777503},
   journal = {Journal of Computational Science},
   pages = {101576-101583},
   title = {{Technical solution to counter potential crime: Text analysis to detect fake news and disinformation}},
   volume = {60},
   year = {2022}
}
@article{Demartini2020,
   author = {Gianluca Demartini and Stefano Mizzaro and Damiano Spina},
   issue = {3},
   journal = {Bulletin of the IEEE Computer Society Technical Committee on Data Engineering},
   title = {{Human-in-the-loop Artificial Intelligence for Fighting Online Misinformation: Challenges and Opportunities}},
   pages = {65-74},
   volume = {43},
   year = {2020}
}
@article{Si2023,
   author = {Jiasheng Si and Yingjie Zhu and Deyu Zhou},
   doi = {10.1609/aaai.v37i11.26591},
   issn = {2374-3468},
   issue = {11},
   journal = {Proceedings of the AAAI Conference on Artificial Intelligence},
   pages = {13573-13581},
   title = {{Exploring Faithful Rationale for Multi-Hop Fact Verification via Salience-Aware Graph Learning}},
   volume = {37},
   year = {2023}
}
@inproceedings{Kotonya2020,
   author = {Neema Kotonya and Francesca Toni},
   doi = {10.18653/v1/2020.coling-main.474},
   booktitle = {Proceedings of the International Conference on Computational Linguistics},
   pages = {5430-5443},
   publisher = {International Committee on Computational Linguistics},
   title = {{Explainable Automated Fact-Checking: A Survey}},
   year = {2020}
}
@inproceedings{Gurrapu2022,
   author = {Sai Gurrapu and Lifu Huang and Feras A. Batarseh},
   doi = {10.1109/STC55697.2022.00012},
   isbn = {978-1-6654-8864-8},
   booktitle = {Proceedings of the IEEE Annual Software Technology Conference},
   pages = {19-26},
   publisher = {IEEE},
   title = {{ExClaim: Explainable Neural Claim Verification Using Rationalization}},
   year = {2022}
}
@inproceedings{Fu2022,
   author = {Dongqi Fu and Yikun Ban and Hanghang Tong and Ross Maciejewski and Jingrui He},
   doi = {10.1145/3511808.3557202},
   isbn = {9781450392365},
   booktitle = {Proceedings of the ACM International Conference on Information \& Knowledge Management},
   pages = {4848-4852},
   publisher = {Association for Computing Machinery},
   title = {{DISCO: Comprehensive and Explainable Disinformation Detection}},
   year = {2022}
}
@article{Caled2022,
   author = {Danielle Caled and Mário J. Silva},
   doi = {10.1007/s42001-021-00118-8},
   issn = {2432-2717},
   issue = {1},
   journal = {Journal of Computational Social Science},
   pages = {123-159},
   title = {{Digital media and misinformation: An outlook on multidisciplinary strategies against manipulation}},
   volume = {5},
   year = {2022}
}
@inproceedings{Bassani2019,
   author = {Elias Bassani and Marco Viviani},
   doi = {10.1145/3297280.3297357},
   isbn = {9781450359337},
   booktitle = {Proceedings of the ACM/SIGAPP Symposium on Applied Computing},
   pages = {804-807},
   publisher = {Association for Computing Machinery},
   title = {{Automatically assessing the quality of Wikipedia contents}},
   volume = {Part F147772},
   year = {2019}
}
@article{Sharma2019,
   author = {Karishma Sharma and Feng Qian and He Jiang and Natali Ruchansky and Ming Zhang and Yan Liu},
   doi = {10.1145/3305260},
   issn = {2157-6904},
   issue = {3},
   journal = {ACM Transactions on Intelligent Systems and Technology},
   pages = {21-62},
   title = {{Combating fake news: A survey on identification and mitigation techniques}},
   volume = {10},
   year = {2019}
}
@inproceedings{Sathe2020,
   author = {Aalok Sathe and Salar Ather and Tuan Manh Le and Nathan Perry and Joonsuk Park},
   booktitle = {Proceedings of the International Conference on Language Resources and Evaluation},
   pages = {6874-6882},
   isbn = {979-10-95546-34-4},
   title = {{Automated fact-checking of claims from wikipedia}},
   year = {2020}
}
@article{zhou2020survey,
  title={{A survey of fake news: Fundamental theories, detection methods, and opportunities}},
  author={Zhou, Xinyi and Zafarani, Reza},
  doi={10.1145/3395046},
  journal={ACM Computing Surveys},
  volume={53},
  number={5},
  pages={1-40},
  year={2020}
}
@article{Guo2022,
   author = {Zhijiang Guo and Michael Schlichtkrull and Andreas Vlachos},
   doi = {10.1162/tacl\_a\_00454},
   issn = {2307-387X},
   journal = {Transactions of the Association for Computational Linguistics},
   pages = {178-206},
   title = {{A Survey on Automated Fact-Checking}},
   volume = {10},
   year = {2022}
}
@article{Bordel2019,
   author = {Borja Bordel and Ramón Alcarria and Diego Martín and Diego Sánchez-de-Rivera},
   doi = {10.3233/ICA-190604},
   issn = {10692509},
   issue = {1},
   journal = {Integrated Computer-Aided Engineering},
   pages = {37-56},
   title = {{An agent-based method for trust graph calculation in resource constrained environments}},
   volume = {27},
   year = {2019}
}
@inproceedings{Ahmadi2019,
   author = {Naser Ahmadi and Joohyung Lee and Paolo Papotti and Mohammed Saeed},
   doi = {10.36370/tto.2019.15},
   booktitle = {Proceedings of the  Conference for Truth and Trust Online},
   pages = {1-9},
   publisher = {TTO Conference Ltd.},
   title = {{Explainable Fact Checking with Probabilistic Answer Set Programming}},
   year = {2019}
}
@inproceedings{Wu2020,
   author = {Lianwei Wu and Yuan Rao and yongqiang zhao and Hao Liang and Ambreen Nazir},
   doi = {10.18653/v1/2020.acl-main.97},
   issn = {0736587X},
   booktitle = {Proceedings of the Annual Meeting of the Association for Computational Linguistics},
   pages = {1024-1035},
   publisher = {Association for Computational Linguistics},
   title = {{DTCA: Decision Tree-based Co-Attention Networks for Explainable Claim Verification}},
   year = {2020}
}
@inbook{Denaux2020,
   author = {Ronald Denaux and Jose Manuel Gomez-Perez},
   doi = {10.1007/978-3-030-62419-4\_9},
   issn = {16113349},
   booktitle = {Lecture Notes in Computer Science (including subseries Lecture Notes in Artificial Intelligence and Lecture Notes in Bioinformatics)},
   pages = {147-163},
   title = {{Linked Credibility Reviews for Explainable Misinformation Detection}},
   volume = {12506 LNCS},
   publisher = {Springer},
   year = {2020}
}
@inproceedings{Shu2019,
   author = {Kai Shu and Limeng Cui and Suhang Wang and Dongwon Lee and Huan Liu},
   doi = {10.1145/3292500.3330935},
   isbn = {9781450362016},
   booktitle = {Proceedings of the ACM SIGKDD International Conference on Knowledge Discovery \& Data Mining},
   pages = {395-405},
   publisher = {Association for Computing Machinery},
   title = {{dEFEND: Explainable Fake News Detection}},
   year = {2019}
}
@inproceedings{Toreini2020,
   author = {Ehsan Toreini and Mhairi Aitken and Kovila Coopamootoo and Karen Elliott and Carlos Gonzalez Zelaya and Aad van Moorsel},
   doi = {10.1145/3351095.3372834},
   isbn = {9781450369367},
   booktitle = {Proceedings of the Conference on Fairness, Accountability, and Transparency},
   pages = {272-283},
   publisher = {Association for Computing Machinery},
   title = {{The relationship between trust in AI and trustworthy machine learning technologies}},
   year = {2020}
}
@article{Pennycook2021,
   author = {Gordon Pennycook and Ziv Epstein and Mohsen Mosleh and Antonio A. Arechar and Dean Eckles and David G. Rand},
   doi = {10.1038/s41586-021-03344-2},
   issn = {0028-0836},
   issue = {7855},
   journal = {Nature},
   pages = {590-595},
   title = {{Shifting attention to accuracy can reduce misinformation online}},
   volume = {592},
   year = {2021}
}
@article{Brand2023,
   author = {Erik Brand and Kevin Roitero and Michael Soprano and Afshin Rahimi and Gianluca Demartini},
   doi = {10.1145/3546917},
   issn = {1936-1955},
   issue = {1},
   journal = {Journal of Data and Information Quality},
   pages = {1-19},
   title = {{A Neural Model to Jointly Predict and Explain Truthfulness of Statements}},
   volume = {15},
   year = {2023}
}
@inproceedings{Furuta2021,
   author = {Tomoya Furuta and Yu Suzuki},
   doi = {10.1109/MIPR51284.2021.00046},
   isbn = {978-1-6654-1865-2},
   booktitle = {Proceedings of the International Conference on Multimedia Information Processing and Retrieval},
   pages = {243-246},
   publisher = {IEEE},
   title = {{A Fact-checking Assistant System for Textual Documents}},
   year = {2021}
}
@inproceedings{GarciaMendez2023,
   author = {Garc{\'\i}a-M{\'e}ndez, Silvia and Leal, F{\'a}tima and de Arriba-P{\'e}rez, Francisco and Malheiro, Benedita and Burguillo-Rial, Juan Carlos},
   isbn = {978-3-031-04826-5},
   booktitle = {Proceedings of the World Conference on Information Systems and Technologies},
   publisher={Springer},
   title = {{Explainable Classification of Wiki Streams}},
   year = {2023},
   note = {To appear}
}
@inbook{Tieppo2021,
   author = {Eduardo Tieppo and Jean Paul Barddal and Júlio Cesar Nievola},
   doi = {10.1007/978-3-030-91702-9\_28},
   issn = {16113349},
   booktitle = {Lecture Notes in Computer Science (including subseries Lecture Notes in Artificial Intelligence and Lecture Notes in Bioinformatics)},
   pages = {421-436},
   title = {{Classifying Potentially Unbounded Hierarchical Data Streams with Incremental Gaussian Naive Bayes}},
   volume = {13073 LNAI},
   publisher = {Springer},
   year = {2021}
}
@article{Leal2021,
   author = {Fátima Leal and Bruno Veloso and Benedita Malheiro and Juan C. Burguillo and Adriana E. Chis and Horacio González-Vélez},
   doi = {10.3233/ICA-210668},
   issn = {10692509},
   issue = {1},
   journal = {Integrated Computer-Aided Engineering},
   pages = {105-121},
   title = {{Stream-based explainable recommendations via blockchain profiling}},
   volume = {29},
   year = {2021}
}
@inproceedings{Mrabet2019,
   author = {Zakaria El Mrabet and Daisy Flora Selvaraj and Prakash Ranganathan},
   doi = {10.1109/BigData47090.2019.9005720},
   isbn = {978-1-7281-0858-2},
   booktitle = {Proceedings of the IEEE International Conference on Big Data},
   pages = {5697-5704},
   publisher = {IEEE},
   title = {{Adaptive Hoeffding Tree with Transfer Learning for Streaming Synchrophasor Data Sets}},
   year = {2019}
}
@inbook{Fatlawi2020,
   author = {Hayder K. Fatlawi and Attila Kiss},
   doi = {10.1007/978-3-030-41964-6\_29},
   issn = {16113349},
   booktitle = {Lecture Notes in Computer Science (including subseries Lecture Notes in Artificial Intelligence and Lecture Notes in Bioinformatics)},
   publisher = {Springer},
   pages = {332-344},
   title = {{On Robustness of Adaptive Random Forest Classifier on Biomedical Data Stream}},
   volume = {12033 LNAI},
   year = {2020}
}
@article{Kang2019,
   author = {Seokho Kang and Dongil Kim and Sungzoon Cho},
   doi = {10.1016/j.cie.2019.03.029},
   issn = {03608352},
   journal = {Computers \& Industrial Engineering},
   pages = {772-778},
   title = {{Approximate training of one-class support vector machines using expected margin}},
   volume = {130},
   year = {2019}
}
@inproceedings{shivansh2023cross,
  title={{Cross-Lingual Fact Checking: Automated Extraction and Verification of Information from Wikipedia using References}},
  author={Shivansh, Subramanian and Ankita, Maity and Aakash, Jain and Bhavyajeet, Singh and Harshit, Gupta and Lakshya, Khanna and Vasudeva, Varma},
  booktitle={Proceedings of the International Conference on Natural Language Processing},
  pages={828-831},
  year={2023},
  publisher={Association for Computational Linguistics}
}
@article{Petroni2023,
   author = {Fabio Petroni and Samuel Broscheit and Aleksandra Piktus and Patrick Lewis and Gautier Izacard and Lucas Hosseini and Jane Dwivedi-Yu and Maria Lomeli and Timo Schick and Michele Bevilacqua and Pierre-Emmanuel Mazaré and Armand Joulin and Edouard Grave and Sebastian Riedel},
   doi = {10.1038/s42256-023-00726-1},
   issn = {2522-5839},
   issue = {10},
   journal = {Nature Machine Intelligence},
   pages = {1142-1148},
   title = {{Improving Wikipedia verifiability with AI}},
   volume = {5},
   year = {2023}
}
@inproceedings{das2024language,
  title={{Language-Agnostic Modeling of Wikipedia Articles for Content Quality Assessment across Languages}},
  author={Das, Paramita and Johnson, Isaac and Saez-Trumper, Diego and Arag{\'o}n, Pablo},
  booktitle={Proceedings of the International AAAI Conference on Web and Social Media},
  volume={18},
  pages={1924-1934},
  year={2024},
  publisher={AAAI Press},
  issn={2334-0770}
}
@inproceedings{Chen2022,
   author = {Zhendong Chen and Siu Cheung Hui and Fuzhen Zhuang and Lejian Liao and Fei Li and Meihuizi Jia and Jiaqi Li},
   doi = {10.1145/3485447.3512135},
   booktitle = {Proceedings of the ACM Web Conference},
   pages = {2636-2645},
   publisher = {Association for Computing Machinery},
   title = {{EvidenceNet: Evidence Fusion Network for Fact Verification}},
   year = {2022}
}
@article{Rafiei2022,
   author = {Mohammad H. Rafiei and Lynne V. Gauthier and Hojjat Adeli and Daniel Takabi},
   doi = {10.1109/TNNLS.2022.3190448},
   issn = {2162-237X},
   issue = {2},
   journal = {IEEE Transactions on Neural Networks and Learning Systems},
   pages = {1-15},
   title = {{Self-Supervised Learning for Electroencephalography}},
   volume = {35},
   year = {2022}
}
@article{Rafiei2017,
   author = {Mohammad Hossein Rafiei and Hojjat Adeli},
   doi = {10.1109/TNNLS.2017.2682102},
   issn = {2162-237X},
   issue = {12},
   journal = {IEEE Transactions on Neural Networks and Learning Systems},
   pages = {3074-3083},
   title = {{A New Neural Dynamic Classification Algorithm}},
   volume = {28},
   year = {2017}
}
@article{Marcondes2023,
   author = {Francisco S. Marcondes and José João Almeida and Paulo Novais},
   doi = {10.3233/ICA-230720},
   issn = {10692509},
   issue = {1},
   journal = {Integrated Computer-Aided Engineering},
   pages = {95-115},
   title = {{An exploratory design science research on troll factories}},
   volume = {31},
   year = {2023}
}
@article{Salazar2024,
   author = {José L. Salazar-González and José María Luna-Romera and Manuel Carranza-García and Juan A. Álvarez-García and Luis M. Soria-Morillo},
   doi = {10.3233/ICA-230726},
   issn = {10692509},
   issue = {3},
   journal = {Integrated Computer-Aided Engineering},
   pages = {307-326},
   title = {{Enhancing smart home appliance recognition with wavelet and scalogram analysis using data augmentation}},
   volume = {31},
   year = {2024}
}
@article{Garg2022,
   author = {Sonal Garg and Dilip Kumar Sharma},
   doi = {10.1016/j.cie.2022.108432},
   issn = {03608352},
   journal = {Computers \& Industrial Engineering},
   pages = {108432},
   title = {{Linguistic features based framework for automatic fake news detection}},
   volume = {172},
   year = {2022}
}
@inproceedings{vyas2024real,
  title={{Real-Time Fake News Detection on the X (Twitter): An Online Machine Learning Approach}},
  author={Vyas, Piyush and Liu, Jun and Xu, Shengjie},
  pages={1339},
  isbn={978-1-958200-11-7},
  booktitle={Proceedings of the Americas Conference on Information Systems},
  year={2024}
}
@article{de2024exposing,
  title={{Exposing and explaining fake news on-the-fly}},
  author={de Arriba-P{\'e}rez, Francisco and Garc{\'\i}a-M{\'e}ndez, Silvia and Leal, F{\'a}tima and Malheiro, Benedita and Burguillo, Juan Carlos},
  journal={Machine Learning},
  pages={1-23},
  year={2024},
  doi={10.1007/s10994-024-06527-w}
}
@article{patil2022url,
  title={{URL redirection attack mitigation in social communication platform using data imbalance aware machine learning algorithm}},
  author={Patil, SS and Dinesha, HA},
  journal={Indian J Sci Technol},
  volume={15},
  pages={481-488},
  year={2022},
  doi={10.17485/IJST/v15i11.1813}
}
@article{Broda2024,
   author = {Elena Broda and Jesper Strömbäck},
   doi = {10.1080/23808985.2024.2323736},
   issn = {2380-8985},
   issue = {2},
   journal = {Annals of the International Communication Association},
   pages = {139-166},
   title = {{Misinformation, disinformation, and fake news: lessons from an interdisciplinary, systematic literature review}},
   volume = {48},
   year = {2024}
}
@article{Lisboa2023,
   author = {P.J.G. Lisboa and S. Saralajew and A. Vellido and R. Fernández-Domenech and T. Villmann},
   doi = {10.1016/j.neucom.2023.02.040},
   issn = {09252312},
   journal = {Neurocomputing},
   pages = {25-39},
   title = {{The coming of age of interpretable and explainable machine learning models}},
   volume = {535},
   year = {2023}
}
@article{nannini2024operationalizing,
  title={{Operationalizing Explainable AI in the EU Regulatory Ecosystem}},
  author={Nannini, L and Alonso-Moral, JM and Catala, A and Lama, M and Barro, S},
  journal={IEEE Intelligent Systems},
  year={2024},
  pages={37-48},
  doi={10.1109/MIS.2024.3383155}
}
@article{Borys2023,
   author = {Katarzyna Borys and Yasmin Alyssa Schmitt and Meike Nauta and Christin Seifert and Nicole Krämer and Christoph M. Friedrich and Felix Nensa},
   doi = {10.1016/j.ejrad.2023.110787},
   issn = {0720048X},
   journal = {European Journal of Radiology},
   pages = {110787},
   title = {{Explainable AI in medical imaging: An overview for clinical practitioners – Saliency-based XAI approaches}},
   volume = {162},
   year = {2023}
}
@inbook{Veerappa2021,
   author = {Manjunatha Veerappa and Mathias Anneken and Nadia Burkart},
   doi = {10.1007/978-3-030-68796-0\_15},
   issn = {16113349},
   booktitle = {Lecture Notes in Computer Science (including subseries Lecture Notes in Artificial Intelligence and Lecture Notes in Bioinformatics)},
   pages = {204-218},
   title = {{Evaluation of Interpretable Association Rule Mining Methods on Time-Series in the Maritime Domain}},
   volume = {12663 LNCS},
   year = {2021}
}
@article{Jin2022,
   author = {Di Jin and Elena Sergeeva and Wei‐Hung Weng and Geeticka Chauhan and Peter Szolovits},
   doi = {10.1002/wsbm.1548},
   issue = {3},
   journal = {WIREs Mechanisms of Disease},
   title = {{Explainable deep learning in healthcare: A methodological survey from an attribution view}},
   volume = {14},
   year = {2022},
   pages={1-25}
}
@inproceedings{Hanafi2022,
   author = {Maeda Hanafi and Yannis Katsis and Ishan Jindal and Lucian Popa},
   booktitle = {Proceedings of the Workshop on Data Science with Human-in-the-Loop},
   title = {{A Comparative Analysis between Human-in-the-loop Systems and Large Language Models for Pattern Extraction Tasks}},
   year = {2022},
   pages={43-50},
   isbn={978-1-959429-08-1},
   publisher={Association for Computational Linguistics}
}
@article{mounika2022speech,
  title={{Speech/Text To Sign Language Convertor Using NLP}},
  author={Mounika, M Kavya and Hemalatha, B and Mounka, M Sai and Sumanth, J},
  journal={UGC care Group I journal},
  pages={17-22},
  volume={12},
  number={08},
  year={2022},
  issn={2347-7180}
}
@article{Macas2023,
   author = {Beatriz Macas and Javier Garrigós and José Javier Martínez and José Manuel Ferrández and María Paula Bonomini},
   doi = {10.3233/ICA-230719},
   issn = {10692509},
   issue = {1},
   journal = {Integrated Computer-Aided Engineering},
   pages = {43-58},
   title = {{An explainable machine learning system for left bundle branch block detection and classification}},
   volume = {31},
   year = {2023}
}
@article{Mercaldo2024,
   author = {Francesco Mercaldo and Marcello Di Giammarco and Fabrizio Ravelli and Fabio Martinelli and Antonella Santone and Mario Cesarelli},
   doi = {10.1142/S0129065724500072},
   issn = {0129-0657},
   issue = {02},
   journal = {International Journal of Neural Systems},
   title = {{Alzheimer’s Disease Evaluation Through Visual Explainability by Means of Convolutional Neural Networks}},
   volume = {34},
   pages={2450007-2450007},
   year = {2024}
}
@article{Zhang2024,
   author = {Chenyi Zhang and Yu Xue and Ferrante Neri and Xu Cai and Adam Slowik},
   doi = {10.1142/S012906572450014X},
   issn = {0129-0657},
   issue = {03},
   journal = {International Journal of Neural Systems},
   title = {{Multi-Objective Self-Adaptive Particle Swarm Optimization for Large-Scale Feature Selection in Classification}},
   volume = {34},
   pages = {2450014-2450014},
   year = {2024}
}
@article{Alkharabsheh2022,
   author = {Khalid Alkharabsheh and Sadi Alawadi and Victor R. Kebande and Yania Crespo and Manuel Fernández-Delgado and José A. Taboada},
   doi = {10.1016/j.infsof.2021.106736},
   issn = {09505849},
   journal = {Information and Software Technology},
   pages = {106736},
   title = {{A comparison of machine learning algorithms on design smell detection using balanced and imbalanced dataset: A study of God class}},
   volume = {143},
   year = {2022}
}
@article{Oladimeji2024,
   author = {Oladosu Oyebisi Oladimeji and Abimbola Oladimeji and Olayanju Oladimeji},
   doi = {10.1108/ACI-01-2021-0022},
   issn = {2634-1964},
   issue = {3/4},
   journal = {Applied Computing and Informatics},
   pages = {279-286},
   title = {{Classification models for likelihood prediction of diabetes at early stage using feature selection}},
   volume = {20},
   year = {2024}
}
@article{Vanacore2023,
   author = {Amalia Vanacore and Maria Sole Pellegrino and Armando Ciardiello},
   doi = {10.1002/qre.3237},
   issn = {0748-8017},
   issue = {2},
   journal = {Quality and Reliability Engineering International},
   pages = {651-669},
   title = {{Evaluating classifier predictive performance in multi‐class problems with balanced and imbalanced data sets}},
   volume = {39},
   year = {2023}
}
@article{Janicka2019,
   author = {Maria Janicka and Maria Pszona and Aleksander Wawer},
   doi = {10.13053/cys-23-3-3281},
   issn = {2007-9737},
   issue = {3},
   journal = {Computación y Sistemas},
   title = {{Cross-Domain Failures of Fake News Detection}},
   volume = {23},
   year = {2019},
   pages = {1089–1097}
}
@article{alam2020dynamic,
  title={{A dynamic ensemble learning algorithm for neural networks}},
  doi={10.1007/s00521-019-04359-7},
  author={Alam, Kazi Md Rokibul and Siddique, Nazmul and Adeli, Hojjat},
  journal={Neural Computing and Applications},
  volume={32},
  number={12},
  pages={8675-8690},
  year={2020}
}