@inproceedings{Ahmadi2019,
   author = {Naser Ahmadi and Joohyung Lee and Paolo Papotti and Mohammed Saeed},
   doi = {10.36370/tto.2019.15},
   booktitle = {Proceedings of the  Conference for Truth and Trust Online},
   pages = {1-9},
   publisher = {TTO Conference Ltd.},
   title = {{Explainable Fact Checking with Probabilistic Answer Set Programming}},
   year = {2019}
}

@inproceedings{Bassani2019,
   author = {Elias Bassani and Marco Viviani},
   doi = {10.1145/3297280.3297357},
   isbn = {9781450359337},
   booktitle = {Proceedings of the ACM/SIGAPP Symposium on Applied Computing},
   pages = {804-807},
   publisher = {Association for Computing Machinery},
   title = {{Automatically assessing the quality of Wikipedia contents}},
   volume = {Part F147772},
   year = {2019}
}

@article{Borys2023,
   author = {Katarzyna Borys and Yasmin Alyssa Schmitt and Meike Nauta and Christin Seifert and Nicole Krämer and Christoph M. Friedrich and Felix Nensa},
   doi = {10.1016/j.ejrad.2023.110787},
   issn = {0720048X},
   journal = {European Journal of Radiology},
   pages = {110787},
   title = {{Explainable AI in medical imaging: An overview for clinical practitioners – Saliency-based XAI approaches}},
   volume = {162},
   year = {2023}
}

@article{Brand2023,
   author = {Erik Brand and Kevin Roitero and Michael Soprano and Afshin Rahimi and Gianluca Demartini},
   doi = {10.1145/3546917},
   issn = {1936-1955},
   issue = {1},
   journal = {Journal of Data and Information Quality},
   pages = {1-19},
   title = {{A Neural Model to Jointly Predict and Explain Truthfulness of Statements}},
   volume = {15},
   year = {2023}
}

@inproceedings{Chen2022,
   author = {Zhendong Chen and Siu Cheung Hui and Fuzhen Zhuang and Lejian Liao and Fei Li and Meihuizi Jia and Jiaqi Li},
   doi = {10.1145/3485447.3512135},
   booktitle = {Proceedings of the ACM Web Conference},
   pages = {2636-2645},
   publisher = {Association for Computing Machinery},
   title = {{EvidenceNet: Evidence Fusion Network for Fact Verification}},
   year = {2022}
}

@article{Das2023,
   author = {Anubrata Das and Houjiang Liu and Venelin Kovatchev and Matthew Lease},
   doi = {10.1016/j.ipm.2022.103219},
   issn = {03064573},
   issue = {2},
   journal = {Information Processing \& Management},
   pages = {103219-103243},
   title = {{The state of human-centered NLP technology for fact-checking}},
   volume = {60},
   year = {2023}
}

@article{Demartini2020,
   author = {Gianluca Demartini and Stefano Mizzaro and Damiano Spina},
   issue = {3},
   journal = {Bulletin of the IEEE Computer Society Technical Committee on Data Engineering},
   title = {{Human-in-the-loop Artificial Intelligence for Fighting Online Misinformation: Challenges and Opportunities}},
   pages = {65-74},
   volume = {43},
   year = {2020}
}

@inbook{Denaux2020,
   author = {Ronald Denaux and Jose Manuel Gomez-Perez},
   doi = {10.1007/978-3-030-62419-4\_9},
   issn = {16113349},
   booktitle = {Lecture Notes in Computer Science (including subseries Lecture Notes in Artificial Intelligence and Lecture Notes in Bioinformatics)},
   pages = {147-163},
   title = {{Linked Credibility Reviews for Explainable Misinformation Detection}},
   volume = {12506 LNCS},
   publisher = {Springer},
   year = {2020}
}

@inproceedings{Fu2022,
   author = {Dongqi Fu and Yikun Ban and Hanghang Tong and Ross Maciejewski and Jingrui He},
   doi = {10.1145/3511808.3557202},
   isbn = {9781450392365},
   booktitle = {Proceedings of the ACM International Conference on Information \& Knowledge Management},
   pages = {4848-4852},
   publisher = {Association for Computing Machinery},
   title = {{DISCO: Comprehensive and Explainable Disinformation Detection}},
   year = {2022}
}

@inproceedings{Furuta2021,
   author = {Tomoya Furuta and Yu Suzuki},
   doi = {10.1109/MIPR51284.2021.00046},
   isbn = {978-1-6654-1865-2},
   booktitle = {Proceedings of the International Conference on Multimedia Information Processing and Retrieval},
   pages = {243-246},
   publisher = {IEEE},
   title = {{A Fact-checking Assistant System for Textual Documents}},
   year = {2021}
}

@inproceedings{GarciaMendez2023,
   author = {Garc{\'\i}a-M{\'e}ndez, Silvia and Leal, F{\'a}tima and de Arriba-P{\'e}rez, Francisco and Malheiro, Benedita and Burguillo-Rial, Juan Carlos},
   isbn = {978-3-031-04826-5},
   booktitle = {Proceedings of the World Conference on Information Systems and Technologies},
   publisher={Springer},
   title = {{Explainable Classification of Wiki Streams}},
   year = {2023},
   note = {To appear}
}

@inproceedings{Gurrapu2022,
   author = {Sai Gurrapu and Lifu Huang and Feras A. Batarseh},
   doi = {10.1109/STC55697.2022.00012},
   isbn = {978-1-6654-8864-8},
   booktitle = {Proceedings of the IEEE Annual Software Technology Conference},
   pages = {19-26},
   publisher = {IEEE},
   title = {{ExClaim: Explainable Neural Claim Verification Using Rationalization}},
   year = {2022}
}

@inproceedings{Hanafi2022,
   author = {Maeda Hanafi and Yannis Katsis and Ishan Jindal and Lucian Popa},
   booktitle = {Proceedings of the Workshop on Data Science with Human-in-the-Loop},
   title = {{A Comparative Analysis between Human-in-the-loop Systems and Large Language Models for Pattern Extraction Tasks}},
   year = {2022},
   pages={43-50},
   isbn={978-1-959429-08-1},
   publisher={Association for Computational Linguistics}
}

@inproceedings{Hsu2021,
   author = {Cheng Hsu and Cheng-Te Li and Diego Saez-Trumper and Yi-Zhan Hsu},
   doi = {10.1109/BigData52589.2021.9671319},
   isbn = {978-1-6654-3902-2},
   booktitle = {2021 IEEE International Conference on Big Data (Big Data)},
   pages = {427-436},
   publisher = {IEEE},
   title = {{WikiContradiction: Detecting Self-Contradiction Articles on Wikipedia}},
   year = {2021}
}

@article{Jin2022,
   author = {Di Jin and Elena Sergeeva and Wei‐Hung Weng and Geeticka Chauhan and Peter Szolovits},
   doi = {10.1002/wsbm.1548},
   issue = {3},
   journal = {WIREs Mechanisms of Disease},
   title = {{Explainable deep learning in healthcare: A methodological survey from an attribution view}},
   volume = {14},
   year = {2022},
   pages={1-25}
}

@inproceedings{Kotonya2021,
   author = {Neema Kotonya and Thomas Spooner and Daniele Magazzeni and Francesca Toni},
   doi = {10.18653/v1/2021.fever-1.3},
   booktitle = {Proceedings of the Fourth Workshop on Fact Extraction and VERification (FEVER)},
   pages = {21-30},
   publisher = {Association for Computational Linguistics},
   title = {{Graph Reasoning with Context-Aware Linearization for Interpretable Fact Extraction and Verification}},
   year = {2021}
}

@article{Leal2021,
   author = {Fátima Leal and Bruno Veloso and Benedita Malheiro and Juan C. Burguillo and Adriana E. Chis and Horacio González-Vélez},
   doi = {10.3233/ICA-210668},
   issn = {10692509},
   issue = {1},
   journal = {Integrated Computer-Aided Engineering},
   pages = {105-121},
   title = {{Stream-based explainable recommendations via blockchain profiling}},
   volume = {29},
   year = {2021}
}

@article{Pennycook2021,
   author = {Gordon Pennycook and Ziv Epstein and Mohsen Mosleh and Antonio A. Arechar and Dean Eckles and David G. Rand},
   doi = {10.1038/s41586-021-03344-2},
   issn = {0028-0836},
   issue = {7855},
   journal = {Nature},
   pages = {590-595},
   title = {{Shifting attention to accuracy can reduce misinformation online}},
   volume = {592},
   year = {2021}
}

@article{Petroni2023,
   author = {Fabio Petroni and Samuel Broscheit and Aleksandra Piktus and Patrick Lewis and Gautier Izacard and Lucas Hosseini and Jane Dwivedi-Yu and Maria Lomeli and Timo Schick and Michele Bevilacqua and Pierre-Emmanuel Mazaré and Armand Joulin and Edouard Grave and Sebastian Riedel},
   doi = {10.1038/s42256-023-00726-1},
   issn = {2522-5839},
   issue = {10},
   journal = {Nature Machine Intelligence},
   pages = {1142-1148},
   title = {{Improving Wikipedia verifiability with AI}},
   volume = {5},
   year = {2023}
}

@inproceedings{Sathe2020,
   author = {Aalok Sathe and Salar Ather and Tuan Manh Le and Nathan Perry and Joonsuk Park},
   booktitle = {Proceedings of the International Conference on Language Resources and Evaluation},
   pages = {6874-6882},
   isbn = {979-10-95546-34-4},
   title = {{Automated fact-checking of claims from wikipedia}},
   year = {2020}
}

@article{Sharma2019,
   author = {Karishma Sharma and Feng Qian and He Jiang and Natali Ruchansky and Ming Zhang and Yan Liu},
   doi = {10.1145/3305260},
   issn = {2157-6904},
   issue = {3},
   journal = {ACM Transactions on Intelligent Systems and Technology},
   pages = {21-62},
   title = {{Combating fake news: A survey on identification and mitigation techniques}},
   volume = {10},
   year = {2019}
}

@inproceedings{Shu2019,
   author = {Kai Shu and Limeng Cui and Suhang Wang and Dongwon Lee and Huan Liu},
   doi = {10.1145/3292500.3330935},
   isbn = {9781450362016},
   booktitle = {Proceedings of the ACM SIGKDD International Conference on Knowledge Discovery \& Data Mining},
   pages = {395-405},
   publisher = {Association for Computing Machinery},
   title = {{dEFEND: Explainable Fake News Detection}},
   year = {2019}
}

@inbook{Veerappa2021,
   author = {Manjunatha Veerappa and Mathias Anneken and Nadia Burkart},
   doi = {10.1007/978-3-030-68796-0\_15},
   issn = {16113349},
   booktitle = {Lecture Notes in Computer Science (including subseries Lecture Notes in Artificial Intelligence and Lecture Notes in Bioinformatics)},
   pages = {204-218},
   title = {{Evaluation of Interpretable Association Rule Mining Methods on Time-Series in the Maritime Domain}},
   volume = {12663 LNCS},
   year = {2021}
}

@inproceedings{Wu2020,
   author = {Lianwei Wu and Yuan Rao and yongqiang zhao and Hao Liang and Ambreen Nazir},
   doi = {10.18653/v1/2020.acl-main.97},
   issn = {0736587X},
   booktitle = {Proceedings of the Annual Meeting of the Association for Computational Linguistics},
   pages = {1024-1035},
   publisher = {Association for Computational Linguistics},
   title = {{DTCA: Decision Tree-based Co-Attention Networks for Explainable Claim Verification}},
   year = {2020}
}

@inproceedings{Yang2019,
   author = {Fan Yang and Shiva K. Pentyala and Sina Mohseni and Mengnan Du and Hao Yuan and Rhema Linder and Eric D. Ragan and Shuiwang Ji and Xia (Ben) Hu},
   doi = {10.1145/3308558.3314119},
   isbn = {9781450366748},
   booktitle = {Proceedings of the World Wide Web Conference},
   pages = {3600-3604},
   publisher = {Association for Computing Machinery},
   title = {{XFake: Explainable Fake News Detector with Visualizations}},
   year = {2019}
}

@inproceedings{das2024language,
  title={{Language-Agnostic Modeling of Wikipedia Articles for Content Quality Assessment across Languages}},
  author={Das, Paramita and Johnson, Isaac and Saez-Trumper, Diego and Arag{\'o}n, Pablo},
  booktitle={Proceedings of the International AAAI Conference on Web and Social Media},
  volume={18},
  pages={1924-1934},
  year={2024},
  publisher={AAAI Press},
  issn={2334-0770}
}

@inproceedings{shivansh2023cross,
  title={{Cross-Lingual Fact Checking: Automated Extraction and Verification of Information from Wikipedia using References}},
  author={Shivansh, Subramanian and Ankita, Maity and Aakash, Jain and Bhavyajeet, Singh and Harshit, Gupta and Lakshya, Khanna and Vasudeva, Varma},
  booktitle={Proceedings of the International Conference on Natural Language Processing},
  pages={828-831},
  year={2023},
  publisher={Association for Computational Linguistics}
}

