@misc{anantha_protip_2023,
	title = {{ProTIP}: {Progressive} {Tool} {Retrieval} {Improves} {Planning}},
	url = {https://arxiv.org/abs/2312.10332},
	author = {Anantha, Raviteja and Bandyopadhyay, Bortik and Kashi, Anirudh and Mahinder, Sayantan and Hill, Andrew W. and Chappidi, Srinivas},
	year = {2023},
	note = {\textit{Preprint}, arXiv:2312.10332},
}

@misc{anthropic_contextual_2024,
    title = {Introducing contextual retrieval},
    url = {https://www.anthropic.com/news/contextual-retrieval},
    author = {{Anthropic}},
    year = {2024},
}

@misc{asai_self-rag_2023,
	title = {Self-{RAG}: {Learning} to {Retrieve}, {Generate}, and {Critique} through {Self}-{Reflection}},
	url = {https://arxiv.org/abs/2310.11511},
	author = {Asai, Akari and Wu, Zeqiu and Wang, Yizhong and Sil, Avirup and Hajishirzi, Hannaneh},
	year = {2023},
	note = {\textit{Preprint}, arXiv:2310.11511},
}

@misc{chen2024reinvoketoolinvocationrewriting,
      title={Re-Invoke: Tool Invocation Rewriting for Zero-Shot Tool Retrieval}, 
      author={Yanfei Chen and Jinsung Yoon and Devendra Singh Sachan and Qingze Wang and Vincent Cohen-Addad and Mohammadhossein Bateni and Chen-Yu Lee and Tomas Pfister},
      year={2024},
      eprint={2408.01875},
      archivePrefix={arXiv},
      primaryClass={cs.CL},
      url={https://arxiv.org/abs/2408.01875}, 
}

@misc{du_anytool_2024,
	title = {{AnyTool}: {Self}-{Reflective}, {Hierarchical} {Agents} for {Large}-{Scale} {API} {Calls}},
	url = {https://arxiv.org/abs/2402.04253},
	author = {Du, Yu and Wei, Fangyun and Zhang, Hongyang},
	year = {2024},
	note = {\textit{Preprint}, arXiv:2402.04253},
}

@misc{gao2024retrievalaugmentedgenerationlargelanguage,
      title={Retrieval-Augmented Generation for Large Language Models: A Survey}, 
      author={Yunfan Gao and Yun Xiong and Xinyu Gao and Kangxiang Jia and Jinliu Pan and Yuxi Bi and Yi Dai and Jiawei Sun and Meng Wang and Haofen Wang},
      year={2024},
      eprint={2312.10997},
      archivePrefix={arXiv},
      primaryClass={cs.CL},
      url={https://arxiv.org/abs/2312.10997}, 
}

@misc{gutiérrez2024hipporagneurobiologicallyinspiredlongterm,
      title={HippoRAG: Neurobiologically Inspired Long-Term Memory for Large Language Models}, 
      author={Bernal Jiménez Gutiérrez and Yiheng Shu and Yu Gu and Michihiro Yasunaga and Yu Su},
      year={2024},
      eprint={2405.14831},
      archivePrefix={arXiv},
      primaryClass={cs.CL},
      url={https://arxiv.org/abs/2405.14831}, 
}

@misc{he2024gretrieverretrievalaugmentedgenerationtextual,
      title={G-Retriever: Retrieval-Augmented Generation for Textual Graph Understanding and Question Answering}, 
      author={Xiaoxin He and Yijun Tian and Yifei Sun and Nitesh V. Chawla and Thomas Laurent and Yann LeCun and Xavier Bresson and Bryan Hooi},
      year={2024},
      eprint={2402.07630},
      archivePrefix={arXiv},
      primaryClass={cs.LG},
      url={https://arxiv.org/abs/2402.07630}, 
}

@misc{hu2024graggraphretrievalaugmentedgeneration,
      title={GRAG: Graph Retrieval-Augmented Generation}, 
      author={Yuntong Hu and Zhihan Lei and Zheng Zhang and Bo Pan and Chen Ling and Liang Zhao},
      year={2024},
      eprint={2405.16506},
      archivePrefix={arXiv},
      primaryClass={cs.LG},
      url={https://arxiv.org/abs/2405.16506}, 
}

@misc{jiang2023diffkgknowledgegraphdiffusion,
      title={DiffKG: Knowledge Graph Diffusion Model for Recommendation}, 
      author={Yangqin Jiang and Yuhao Yang and Lianghao Xia and Chao Huang},
      year={2023},
      eprint={2312.16890},
      archivePrefix={arXiv},
      primaryClass={cs.IR},
      url={https://arxiv.org/abs/2312.16890}, 
}

@misc{jin2024graphchainofthoughtaugmentinglarge,
      title={Graph Chain-of-Thought: Augmenting Large Language Models by Reasoning on Graphs}, 
      author={Bowen Jin and Chulin Xie and Jiawei Zhang and Kashob Kumar Roy and Yu Zhang and Zheng Li and Ruirui Li and Xianfeng Tang and Suhang Wang and Yu Meng and Jiawei Han},
      year={2024},
      eprint={2404.07103},
      archivePrefix={arXiv},
      primaryClass={cs.CL},
      url={https://arxiv.org/abs/2404.07103}, 
}

@misc{joshi_reaper_2024,
	title = {{REAPER}: {Reasoning} based {Retrieval} {Planning} for {Complex} {RAG} {Systems}},
	url = {https://arxiv.org/abs/2407.18553},
	author = {Joshi, Ashutosh and Sarwar, Sheikh Muhammad and Varshney, Samarth and Nag, Sreyashi and Agrawal, Shrivats and Naik, Juhi},
	year = {2024},
	note = {\textit{Preprint}, arXiv:2407.18553},
}

@misc{khattab_demonstrate-search-predict_2023,
	title = {Demonstrate-{Search}-{Predict}: {Composing} retrieval and language models for knowledge-intensive {NLP}},
	url = {https://arxiv.org/abs/2212.14024},
	author = {Khattab, Omar and Santhanam, Keshav and Li, Xiang Lisa and Hall, David and Liang, Percy and Potts, Christopher and Zaharia, Matei},
	year = {2023},
	note = {\textit{Preprint}, arXiv:2212.14024},
}

@misc{langchain_parent_document_retriever_2023,
  author = {{Langchain}},
  title = {How to use the Parent Document Retriever},
  url = {https://python.langchain.com/docs/how_to/parent_document_retriever/},
  year = {2023}
}

@misc{li2024decodinggraphsfaithfulsound,
      title={Decoding on Graphs: Faithful and Sound Reasoning on Knowledge Graphs through Generation of Well-Formed Chains}, 
      author={Kun Li and Tianhua Zhang and Xixin Wu and Hongyin Luo and James Glass and Helen Meng},
      year={2024},
      eprint={2410.18415},
      archivePrefix={arXiv},
      primaryClass={cs.CL},
      url={https://arxiv.org/abs/2410.18415}, 
}

@misc{li2024structragboostingknowledgeintensive,
      title={StructRAG: Boosting Knowledge Intensive Reasoning of LLMs via Inference-time Hybrid Information Structurization}, 
      author={Zhuoqun Li and Xuanang Chen and Haiyang Yu and Hongyu Lin and Yaojie Lu and Qiaoyu Tang and Fei Huang and Xianpei Han and Le Sun and Yongbin Li},
      year={2024},
      eprint={2410.08815},
      archivePrefix={arXiv},
      primaryClass={cs.CL},
      url={https://arxiv.org/abs/2410.08815}, 
}

@misc{li_api_bank_2023,
	title = {{API}-{Bank}: {A} {Comprehensive} {Benchmark} for {Tool}-{Augmented} {LLMs}},
	url = {https://arxiv.org/abs/2304.08244},
	author = {Li, Minghao and Zhao, Yingxiu and Yu, Bowen and Song, Feifan and Li, Hangyu and Yu, Haiyang and Li, Zhoujun and Huang, Fei and Li, Yongbin},
	year = {2023},
	note = {\textit{Preprint}, arXiv:2304.08244},
}

@misc{liu2023controlllmaugmentlanguagemodels,
      title={ControlLLM: Augment Language Models with Tools by Searching on Graphs}, 
      author={Zhaoyang Liu and Zeqiang Lai and Zhangwei Gao and Erfei Cui and Ziheng Li and Xizhou Zhu and Lewei Lu and Qifeng Chen and Yu Qiao and Jifeng Dai and Wenhai Wang},
      year={2023},
      eprint={2310.17796},
      archivePrefix={arXiv},
      primaryClass={cs.CV},
      url={https://arxiv.org/abs/2310.17796}, 
}

@misc{liu2024toolnetconnectinglargelanguage,
      title={ToolNet: Connecting Large Language Models with Massive Tools via Tool Graph}, 
      author={Xukun Liu and Zhiyuan Peng and Xiaoyuan Yi and Xing Xie and Lirong Xiang and Yuchen Liu and Dongkuan Xu},
      year={2024},
      eprint={2403.00839},
      archivePrefix={arXiv},
      primaryClass={cs.AI},
      url={https://arxiv.org/abs/2403.00839}, 
}

@misc{lumer2024toolshedscaletoolequippedagents,
      title={Toolshed: Scale Tool-Equipped Agents with Advanced RAG-Tool Fusion and Tool Knowledge Bases}, 
      author={Elias Lumer and Vamse Kumar Subbiah and James A. Burke and Pradeep Honaganahalli Basavaraju and Austin Huber},
      year={2024},
      eprint={2410.14594},
      archivePrefix={arXiv},
      primaryClass={cs.CL},
      url={https://arxiv.org/abs/2410.14594}, 
}

@misc{ma_query_2023,
	title = {Query {Rewriting} for {Retrieval}-{Augmented} {Large} {Language} {Models}},
	url = {https://arxiv.org/abs/2305.14283},
	author = {Ma, Xinbei and Gong, Yeyun and He, Pengcheng and Zhao, Hai and Duan, Nan},
	year = {2023},
	note = {\textit{Preprint}, arXiv:2305.14283},
}

@misc{moon_efficient_2024,
	title = {Efficient and {Scalable} {Estimation} of {Tool} {Representations} in {Vector} {Space}},
	url = {https://arxiv.org/abs/2409.02141},
	author = {Moon, Suhong and Jha, Siddharth and Erdogan, Lutfi Eren and Kim, Sehoon and Lim, Woosang and Keutzer, Kurt and Gholami, Amir},
	year = {2024},
	note = {\textit{Preprint}, arXiv:2409.02141},
}

@misc{neo4j_graphrag_2024,
    author = {{Neo4j}},
    title = {Graph RAG},
    year = {2024},
    url = {https://graphrag.com/}
}

@misc{ozsoy2024text2cypherbridgingnaturallanguage,
      title={Text2Cypher: Bridging Natural Language and Graph Databases}, 
      author={Makbule Gulcin Ozsoy and Leila Messallem and Jon Besga and Gianandrea Minneci},
      year={2024},
      eprint={2412.10064},
      archivePrefix={arXiv},
      primaryClass={cs.LG},
      url={https://arxiv.org/abs/2412.10064}, 
}

@misc{peng2024graphretrievalaugmentedgenerationsurvey,
      title={Graph Retrieval-Augmented Generation: A Survey}, 
      author={Boci Peng and Yun Zhu and Yongchao Liu and Xiaohe Bo and Haizhou Shi and Chuntao Hong and Yan Zhang and Siliang Tang},
      year={2024},
      eprint={2408.08921},
      archivePrefix={arXiv},
      primaryClass={cs.AI},
      url={https://arxiv.org/abs/2408.08921}, 
}

@misc{raudaschl_forget_2023,
	title = {Forget {RAG}, the future is {RAG}-{Fusion}: {The} next frontier of search: {Retrieval} {Augmented} {Generation} meets {Reciprocal} {Rank} {Fusion} and generated queries},
	url = {https://towardsdatascience.com/forget-rag-the-future-is-rag-fusion-1147298d8ad1},
	author = {Raudaschl, A. H.},
	year = {2023},
}

@misc{sarmah2024hybridragintegratingknowledgegraphs,
      title={HybridRAG: Integrating Knowledge Graphs and Vector Retrieval Augmented Generation for Efficient Information Extraction}, 
      author={Bhaskarjit Sarmah and Benika Hall and Rohan Rao and Sunil Patel and Stefano Pasquali and Dhagash Mehta},
      year={2024},
      eprint={2408.04948},
      archivePrefix={arXiv},
      primaryClass={cs.CL},
      url={https://arxiv.org/abs/2408.04948}, 
}

@misc{sequeda2023benchmarkunderstandroleknowledge,
      title={A Benchmark to Understand the Role of Knowledge Graphs on Large Language Model's Accuracy for Question Answering on Enterprise SQL Databases}, 
      author={Juan Sequeda and Dean Allemang and Bryon Jacob},
      year={2023},
      eprint={2311.07509},
      archivePrefix={arXiv},
      primaryClass={cs.AI},
      url={https://arxiv.org/abs/2311.07509}, 
}

@misc{setty_improving_2024,
	title = {Improving {Retrieval} for {RAG} based {Question} {Answering} {Models} on {Financial} {Documents}},
	url = {https://arxiv.org/abs/2404.07221},
	author = {Setty, Spurthi and Thakkar, Harsh and Lee, Alyssa and Chung, Eden and Vidra, Natan},
	year = {2024},
	note = {\textit{Preprint}, arXiv:2404.07221},
}

@misc{sun2024thinkongraphdeepresponsiblereasoning,
      title={Think-on-Graph: Deep and Responsible Reasoning of Large Language Model on Knowledge Graph}, 
      author={Jiashuo Sun and Chengjin Xu and Lumingyuan Tang and Saizhuo Wang and Chen Lin and Yeyun Gong and Lionel M. Ni and Heung-Yeung Shum and Jian Guo},
      year={2024},
      eprint={2307.07697},
      archivePrefix={arXiv},
      primaryClass={cs.CL},
      url={https://arxiv.org/abs/2307.07697}, 
}

@misc{sun_is_2023,
	title = {Is {ChatGPT} {Good} at {Search}? {Investigating} {Large} {Language} {Models} as {Re}-{Ranking} {Agents}},
	url = {https://arxiv.org/abs/2304.09542},
	author = {Sun, Weiwei and Yan, Lingyong and Ma, Xinyu and Wang, Shuaiqiang and Ren, Pengjie and Chen, Zhumin and Yin, Dawei and Ren, Zhaochun},
	year = {2023},
	note = {\textit{Preprint}, arXiv:2304.09542},
}

@misc{tang_multihop-rag_2024,
	title = {{MultiHop}-{RAG}: {Benchmarking} {Retrieval}-{Augmented} {Generation} for {Multi}-{Hop} {Queries}},
	url = {https://arxiv.org/abs/2401.15391},
	author = {Tang, Yixuan and Yang, Yi},
	year = {2024},
	note = {\textit{Preprint}, arXiv:2401.15391},
}

@misc{trivedi_interleaving_2023,
	title = {Interleaving {Retrieval} with {Chain}-of-{Thought} {Reasoning} for {Knowledge}-{Intensive} {Multi}-{Step} {Questions}},
	url = {https://arxiv.org/abs/2212.10509},
	author = {Trivedi, Harsh and Balasubramanian, Niranjan and Khot, Tushar and Sabharwal, Ashish},
	year = {2023},
	note = {\textit{Preprint}, arXiv:2212.10509},
}

@misc{wu2024medicalgraphragsafe,
      title={Medical Graph RAG: Towards Safe Medical Large Language Model via Graph Retrieval-Augmented Generation}, 
      author={Junde Wu and Jiayuan Zhu and Yunli Qi and Jingkun Chen and Min Xu and Filippo Menolascina and Vicente Grau},
      year={2024},
      eprint={2408.04187},
      archivePrefix={arXiv},
      primaryClass={cs.CV},
      url={https://arxiv.org/abs/2408.04187}, 
}

@misc{xu_rewoo_2023,
	title = {{ReWOO}: {Decoupling} {Reasoning} from {Observations} for {Efficient} {Augmented} {Language} {Models}},
	url = {https://arxiv.org/abs/2305.18323},
	author = {Xu, Binfeng and Peng, Zhiyuan and Lei, Bowen and Mukherjee, Subhabrata and Liu, Yuchen and Xu, Dongkuan},
	year = {2023},
	note = {\textit{Preprint}, arXiv:2305.18323},
}

@misc{yan_corrective_2024,
	title = {Corrective {Retrieval} {Augmented} {Generation}},
	url = {https://arxiv.org/abs/2401.15884},
	author = {Yan, Shi-Qi and Gu, Jia-Chen and Zhu, Yun and Ling, Zhen-Hua},
	year = {2024},
	note = {\textit{Preprint}, arXiv:2401.15884},
}

@misc{yang_advanced_2023,
    author = {Yang, Sophia},
    title = {Advanced RAG 01: Small-to-Big Retrieval},
    year = {2023},
    url = {https://towardsdatascience.com/advanced-rag-01-small-to-big-retrieval-172181b396d4},
    note = {Towards Data Science}
}

@misc{yao_react_2023,
	title = {{ReAct}: {Synergizing} {Reasoning} and {Acting} in {Language} {Models}},
	url = {https://arxiv.org/abs/2210.03629},
	author = {Yao, Shunyu and Zhao, Jeffrey and Yu, Dian and Du, Nan and Shafran, Izhak and Narasimhan, Karthik and Cao, Yuan},
	year = {2023},
	note = {\textit{Preprint}, arXiv:2210.03629},
}

@misc{yuan_easytool_2024,
	title = {{EASYTOOL}: {Enhancing} {LLM}-based {Agents} with {Concise} {Tool} {Instruction}},
	url = {https://arxiv.org/abs/2401.06201},
	author = {Yuan, Siyu and Song, Kaitao and Chen, Jiangjie and Tan, Xu and Shen, Yongliang and Kan, Ren and Li, Dongsheng and Yang, Deqing},
	year = {2024},
	note = {\textit{Preprint}, arXiv:2401.06201},
}

@misc{zaratiana2024grapherstructureawaretexttographmodel,
      title={GraphER: A Structure-aware Text-to-Graph Model for Entity and Relation Extraction}, 
      author={Urchade Zaratiana and Nadi Tomeh and Niama El Khbir and Pierre Holat and Thierry Charnois},
      year={2024},
      eprint={2404.12491},
      archivePrefix={arXiv},
      primaryClass={cs.CL},
      url={https://arxiv.org/abs/2404.12491}, 
}

@misc{zhang2023graphtoolformerempowerllmsgraph,
      title={Graph-ToolFormer: To Empower LLMs with Graph Reasoning Ability via Prompt Augmented by ChatGPT}, 
      author={Jiawei Zhang},
      year={2023},
      eprint={2304.11116},
      archivePrefix={arXiv},
      primaryClass={cs.AI},
      url={https://arxiv.org/abs/2304.11116}, 
}

@misc{zheng_take_2024,
	title = {Take a {Step} {Back}: {Evoking} {Reasoning} via {Abstraction} in {Large} {Language} {Models}},
	url = {https://arxiv.org/abs/2310.06117},
	author = {Zheng, Huaixiu Steven and Mishra, Swaroop and Chen, Xinyun and Cheng, Heng-Tze and Chi, Ed H. and Le, Quoc V. and Zhou, Denny},
	year = {2024},
	note = {\textit{Preprint}, arXiv:2310.06117},
}

