@inproceedings{BrookeICML19,
  title={Conditioning by adaptive sampling for robust design},
  author={Brookes, David and Park, Hahnbeom and Listgarten, Jennifer},
  booktitle={International conference on machine learning},
  pages={773--782},
  year={2019},
  organization={PMLR}
}

@article{ClaraNeurIPs20,
  title={Autofocused oracles for model-based design},
  author={Fannjiang, Clara and Listgarten, Jennifer},
  journal={Advances in Neural Information Processing Systems},
  volume={33},
  pages={12945--12956},
  year={2020}
}

@inproceedings{NghiaICML24,
      title={Boosting Offline Optimizers with Surrogate Sensitivity}, 
      author={Manh Cuong Dao and Phi Le Nguyen and Thao Nguyen Truong and Trong Nghia Hoang},
      year={2024},
      booktitle = {ICML},
}

@inproceedings{Snoek12,
   author = "J. Snoek and L. Hugo and R. P. Adams",
   title = "Practical {B}ayesian Optimization of Machine Learning Algorithms",
   booktitle = "Advances in Neural Information Processing Systems",
   pages = "2960--2968",
   year = {2012}
 }

@inproceedings{TrabuccoICML21,
  title={Conservative objective models for effective offline model-based optimization},
  author={Trabucco, Brandon and Kumar, Aviral and Geng, Xinyang and Levine, Sergey},
  booktitle={International Conference on Machine Learning},
  pages={10358--10368},
  year={2021},
  organization={PMLR}
}

@inproceedings{Wang13,
   author = "Z. Wang and M. Zoghi and F. Hutter and D. Matheson and N. {de Freitas}",
   title = "{B}ayesian Optimization in High Dimensions via Random Embeddings",
   booktitle = "International Joint Conference on Artificial Intelligence",
   pages = "1778--1784",
   year = {2013}
 }

@inproceedings{WangAISTATS18,
  title={Stochastic zeroth-order optimization in high dimensions},
  author={Wang, Yining and Du, Simon and Balakrishnan, Sivaraman and Singh, Aarti},
  booktitle={International conference on artificial intelligence and statistics},
  pages={1356--1365},
  year={2018},
  organization={PMLR}
}

@inproceedings{YassineAAAI24,
    author = {Yassine Chemingui and Aryan Deshwal and Trong Nghia Hoang and Janardhan Rao Doppa},
    title = {Offline Model-based Optimization via Policy-Guided Gradient Search},
    booktitle = {AAAI Conference on Artificial Intelligence},
    year = {2024}
}

@article{YuNeurIPs21,
  title={Roma: Robust model adaptation for offline model-based optimization},
  author={Yu, Sihyun and Ahn, Sungsoo and Song, Le and Shin, Jinwoo},
  journal={Advances in Neural Information Processing Systems},
  volume={34},
  pages={4619--4631},
  year={2021}
}

@article{eriksson2019scalable,
  title={Scalable global optimization via local Bayesian optimization},
  author={Eriksson, David and Pearce, Michael and Gardner, Jacob and Turner, Ryan D and Poloczek, Matthias},
  journal={Advances in {N}eural {I}nformation {P}rocessing {S}ystems},
  volume={32},
  year={2019}
}

@misc{krishnamoorthy2023diffusion,
      title={Diffusion Models for Black-Box Optimization}, 
      author={Siddarth Krishnamoorthy and Satvik Mehul Mashkaria and Aditya Grover},
      year={2023},
      eprint={2306.07180},
      archivePrefix={arXiv},
      primaryClass={cs.LG}
}

@inproceedings{krishnamoorthy2023generative,
title={Generative Pretraining for Black-Box Optimization}, 
author={Siddarth Krishnamoorthy and Satvik Mehul Mashkaria and Aditya Grover},
booktitle={Internation Conference on Machine Learning},
year={2023}
}

@article{kumar2020model,
  title={Model inversion networks for model-based optimization},
  author={Kumar, Aviral and Levine, Sergey},
  journal={Advances in Neural Information Processing Systems},
  volume={33},
  pages={5126--5137},
  year={2020}
}

