@article{dmonte2024classifying,
  title={Classifying Human-Generated and AI-Generated Election Claims in Social Media},
  author={Dmonte, Alphaeus and Zampieri, Marcos and Lybarger, Kevin and Albanese, Massimiliano},
  journal={arXiv preprint arXiv:2404.16116},
  year={2024}
}

@article{lim2023artificial,
  title={Artificial intelligence for health message generation: an empirical study using a large language model (LLM) and prompt engineering},
  author={Lim, Sue and Schm{\"a}lzle, Ralf},
  journal={Frontiers in Communication},
  volume={8},
  pages={1129082},
  year={2023},
  publisher={Frontiers Media SA}
}

@article{rossetti2024social,
  title={Y social: an llm-powered social media digital twin},
  author={Rossetti, Giulio and Stella, Massimo and Cazabet, R{\'e}my and Abramski, Katherine and Cau, Erica and Citraro, Salvatore and Failla, Andrea and Improta, Riccardo and Morini, Virginia and Pansanella, Valentina},
  journal={arXiv preprint arXiv:2408.00818},
  year={2024}
}

@inproceedings{yu2024repalm,
  title={RePALM: Popular Quote Tweet Generation via Auto-Response Augmentation},
  author={Yu, Erxin and Li, Jing and Xu, Chunpu},
  booktitle={Findings of the Association for Computational Linguistics ACL 2024},
  pages={9566--9579},
  year={2024}
}

