@article{yao2024cacheblend,
  title={CacheBlend: Fast Large Language Model Serving with Cached Knowledge Fusion},
  author={Yao, Jiayi and Li, Hanchen and Liu, Yuhan and Ray, Siddhant and Cheng, Yihua and Zhang, Qizheng and Du, Kuntai and Lu, Shan and Jiang, Junchen},
  journal={arXiv preprint arXiv:2405.16444},
  year={2024}
}

@article{zhang2024attention,
  title={Attention Entropy is a Key Factor: An Analysis of Parallel Context Encoding with Full-attention-based Pre-trained Language Models},
  author={Zhang, Zhisong and Wang, Yan and Huang, Xinting and Fang, Tianqing and Zhang, Hongming and Deng, Chenlong and Li, Shuaiyi and Yu, Dong},
  journal={arXiv preprint arXiv:2412.16545},
  year={2024}
}

@article{sun2024block,
  title={Block-Attention for Efficient RAG},
  author={Sun, East and Wang, Yan and Tian, Lan},
  journal={arXiv preprint arXiv:2409.15355},
  year={2024}
}

@inproceedings{joshi2017triviaqa,
  title={TriviaQA: A Large Scale Distantly Supervised Challenge Dataset for Reading Comprehension},
  author={Joshi, Mandar and Choi, Eunsol and Weld, Daniel S and Zettlemoyer, Luke},
  booktitle={Proceedings of the 55th Annual Meeting of the Association for Computational Linguistics (Volume 1: Long Papers)},
  pages={1601--1611},
  year={2017}
}

@inproceedings{ho2020constructing,
  title={Constructing A Multi-hop QA Dataset for Comprehensive Evaluation of Reasoning Steps},
  author={Ho, Xanh and Nguyen, Anh-Khoa Duong and Sugawara, Saku and Aizawa, Akiko},
  booktitle={Proceedings of the 28th International Conference on Computational Linguistics},
  pages={6609--6625},
  year={2020}
}

@article{wang2024helpsteer2,
  title={HelpSteer2: Open-source dataset for training top-performing reward models},
  author={Wang, Zhilin and Dong, Yi and Delalleau, Olivier and Zeng, Jiaqi and Shen, Gerald and Egert, Daniel and Zhang, Jimmy J and Sreedhar, Makesh Narsimhan and Kuchaiev, Oleksii},
  journal={arXiv preprint arXiv:2406.08673},
  year={2024}
}

@inproceedings{narayan2018don,
  title={Donâ€™t Give Me the Details, Just the Summary! Topic-Aware Convolutional Neural Networks for Extreme Summarization},
  author={Narayan, Shashi and Cohen, Shay B and Lapata, Mirella},
  booktitle={Proceedings of the 2018 Conference on Empirical Methods in Natural Language Processing},
  pages={1797--1807},
  year={2018}
}

@article{lambert2024t,
  title={T$\backslash$" ULU 3: Pushing Frontiers in Open Language Model Post-Training},
  author={Lambert, Nathan and Morrison, Jacob and Pyatkin, Valentina and Huang, Shengyi and Ivison, Hamish and Brahman, Faeze and Miranda, Lester James V and Liu, Alisa and Dziri, Nouha and Lyu, Shane and others},
  journal={arXiv preprint arXiv:2411.15124},
  year={2024}
}

@inproceedings{penedo2024the,
    title={The FineWeb Datasets: Decanting the Web for the Finest Text Data at Scale},
    author={Guilherme Penedo and Hynek Kydl{\'\i}{\v{c}}ek and Loubna Ben allal and Anton Lozhkov and Margaret Mitchell and Colin Raffel and Leandro Von Werra and Thomas Wolf},
    booktitle={The Thirty-eight Conference on Neural Information Processing Systems Datasets and Benchmarks Track},
    year={2024}
}

@article{gim2024prompt,
  title={Prompt cache: Modular attention reuse for low-latency inference},
  author={Gim, In and Chen, Guojun and Lee, Seung-seob and Sarda, Nikhil and Khandelwal, Anurag and Zhong, Lin},
  journal={Proceedings of Machine Learning and Systems},
  volume={6},
  pages={325--338},
  year={2024}
}

@article{hou2025instruction,
  title={Instruction-Following Pruning for Large Language Models},
  author={Hou, Bairu and Chen, Qibin and Wang, Jianyu and Yin, Guoli and Wang, Chong and Du, Nan and Pang, Ruoming and Chang, Shiyu and Lei, Tao},
  journal={arXiv preprint arXiv:2501.02086},
  year={2025}
}

@inproceedings{liu2023deja,
  title={Deja vu: Contextual sparsity for efficient llms at inference time},
  author={Liu, Zichang and Wang, Jue and Dao, Tri and Zhou, Tianyi and Yuan, Binhang and Song, Zhao and Shrivastava, Anshumali and Zhang, Ce and Tian, Yuandong and Re, Christopher and others},
  booktitle={International Conference on Machine Learning},
  pages={22137--22176},
  year={2023},
  organization={PMLR}
}

@article{narang2017exploring,
  title={Exploring sparsity in recurrent neural networks},
  author={Narang, Sharan and Elsen, Erich and Diamos, Gregory and Sengupta, Shubho},
  journal={arXiv preprint arXiv:1704.05119},
  year={2017}
}

@article{wang2019structured,
  title={Structured pruning of large language models},
  author={Wang, Ziheng and Wohlwend, Jeremy and Lei, Tao},
  journal={arXiv preprint arXiv:1910.04732},
  year={2019}
}

@article{frantar2022gptq,
  title={Gptq: Accurate post-training quantization for generative pre-trained transformers},
  author={Frantar, Elias and Ashkboos, Saleh and Hoefler, Torsten and Alistarh, Dan},
  journal={arXiv preprint arXiv:2210.17323},
  year={2022}
}

@inproceedings{xiao2023smoothquant,
  title={Smoothquant: Accurate and efficient post-training quantization for large language models},
  author={Xiao, Guangxuan and Lin, Ji and Seznec, Mickael and Wu, Hao and Demouth, Julien and Han, Song},
  booktitle={International Conference on Machine Learning},
  pages={38087--38099},
  year={2023},
  organization={PMLR}
}

@article{yao2022zeroquant,
  title={Zeroquant: Efficient and affordable post-training quantization for large-scale transformers},
  author={Yao, Zhewei and Yazdani Aminabadi, Reza and Zhang, Minjia and Wu, Xiaoxia and Li, Conglong and He, Yuxiong},
  journal={Advances in Neural Information Processing Systems},
  volume={35},
  pages={27168--27183},
  year={2022}
}

@article{dettmers2022gpt3,
  title={Gpt3. int8 (): 8-bit matrix multiplication for transformers at scale},
  author={Dettmers, Tim and Lewis, Mike and Belkada, Younes and Zettlemoyer, Luke},
  journal={Advances in Neural Information Processing Systems},
  volume={35},
  pages={30318--30332},
  year={2022}
}

@article{santilli2023accelerating,
  title={Accelerating transformer inference for translation via parallel decoding},
  author={Santilli, Andrea and Severino, Silvio and Postolache, Emilian and Maiorca, Valentino and Mancusi, Michele and Marin, Riccardo and Rodol{\`a}, Emanuele},
  journal={arXiv preprint arXiv:2305.10427},
  year={2023}
}

@article{miao2023specinfer,
  title={SpecInfer: Accelerating Generative Large Language Model Serving with Tree-based Speculative Inference and Verification},
  author={Miao, Xupeng and Oliaro, Gabriele and Zhang, Zhihao and Cheng, Xinhao and Wang, Zeyu and Zhang, Zhengxin and Wong, Rae Ying Yee and Zhu, Alan and Yang, Lijie and Shi, Xiaoxiang and others},
  journal={arXiv preprint arXiv:2305.09781},
  year={2023}
}

@article{he2021magic,
  title={Magic pyramid: Accelerating inference with early exiting and token pruning},
  author={He, Xuanli and Keivanloo, Iman and Xu, Yi and He, Xiang and Zeng, Belinda and Rajagopalan, Santosh and Chilimbi, Trishul},
  journal={arXiv preprint arXiv:2111.00230},
  year={2021}
}

@inproceedings{kong2022accelerating,
  title={Accelerating inference for pretrained language models by unified multi-perspective early exiting},
  author={Kong, Jun and Wang, Jin and Yu, Liang-Chih and Zhang, Xuejie},
  booktitle={Proceedings of the 29th International Conference on Computational Linguistics},
  pages={4677--4686},
  year={2022}
}

@article{jin2024ragcache,
  title={RAGCache: Efficient Knowledge Caching for Retrieval-Augmented Generation},
  author={Jin, Chao and Zhang, Zili and Jiang, Xuanlin and Liu, Fangyue and Liu, Xin and Liu, Xuanzhe and Jin, Xin},
  journal={arXiv preprint arXiv:2404.12457},
  year={2024}
}

@article{liu2024optimizing,
  title={Optimizing llm queries in relational workloads},
  author={Liu, Shu and Biswal, Asim and Cheng, Audrey and Mo, Xiangxi and Cao, Shiyi and Gonzalez, Joseph E and Stoica, Ion and Zaharia, Matei},
  journal={arXiv preprint arXiv:2403.05821},
  year={2024}
}

@article{zheng2023efficiently,
  title={Efficiently Programming Large Language Models using SGLang.},
  author={Zheng, Lianmin and Yin, Liangsheng and Xie, Zhiqiang and Huang, Jeff and Sun, Chuyue and Yu, Cody\_Hao and Cao, Shiyi and Kozyrakis, Christos and Stoica, Ion and Gonzalez, Joseph E and others},
  year={2023},
  publisher={arXiv}
}

@article{zhang2024h2o,
  title={H2o: Heavy-hitter oracle for efficient generative inference of large language models},
  author={Zhang, Zhenyu and Sheng, Ying and Zhou, Tianyi and Chen, Tianlong and Zheng, Lianmin and Cai, Ruisi and Song, Zhao and Tian, Yuandong and R{\'e}, Christopher and Barrett, Clark and others},
  journal={Advances in Neural Information Processing Systems},
  volume={36},
  year={2024}
}

@article{liu2024kivi,
  title={Kivi: A tuning-free asymmetric 2bit quantization for kv cache},
  author={Liu, Zirui and Yuan, Jiayi and Jin, Hongye and Zhong, Shaochen and Xu, Zhaozhuo and Braverman, Vladimir and Chen, Beidi and Hu, Xia},
  journal={arXiv preprint arXiv:2402.02750},
  year={2024}
}

@article{xiao2024duoattention,
  title={Duoattention: Efficient long-context llm inference with retrieval and streaming heads},
  author={Xiao, Guangxuan and Tang, Jiaming and Zuo, Jingwei and Guo, Junxian and Yang, Shang and Tang, Haotian and Fu, Yao and Han, Song},
  journal={arXiv preprint arXiv:2410.10819},
  year={2024}
}

@article{ge2023model,
  title={Model tells you what to discard: Adaptive kv cache compression for llms},
  author={Ge, Suyu and Zhang, Yunan and Liu, Liyuan and Zhang, Minjia and Han, Jiawei and Gao, Jianfeng},
  journal={arXiv preprint arXiv:2310.01801},
  year={2023}
}

@article{oren2024transformers,
  title={Transformers are multi-state rnns},
  author={Oren, Matanel and Hassid, Michael and Yarden, Nir and Adi, Yossi and Schwartz, Roy},
  journal={arXiv preprint arXiv:2401.06104},
  year={2024}
}

@article{xiao2023efficient,
  title={Efficient streaming language models with attention sinks},
  author={Xiao, Guangxuan and Tian, Yuandong and Chen, Beidi and Han, Song and Lewis, Mike},
  journal={arXiv preprint arXiv:2309.17453},
  year={2023}
}

@inproceedings{wang2024searching,
  title={Searching for best practices in retrieval-augmented generation},
  author={Wang, Xiaohua and Wang, Zhenghua and Gao, Xuan and Zhang, Feiran and Wu, Yixin and Xu, Zhibo and Shi, Tianyuan and Wang, Zhengyuan and Li, Shizheng and Qian, Qi and others},
  booktitle={Proceedings of the 2024 Conference on Empirical Methods in Natural Language Processing},
  pages={17716--17736},
  year={2024}
}

@inproceedings{li2024retrieval,
  title={Retrieval augmented generation or long-context llms? a comprehensive study and hybrid approach},
  author={Li, Zhuowan and Li, Cheng and Zhang, Mingyang and Mei, Qiaozhu and Bendersky, Michael},
  booktitle={Proceedings of the 2024 Conference on Empirical Methods in Natural Language Processing: Industry Track},
  pages={881--893},
  year={2024}
}

@article{gao2023retrieval,
  title={Retrieval-augmented generation for large language models: A survey},
  author={Gao, Yunfan and Xiong, Yun and Gao, Xinyu and Jia, Kangxiang and Pan, Jinliu and Bi, Yuxi and Dai, Yi and Sun, Jiawei and Wang, Haofen},
  journal={arXiv preprint arXiv:2312.10997},
  year={2023}
}

@article{wu2023autogen,
  title={Autogen: Enabling next-gen llm applications via multi-agent conversation framework},
  author={Wu, Qingyun and Bansal, Gagan and Zhang, Jieyu and Wu, Yiran and Zhang, Shaokun and Zhu, Erkang and Li, Beibin and Jiang, Li and Zhang, Xiaoyun and Wang, Chi},
  journal={arXiv preprint arXiv:2308.08155},
  year={2023}
}

@inproceedings{liu2024dynamic,
  title={A dynamic LLM-powered agent network for task-oriented agent collaboration},
  author={Liu, Zijun and Zhang, Yanzhe and Li, Peng and Liu, Yang and Yang, Diyi},
  booktitle={First Conference on Language Modeling},
  year={2024}
}

@article{su2024roformer,
  title={Roformer: Enhanced transformer with rotary position embedding},
  author={Su, Jianlin and Ahmed, Murtadha and Lu, Yu and Pan, Shengfeng and Bo, Wen and Liu, Yunfeng},
  journal={Neurocomputing},
  volume={568},
  pages={127063},
  year={2024},
  publisher={Elsevier}
}

@article{liu2024lost,
  title={Lost in the middle: How language models use long contexts},
  author={Liu, Nelson F and Lin, Kevin and Hewitt, John and Paranjape, Ashwin and Bevilacqua, Michele and Petroni, Fabio and Liang, Percy},
  journal={Transactions of the Association for Computational Linguistics},
  volume={12},
  pages={157--173},
  year={2024},
  publisher={MIT Press One Broadway, 12th Floor, Cambridge, Massachusetts 02142, USA~â€¦}
}

@article{kwiatkowski2019natural,
  title={Natural questions: a benchmark for question answering research},
  author={Kwiatkowski, Tom and Palomaki, Jennimaria and Redfield, Olivia and Collins, Michael and Parikh, Ankur and Alberti, Chris and Epstein, Danielle and Polosukhin, Illia and Devlin, Jacob and Lee, Kenton and others},
  journal={Transactions of the Association for Computational Linguistics},
  volume={7},
  pages={453--466},
  year={2019},
  publisher={MIT Press One Rogers Street, Cambridge, MA 02142-1209, USA journals-info~â€¦}
}

@article{yang2018hotpotqa,
  title={HotpotQA: A dataset for diverse, explainable multi-hop question answering},
  author={Yang, Zhilin and Qi, Peng and Zhang, Saizheng and Bengio, Yoshua and Cohen, William W and Salakhutdinov, Ruslan and Manning, Christopher D},
  journal={arXiv preprint arXiv:1809.09600},
  year={2018}
}

@article{trivedi2022musique,
  title={MuSiQue: Multihop Questions via Single-hop Question Composition},
  author={Trivedi, Harsh and Balasubramanian, Niranjan and Khot, Tushar and Sabharwal, Ashish},
  journal={Transactions of the Association for Computational Linguistics},
  volume={10},
  pages={539--554},
  year={2022},
  publisher={MIT Press One Broadway, 12th Floor, Cambridge, Massachusetts 02142, USA~â€¦}
}

@article{izacard2021unsupervised,
  title={Unsupervised dense information retrieval with contrastive learning},
  author={Izacard, Gautier and Caron, Mathilde and Hosseini, Lucas and Riedel, Sebastian and Bojanowski, Piotr and Joulin, Armand and Grave, Edouard},
  journal={arXiv preprint arXiv:2112.09118},
  year={2021}
}

@article{fabbri2019multi,
  title={Multi-news: A large-scale multi-document summarization dataset and abstractive hierarchical model},
  author={Fabbri, Alexander R and Li, Irene and She, Tianwei and Li, Suyi and Radev, Dragomir R},
  journal={arXiv preprint arXiv:1906.01749},
  year={2019}
}

@article{gliwa2019samsum,
  title={SAMSum corpus: A human-annotated dialogue dataset for abstractive summarization},
  author={Gliwa, Bogdan and Mochol, Iwona and Biesek, Maciej and Wawer, Aleksander},
  journal={arXiv preprint arXiv:1911.12237},
  year={2019}
}

@article{zhou2023instruction,
  title={Instruction-following evaluation for large language models},
  author={Zhou, Jeffrey and Lu, Tianjian and Mishra, Swaroop and Brahma, Siddhartha and Basu, Sujoy and Luan, Yi and Zhou, Denny and Hou, Le},
  journal={arXiv preprint arXiv:2311.07911},
  year={2023}
}

@article{cobbe2021training,
  title={Training verifiers to solve math word problems},
  author={Cobbe, Karl and Kosaraju, Vineet and Bavarian, Mohammad and Chen, Mark and Jun, Heewoo and Kaiser, Lukasz and Plappert, Matthias and Tworek, Jerry and Hilton, Jacob and Nakano, Reiichiro and others},
  journal={arXiv preprint arXiv:2110.14168},
  year={2021}
}

@article{hendrycks2020measuring,
  title={Measuring massive multitask language understanding},
  author={Hendrycks, Dan and Burns, Collin and Basart, Steven and Zou, Andy and Mazeika, Mantas and Song, Dawn and Steinhardt, Jacob},
  journal={arXiv preprint arXiv:2009.03300},
  year={2020}
}

@article{clark2018think,
  title={Think you have solved question answering? try arc, the ai2 reasoning challenge},
  author={Clark, Peter and Cowhey, Isaac and Etzioni, Oren and Khot, Tushar and Sabharwal, Ashish and Schoenick, Carissa and Tafjord, Oyvind},
  journal={arXiv preprint arXiv:1803.05457},
  year={2018}
}

@inproceedings{bisk2020piqa,
  title={Piqa: Reasoning about physical commonsense in natural language},
  author={Bisk, Yonatan and Zellers, Rowan and Gao, Jianfeng and Choi, Yejin and others},
  booktitle={Proceedings of the AAAI conference on artificial intelligence},
  volume={34},
  number={05},
  pages={7432--7439},
  year={2020}
}

@article{welbl2017crowdsourcing,
  title={Crowdsourcing multiple choice science questions},
  author={Welbl, Johannes and Liu, Nelson F and Gardner, Matt},
  journal={arXiv preprint arXiv:1707.06209},
  year={2017}
}

@article{sakaguchi2021winogrande,
  title={Winogrande: An adversarial winograd schema challenge at scale},
  author={Sakaguchi, Keisuke and Bras, Ronan Le and Bhagavatula, Chandra and Choi, Yejin},
  journal={Communications of the ACM},
  volume={64},
  number={9},
  pages={99--106},
  year={2021},
  publisher={ACM New York, NY, USA}
}

@article{zellers2019hellaswag,
  title={Hellaswag: Can a machine really finish your sentence?},
  author={Zellers, Rowan and Holtzman, Ari and Bisk, Yonatan and Farhadi, Ali and Choi, Yejin},
  journal={arXiv preprint arXiv:1905.07830},
  year={2019}
}


@misc{meta2024llama,
  title = {Llama 3 and Vision: Bringing Next-Gen AI to Edge and Mobile Devices},
  author = {{Meta AI}},
  year = {2024},
  url = {https://ai.meta.com/blog/llama-3-2-connect-2024-vision-edge-mobile-devices/},
  note = {Accessed: 2024-11-10}
}

@article{achiam2023gpt,
  title={Gpt-4 technical report},
  author={Achiam, Josh and Adler, Steven and Agarwal, Sandhini and Ahmad, Lama and Akkaya, Ilge and Aleman, Florencia Leoni and Almeida, Diogo and Altenschmidt, Janko and Altman, Sam and Anadkat, Shyamal and others},
  journal={arXiv preprint arXiv:2303.08774},
  year={2023}
}

@inproceedings{kandpal2023large,
  title={Large language models struggle to learn long-tail knowledge},
  author={Kandpal, Nikhil and Deng, Haikang and Roberts, Adam and Wallace, Eric and Raffel, Colin},
  booktitle={International Conference on Machine Learning},
  pages={15696--15707},
  year={2023},
  organization={PMLR}
}

@article{mallen2022not,
  title={When not to trust language models: Investigating effectiveness of parametric and non-parametric memories},
  author={Mallen, Alex and Asai, Akari and Zhong, Victor and Das, Rajarshi and Khashabi, Daniel and Hajishirzi, Hannaneh},
  journal={arXiv preprint arXiv:2212.10511},
  year={2022}
}

@misc{eval-harness,
  author       = {Gao, Leo and Tow, Jonathan and Abbasi, Baber and Biderman, Stella and Black, Sid and DiPofi, Anthony and Foster, Charles and Golding, Laurence and Hsu, Jeffrey and Le Noac'h, Alain and Li, Haonan and McDonell, Kyle and Muennighoff, Niklas and Ociepa, Chris and Phang, Jason and Reynolds, Laria and Schoelkopf, Hailey and Skowron, Aviya and Sutawika, Lintang and Tang, Eric and Thite, Anish and Wang, Ben and Wang, Kevin and Zou, Andy},
  title        = {A framework for few-shot language model evaluation},
  month        = 07,
  year         = 2024,
  publisher    = {Zenodo},
  version      = {v0.4.3},
  doi          = {10.5281/zenodo.12608602},
  url          = {https://zenodo.org/records/12608602}
}

@inproceedings{lin2004rouge,
  title={Rouge: A package for automatic evaluation of summaries},
  author={Lin, Chin-Yew},
  booktitle={Text summarization branches out},
  pages={74--81},
  year={2004}
}

@article{lin2024awq,
  title={AWQ: Activation-aware Weight Quantization for On-Device LLM Compression and Acceleration},
  author={Lin, Ji and Tang, Jiaming and Tang, Haotian and Yang, Shang and Chen, Wei-Ming and Wang, Wei-Chen and Xiao, Guangxuan and Dang, Xingyu and Gan, Chuang and Han, Song},
  journal={Proceedings of Machine Learning and Systems},
  volume={6},
  pages={87--100},
  year={2024}
}

@article{kim2023squeezellm,
  title={Squeezellm: Dense-and-sparse quantization},
  author={Kim, Sehoon and Hooper, Coleman and Gholami, Amir and Dong, Zhen and Li, Xiuyu and Shen, Sheng and Mahoney, Michael W and Keutzer, Kurt},
  journal={arXiv preprint arXiv:2306.07629},
  year={2023}
}

@article{zhao2024atom,
  title={Atom: Low-bit quantization for efficient and accurate llm serving},
  author={Zhao, Yilong and Lin, Chien-Yu and Zhu, Kan and Ye, Zihao and Chen, Lequn and Zheng, Size and Ceze, Luis and Krishnamurthy, Arvind and Chen, Tianqi and Kasikci, Baris},
  journal={Proceedings of Machine Learning and Systems},
  volume={6},
  pages={196--209},
  year={2024}
}

@inproceedings{sheng2023flexgen,
  title={Flexgen: High-throughput generative inference of large language models with a single gpu},
  author={Sheng, Ying and Zheng, Lianmin and Yuan, Binhang and Li, Zhuohan and Ryabinin, Max and Chen, Beidi and Liang, Percy and R{\'e}, Christopher and Stoica, Ion and Zhang, Ce},
  booktitle={International Conference on Machine Learning},
  pages={31094--31116},
  year={2023},
  organization={PMLR}
}

@article{van2024gptvq,
  title={Gptvq: The blessing of dimensionality for llm quantization},
  author={van Baalen, Mart and Kuzmin, Andrey and Nagel, Markus and Couperus, Peter and Bastoul, Cedric and Mahurin, Eric and Blankevoort, Tijmen and Whatmough, Paul},
  journal={arXiv preprint arXiv:2402.15319},
  year={2024}
}

@article{kim2024speculative,
  title={Speculative decoding with big little decoder},
  author={Kim, Sehoon and Mangalam, Karttikeya and Moon, Suhong and Malik, Jitendra and Mahoney, Michael W and Gholami, Amir and Keutzer, Kurt},
  journal={Advances in Neural Information Processing Systems},
  volume={36},
  year={2024}
}

@article{elhoushi2024layer,
  title={Layer skip: Enabling early exit inference and self-speculative decoding},
  author={Elhoushi, Mostafa and Shrivastava, Akshat and Liskovich, Diana and Hosmer, Basil and Wasti, Bram and Lai, Liangzhen and Mahmoud, Anas and Acun, Bilge and Agarwal, Saurabh and Roman, Ahmed and others},
  journal={arXiv preprint arXiv:2404.16710},
  year={2024}
}


@article{men2024shortgpt,
  title={Shortgpt: Layers in large language models are more redundant than you expect},
  author={Men, Xin and Xu, Mingyu and Zhang, Qingyu and Wang, Bingning and Lin, Hongyu and Lu, Yaojie and Han, Xianpei and Chen, Weipeng},
  journal={arXiv preprint arXiv:2403.03853},
  year={2024}
}

@article{sreenivas2024llm,
  title={Llm pruning and distillation in practice: The minitron approach},
  author={Sreenivas, Sharath Turuvekere and Muralidharan, Saurav and Joshi, Raviraj and Chochowski, Marcin and Patwary, Mostofa and Shoeybi, Mohammad and Catanzaro, Bryan and Kautz, Jan and Molchanov, Pavlo},
  journal={arXiv preprint arXiv:2408.11796},
  year={2024}
}

@inproceedings{xiasheared,
  title={Sheared LLaMA: Accelerating Language Model Pre-training via Structured Pruning},
  author={Xia, Mengzhou and Gao, Tianyu and Zeng, Zhiyuan and Chen, Danqi},
  booktitle={The Twelfth International Conference on Learning Representations},
  year={2024}
}





