@inproceedings{al2024regret,
  title={Regret bounds for online learning for hierarchical inference},
  author={Al-Atat, Ghina and Datta, Puranjay and Moharir, Sharayu and Champati, Jaya Prakash},
  booktitle={Proceedings of the Twenty-fifth International Symposium on Theory, Algorithmic Foundations, and Protocol Design for Mobile Networks and Mobile Computing},
  pages={281--290},
  year={2024}
}

@inproceedings{beytur2024optimization,
  title={Optimization of offloading policies for accuracy-delay tradeoffs in hierarchical inference},
  author={Beytur, Hasan Burhan and Aydin, Ahmet Gunhan and de Veciana, Gustavo and Vikalo, Haris},
  booktitle={IEEE INFOCOM 2024-IEEE Conference on Computer Communications},
  pages={1989--1998},
  year={2024},
  organization={IEEE}
}

@article{chen2023frugalgpt,
  title={Frugalgpt: How to use large language models while reducing cost and improving performance},
  author={Chen, Lingjiao and Zaharia, Matei and Zou, James},
  journal={arXiv preprint arXiv:2305.05176},
  year={2023}
}

@inproceedings{chen2024tilesr,
  title={TileSR: Accelerate On-Device Super-Resolution with Parallel Offloading in Tile Granularity},
  author={Chen, Ning and Zhang, Sheng and Liang, Yu and Wu, Jie and Chen, Yu and Yan, Yuting and Qian, Zhuzhong and Lu, Sanglu},
  booktitle={IEEE INFOCOM 2024-IEEE Conference on Computer Communications},
  pages={2538--2547},
  year={2024},
  organization={IEEE}
}

@article{chu2023mobilevlm,
  title={Mobilevlm: A fast, reproducible and strong vision language assistant for mobile devices},
  author={Chu, Xiangxiang and Qiao, Limeng and Lin, Xinyang and Xu, Shuang and Yang, Yang and Hu, Yiming and Wei, Fei and Zhang, Xinyu and Zhang, Bo and Wei, Xiaolin and others},
  journal={arXiv preprint arXiv:2312.16886},
  year={2023}
}

@inproceedings{dong2024creating,
  title={Creating edge ai from cloud-based llms},
  author={Dong, Qifei and Chen, Xiangliang and Satyanarayanan, Mahadev},
  booktitle={Proceedings of the 25th International Workshop on Mobile Computing Systems and Applications},
  pages={8--13},
  year={2024}
}

@article{he2024large,
  title={Large language models (llms) inference offloading and resource allocation in cloud-edge computing: An active inference approach},
  author={He, Ying and Fang, Jingcheng and Yu, F Richard and Leung, Victor C},
  journal={IEEE Transactions on Mobile Computing},
  year={2024},
  publisher={IEEE}
}

@article{lin2024awq,
  title={AWQ: Activation-aware Weight Quantization for On-Device LLM Compression and Acceleration},
  author={Lin, Ji and Tang, Jiaming and Tang, Haotian and Yang, Shang and Chen, Wei-Ming and Wang, Wei-Chen and Xiao, Guangxuan and Dang, Xingyu and Gan, Chuang and Han, Song},
  journal={Proceedings of Machine Learning and Systems},
  volume={6},
  pages={87--100},
  year={2024}
}

@inproceedings{liu2024resource,
  title={Resource allocation for stable llm training in mobile edge computing},
  author={Liu, Chang and Zhao, Jun},
  booktitle={Proceedings of the Twenty-fifth International Symposium on Theory, Algorithmic Foundations, and Protocol Design for Mobile Networks and Mobile Computing},
  pages={81--90},
  year={2024}
}

@article{shen2024large,
  title={Large language models empowered autonomous edge ai for connected intelligence},
  author={Shen, Yifei and Shao, Jiawei and Zhang, Xinjie and Lin, Zehong and Pan, Hao and Li, Dongsheng and Zhang, Jun and Letaief, Khaled B},
  journal={IEEE Communications Magazine},
  year={2024},
  publisher={IEEE}
}

@inproceedings{singhal2024resource,
  title={Resource-aware deployment of dynamic dnns over multi-tiered interconnected systems},
  author={Singhal, Chetna and Wu, Yashuo and Malandrino, Francesco and Levorato, Marco and Chiasserini, Carla Fabiana},
  booktitle={IEEE INFOCOM 2024-IEEE Conference on Computer Communications},
  pages={1621--1630},
  year={2024},
  organization={IEEE}
}

@article{zhang2024treacle,
  title={TREACLE: Thrifty Reasoning via Context-Aware LLM and Prompt Selection},
  author={Zhang, Xuechen and Huang, Zijian and Taga, Ege Onur and Joe-Wong, Carlee and Oymak, Samet and Chen, Jiasi},
  journal={arXiv preprint arXiv:2404.13082},
  year={2024}
}

