@inproceedings{singhal2024resource,
  title={Resource-aware deployment of dynamic dnns over multi-tiered interconnected systems},
  author={Singhal, Chetna and Wu, Yashuo and Malandrino, Francesco and Levorato, Marco and Chiasserini, Carla Fabiana},
  booktitle={IEEE INFOCOM 2024-IEEE Conference on Computer Communications},
  pages={1621--1630},
  year={2024},
  organization={IEEE}
}

@article{yuan2025local,
  title={Local-Cloud Inference Offloading for LLMs in Multi-Modal, Multi-Task, Multi-Dialogue Settings},
  author={Yuan, Liangqi and Han, Dong-Jun and Wang, Shiqiang and Brinton, Christopher G},
  journal={arXiv preprint arXiv:2502.11007},
  year={2025}
}

@inproceedings{chen2024tilesr,
  title={TileSR: Accelerate On-Device Super-Resolution with Parallel Offloading in Tile Granularity},
  author={Chen, Ning and Zhang, Sheng and Liang, Yu and Wu, Jie and Chen, Yu and Yan, Yuting and Qian, Zhuzhong and Lu, Sanglu},
  booktitle={IEEE INFOCOM 2024-IEEE Conference on Computer Communications},
  pages={2538--2547},
  year={2024},
  organization={IEEE}
}

@article{hu2023uncertainty,
  title={Uncertainty in natural language processing: Sources, quantification, and applications},
  author={Hu, Mengting and Zhang, Zhen and Zhao, Shiwan and Huang, Minlie and Wu, Bingzhe},
  journal={arXiv preprint arXiv:2306.04459},
  year={2023}
}

@inproceedings{beytur2024optimization,
  title={Optimization of offloading policies for accuracy-delay tradeoffs in hierarchical inference},
  author={Beytur, Hasan Burhan and Aydin, Ahmet Gunhan and de Veciana, Gustavo and Vikalo, Haris},
  booktitle={IEEE INFOCOM 2024-IEEE Conference on Computer Communications},
  pages={1989--1998},
  year={2024},
  organization={IEEE}
}

@inproceedings{wang2024resource,
  title={Resource Allocation and Secure Wireless Communication in the Large Model based Mobile Edge Computing System},
  author={Wang, Zefan and Wang, Yitong and Zhao, Jun},
  booktitle={Proceedings of the Twenty-fifth International Symposium on Theory, Algorithmic Foundations, and Protocol Design for Mobile Networks and Mobile Computing},
  pages={111--120},
  year={2024}
}

@inproceedings{liu2024resource,
  title={Resource allocation for stable llm training in mobile edge computing},
  author={Liu, Chang and Zhao, Jun},
  booktitle={Proceedings of the Twenty-fifth International Symposium on Theory, Algorithmic Foundations, and Protocol Design for Mobile Networks and Mobile Computing},
  pages={81--90},
  year={2024}
}

@inproceedings{al2024regret,
  title={Regret bounds for online learning for hierarchical inference},
  author={Al-Atat, Ghina and Datta, Puranjay and Moharir, Sharayu and Champati, Jaya Prakash},
  booktitle={Proceedings of the Twenty-fifth International Symposium on Theory, Algorithmic Foundations, and Protocol Design for Mobile Networks and Mobile Computing},
  pages={281--290},
  year={2024}
}

@inproceedings{su2024titanic,
  title={TITANIC: Towards production federated learning with large language models},
  author={Su, Ningxin and Hu, Chenghao and Li, Baochun and Li, Bo},
  booktitle={IEEE INFOCOM 2024-IEEE Conference on Computer Communications},
  pages={611--620},
  year={2024},
  organization={IEEE}
}

@article{liu2023agentbench,
  title={Agentbench: Evaluating llms as agents},
  author={Liu, Xiao and Yu, Hao and Zhang, Hanchen and Xu, Yifan and Lei, Xuanyu and Lai, Hanyu and Gu, Yu and Ding, Hangliang and Men, Kaiwen and Yang, Kejuan and others},
  journal={arXiv preprint arXiv:2308.03688},
  year={2023}
}

@article{fang2025federated,
  title={Federated Sketching LoRA: On-Device Collaborative Fine-Tuning of Large Language Models},
  author={Fang, Wenzhi and Han, Dong-Jun and Yuan, Liangqi and Hosseinalipour, Seyyedali and Brinton, Christopher G},
  journal={arXiv preprint arXiv:2501.19389},
  year={2025}
}

@article{cheng2024exploring,
  title={Exploring large language model based intelligent agents: Definitions, methods, and prospects},
  author={Cheng, Yuheng and Zhang, Ceyao and Zhang, Zhengwen and Meng, Xiangrui and Hong, Sirui and Li, Wenhao and Wang, Zihao and Wang, Zekai and Yin, Feng and Zhao, Junhua and others},
  journal={arXiv preprint arXiv:2401.03428},
  year={2024}
}

@article{xi2023rise,
  title={The rise and potential of large language model based agents: A survey},
  author={Xi, Zhiheng and Chen, Wenxiang and Guo, Xin and He, Wei and Ding, Yiwen and Hong, Boyang and Zhang, Ming and Wang, Junzhe and Jin, Senjie and Zhou, Enyu and others},
  journal={arXiv preprint arXiv:2309.07864},
  year={2023}
}

@article{chen2021evaluating,
  title={Evaluating large language models trained on code},
  author={Chen, Mark and Tworek, Jerry and Jun, Heewoo and Yuan, Qiming and Pinto, Henrique Ponde De Oliveira and Kaplan, Jared and Edwards, Harri and Burda, Yuri and Joseph, Nicholas and Brockman, Greg and others},
  journal={arXiv preprint arXiv:2107.03374},
  year={2021}
}

@article{rafailov2024direct,
  title={Direct preference optimization: Your language model is secretly a reward model},
  author={Rafailov, Rafael and Sharma, Archit and Mitchell, Eric and Manning, Christopher D and Ermon, Stefano and Finn, Chelsea},
  journal={Advances in Neural Information Processing Systems},
  volume={36},
  year={2024}
}

@article{ouyang2022training,
  title={Training language models to follow instructions with human feedback},
  author={Ouyang, Long and Wu, Jeffrey and Jiang, Xu and Almeida, Diogo and Wainwright, Carroll and Mishkin, Pamela and Zhang, Chong and Agarwal, Sandhini and Slama, Katarina and Ray, Alex and others},
  journal={Advances in neural information processing systems},
  volume={35},
  pages={27730--27744},
  year={2022}
}

@article{he2024large,
  title={Large language models (llms) inference offloading and resource allocation in cloud-edge computing: An active inference approach},
  author={He, Ying and Fang, Jingcheng and Yu, F Richard and Leung, Victor C},
  journal={IEEE Transactions on Mobile Computing},
  year={2024},
  publisher={IEEE}
}

@article{yang2024perllm,
  title={PerLLM: Personalized Inference Scheduling with Edge-Cloud Collaboration for Diverse LLM Services},
  author={Yang, Zheming and Yang, Yuanhao and Zhao, Chang and Guo, Qi and He, Wenkai and Ji, Wen},
  journal={arXiv preprint arXiv:2405.14636},
  year={2024}
}

@article{gunter2024apple,
  title={Apple intelligence foundation language models},
  author={Gunter, Tom and Wang, Zirui and Wang, Chong and Pang, Ruoming and Narayanan, Andy and Zhang, Aonan and Zhang, Bowen and Chen, Chen and Chiu, Chung-Cheng and Qiu, David and others},
  journal={arXiv preprint arXiv:2407.21075},
  year={2024}
}

@article{lin2024awq,
  title={AWQ: Activation-aware Weight Quantization for On-Device LLM Compression and Acceleration},
  author={Lin, Ji and Tang, Jiaming and Tang, Haotian and Yang, Shang and Chen, Wei-Ming and Wang, Wei-Chen and Xiao, Guangxuan and Dang, Xingyu and Gan, Chuang and Han, Song},
  journal={Proceedings of Machine Learning and Systems},
  volume={6},
  pages={87--100},
  year={2024}
}

@article{stable-baselines3,
  author  = {Antonin Raffin and Ashley Hill and Adam Gleave and Anssi Kanervisto and Maximilian Ernestus and Noah Dormann},
  title   = {Stable-Baselines3: Reliable Reinforcement Learning Implementations},
  journal = {Journal of Machine Learning Research},
  year    = {2021},
  volume  = {22},
  number  = {268},
  pages   = {1-8},
}

@article{canziani2016analysis,
  title={An analysis of deep neural network models for practical applications},
  author={Canziani, Alfredo and Paszke, Adam and Culurciello, Eugenio},
  journal={arXiv preprint arXiv:1605.07678},
  year={2016}
}

@inproceedings{teerapittayanon2017distributed,
  title={Distributed deep neural networks over the cloud, the edge and end devices},
  author={Teerapittayanon, Surat and McDanel, Bradley and Kung, Hsiang-Tsung},
  booktitle={2017 IEEE 37th international conference on distributed computing systems (ICDCS)},
  pages={328--339},
  year={2017},
  organization={IEEE}
}

@article{tian2021evolutionary,
  title={Evolutionary large-scale multi-objective optimization: A survey},
  author={Tian, Ye and Si, Langchun and Zhang, Xingyi and Cheng, Ran and He, Cheng and Tan, Kay Chen and Jin, Yaochu},
  journal={ACM Computing Surveys (CSUR)},
  volume={54},
  number={8},
  pages={1--34},
  year={2021},
  publisher={ACM New York, NY}
}

@inproceedings{lee2024gazepointar,
  title={GazePointAR: A Context-Aware Multimodal Voice Assistant for Pronoun Disambiguation in Wearable Augmented Reality},
  author={Lee, Jaewook and Wang, Jun and Brown, Elizabeth and Chu, Liam and Rodriguez, Sebastian S and Froehlich, Jon E},
  booktitle={Proceedings of the CHI Conference on Human Factors in Computing Systems},
  pages={1--20},
  year={2024}
}

@inproceedings{lopez2018alexa,
  title={Alexa vs. Siri vs. Cortana vs. Google assistant: a comparison of speech-based natural user interfaces},
  author={L{\'o}pez, Gustavo and Quesada, Luis and Guerrero, Luis A},
  booktitle={Advances in Human Factors and Systems Interaction},
  pages={241--250},
  year={2018},
  organization={Springer}
}

@article{xu2024large,
  title={When large language model agents meet 6G networks: Perception, grounding, and alignment},
  author={Xu, Minrui and Dusit, Niyato and Kang, Jiawen and Xiong, Zehui and Mao, Shiwen and Han, Zhu and Kim, Dong In and Letaief, Khaled B},
  journal={arXiv preprint arXiv:2401.07764},
  year={2024}
}

@article{yin2024llm,
  title={Llm as a system service on mobile devices},
  author={Yin, Wangsong and Xu, Mengwei and Li, Yuanchun and Liu, Xuanzhe},
  journal={arXiv preprint arXiv:2403.11805},
  year={2024}
}

@article{xu2024survey,
  title={A survey of resource-efficient llm and multimodal foundation models},
  author={Xu, Mengwei and Yin, Wangsong and Cai, Dongqi and Yi, Rongjie and Xu, Daliang and Wang, Qipeng and Wu, Bingyang and Zhao, Yihao and Yang, Chen and Wang, Shihe and others},
  journal={arXiv preprint arXiv:2401.08092},
  year={2024}
}

@article{abdin2024phi,
  title={Phi-3 technical report: A highly capable language model locally on your phone},
  author={Abdin, Marah and Jacobs, Sam Ade and Awan, Ammar Ahmad and Aneja, Jyoti and Awadallah, Ahmed and Awadalla, Hany and Bach, Nguyen and Bahree, Amit and Bakhtiari, Arash and Behl, Harkirat and others},
  journal={arXiv preprint arXiv:2404.14219},
  year={2024}
}

@inproceedings{ran2023policy,
  title={Policy regularization with dataset constraint for offline reinforcement learning},
  author={Ran, Yuhang and Li, Yi-Chen and Zhang, Fuxiang and Zhang, Zongzhang and Yu, Yang},
  booktitle={International Conference on Machine Learning},
  pages={28701--28717},
  year={2023},
  organization={PMLR}
}

@article{mnih2015human,
  title={Human-level control through deep reinforcement learning},
  author={Mnih, Volodymyr and Kavukcuoglu, Koray and Silver, David and Rusu, Andrei A and Veness, Joel and Bellemare, Marc G and Graves, Alex and Riedmiller, Martin and Fidjeland, Andreas K and Ostrovski, Georg and others},
  journal={nature},
  volume={518},
  number={7540},
  pages={529--533},
  year={2015},
  publisher={Nature Publishing Group UK London}
}

@inproceedings{mnih2016asynchronous,
  title={Asynchronous methods for deep reinforcement learning},
  author={Mnih, Volodymyr and Badia, Adria Puigdomenech and Mirza, Mehdi and Graves, Alex and Lillicrap, Timothy and Harley, Tim and Silver, David and Kavukcuoglu, Koray},
  booktitle={International conference on machine learning},
  pages={1928--1937},
  year={2016},
  organization={PMLR}
}

@article{schulman2017proximal,
  title={Proximal policy optimization algorithms},
  author={Schulman, John and Wolski, Filip and Dhariwal, Prafulla and Radford, Alec and Klimov, Oleg},
  journal={arXiv preprint arXiv:1707.06347},
  year={2017}
}

@article{ray2019benchmarking,
  title={Benchmarking safe exploration in deep reinforcement learning},
  author={Ray, Alex and Achiam, Joshua and Amodei, Dario},
  journal={arXiv preprint arXiv:1910.01708},
  volume={7},
  number={1},
  pages={2},
  year={2019}
}

@article{apple2017deeplearning,
  title={Deep Learning for Siri's Voice: On-device Deep Mixture Density Networks for Hybrid Unit Selection Synthesis},
  author={{Siri Team}},
  journal={Apple Machine Learning Journal},
  year={2017}
}

@inproceedings{bernardino2022reinforcement,
  title={Reinforcement learning for active modality selection during diagnosis},
  author={Bernardino, Gabriel and Jonsson, Anders and Loncaric, Filip and Mart{\'\i} Castellote, Pablo-Miki and Sitges, Marta and Clarysse, Patrick and Duchateau, Nicolas},
  booktitle={International Conference on Medical Image Computing and Computer-Assisted Intervention},
  pages={592--601},
  year={2022},
  organization={Springer}
}

@article{yuan2023fedmfs,
  title={FedMFS: Federated Multimodal Fusion Learning with Selective Modality Communication},
  author={Yuan, Liangqi and Han, Dong-Jun and Chellapandi, Vishnu Pandi and {\.Z}ak, Stanislaw H and Brinton, Christopher G},
  journal={arXiv preprint arXiv:2310.07048},
  month={October},
  year={2023}
}

@article{yuan2024communication,
  title={Communication-Efficient Multimodal Federated Learning: Joint Modality and Client Selection},
  author={Yuan, Liangqi and Han, Dong-Jun and Wang, Su and Upadhyay, Devesh and Brinton, Christopher G},
  journal={arXiv preprint arXiv:2401.16685},
  year={2024}
}

@article{han2023federated,
  title={Federated Split Learning With Joint Personalization-Generalization for Inference-Stage Optimization in Wireless Edge Networks},
  author={Han, Dong-Jun and Kim, Do-Yeon and Choi, Minseok and Nickel, David and Moon, Jaekyun and Chiang, Mung and Brinton, Christopher G},
  journal={IEEE Transactions on Mobile Computing},
  year={2023},
  publisher={IEEE}
}

@misc{patel2023inference,
  author = {Patel, Dylan and Ahmad, Afzal},
  title = {The Inference Cost Of Search Disruption – Large Language Model Cost Analysis},
  year = {2023},
}

@article{chung2024scaling,
  title={Scaling instruction-finetuned language models},
  author={Chung, Hyung Won and Hou, Le and Longpre, Shayne and Zoph, Barret and Tay, Yi and Fedus, William and Li, Yunxuan and Wang, Xuezhi and Dehghani, Mostafa and Brahma, Siddhartha and others},
  journal={Journal of Machine Learning Research},
  volume={25},
  number={70},
  pages={1--53},
  year={2024}
}

@misc{openai2023chatgpt,
  author = {OpenAI},
  title = {Introducing ChatGPT},
  year = {2023},
  howpublished = {\url{https://openai.com/blog/chatgpt}}
}



@misc{o3,
  author = {{{{OpenAI}}}},
  title = {OpenAI o3-mini},
  year = {2025},
  howpublished = {\url{https://openai.com/index/openai-o3-mini/}}
}

@misc{o1,
  author = {{{OpenAI}}},
  title = {OpenAI o1 System Card},
  year = {2024},
  howpublished = {\url{https://openai.com/index/openai-o1-system-card/}}
}

@misc{GPT4omini,
  author = {{OpenAI}},
  title = {GPT-4o mini: advancing cost-efficient intelligence},
  year = {2024},
  howpublished = {\url{https://openai.com/index/gpt-4o-mini-advancing-cost-efficient-intelligence/}}
}

@misc{GPT4o,
  author = {OpenAI},
  title = {Hello GPT-4o},
  year = {2024},
  howpublished = {\url{https://openai.com/index/hello-gpt-4o/}}
}

@misc{duarte2024number,
  author = {Duarte, Fabio},
  title = {Number of ChatGPT Users (Jun 2024)},
  year = {2024},
  howpublished = {\url{https://explodingtopics.com/blog/chatgpt-users}}
}

@misc{OpenAI2023,
  author = {OpenAI},
  title = {OpenAI API},
  year = {2023},
  howpublished = {\url{https://openai.com/api/}}
}

@article{achiam2023gpt,
  title={Gpt-4 technical report},
  author={Achiam, Josh and Adler, Steven and Agarwal, Sandhini and Ahmad, Lama and Akkaya, Ilge and Aleman, Florencia Leoni and Almeida, Diogo and Altenschmidt, Janko and Altman, Sam and Anadkat, Shyamal and others},
  journal={arXiv preprint arXiv:2303.08774},
  year={2023}
}

@article{team2023gemini,
  title={Gemini: a family of highly capable multimodal models},
  author={Team, Gemini and Anil, Rohan and Borgeaud, Sebastian and Wu, Yonghui and Alayrac, Jean-Baptiste and Yu, Jiahui and Soricut, Radu and Schalkwyk, Johan and Dai, Andrew M and Hauth, Anja and others},
  journal={arXiv preprint arXiv:2312.11805},
  year={2023}
}

@article{team2024gemma,
  title={Gemma: Open models based on gemini research and technology},
  author={Team, Gemma and Mesnard, Thomas and Hardin, Cassidy and Dadashi, Robert and Bhupatiraju, Surya and Pathak, Shreya and Sifre, Laurent and Rivi{\`e}re, Morgane and Kale, Mihir Sanjay and Love, Juliette and others},
  journal={arXiv preprint arXiv:2403.08295},
  year={2024}
}

@article{team2024gemma2,
  title={Gemma 2: Improving open language models at a practical size},
  author={Team, Gemma and Riviere, Morgane and Pathak, Shreya and Sessa, Pier Giuseppe and Hardin, Cassidy and Bhupatiraju, Surya and Hussenot, L{\'e}onard and Mesnard, Thomas and Shahriari, Bobak and Ram{\'e}, Alexandre and others},
  journal={arXiv preprint arXiv:2408.00118},
  year={2024}
}

@article{jiang2023mistral,
  title={Mistral 7B},
  author={Jiang, Albert Q and Sablayrolles, Alexandre and Mensch, Arthur and Bamford, Chris and Chaplot, Devendra Singh and Casas, Diego de las and Bressand, Florian and Lengyel, Gianna and Lample, Guillaume and Saulnier, Lucile and others},
  journal={arXiv preprint arXiv:2310.06825},
  year={2023}
}

@article{touvron2023llama,
  title={Llama: Open and efficient foundation language models},
  author={Touvron, Hugo and Lavril, Thibaut and Izacard, Gautier and Martinet, Xavier and Lachaux, Marie-Anne and Lacroix, Timoth{\'e}e and Rozi{\`e}re, Baptiste and Goyal, Naman and Hambro, Eric and Azhar, Faisal and others},
  journal={arXiv preprint arXiv:2302.13971},
  year={2023}
}

@article{llama2,
  title={Llama 2: Open foundation and fine-tuned chat models},
  author={Touvron, Hugo and Martin, Louis and Stone, Kevin and Albert, Peter and Almahairi, Amjad and Babaei, Yasmine and Bashlykov, Nikolay and Batra, Soumya and Bhargava, Prajjwal and Bhosale, Shruti and others},
  journal={arXiv preprint arXiv:2307.09288},
  year={2023}
}

@article{llama3,
  title={The llama 3 herd of models},
  author={Dubey, Abhimanyu and Jauhri, Abhinav and Pandey, Abhinav and Kadian, Abhishek and Al-Dahle, Ahmad and Letman, Aiesha and Mathur, Akhil and Schelten, Alan and Yang, Amy and Fan, Angela and others},
  journal={arXiv preprint arXiv:2407.21783},
  year={2024}
}

@article{zhang2024treacle,
  title={TREACLE: Thrifty Reasoning via Context-Aware LLM and Prompt Selection},
  author={Zhang, Xuechen and Huang, Zijian and Taga, Ege Onur and Joe-Wong, Carlee and Oymak, Samet and Chen, Jiasi},
  journal={arXiv preprint arXiv:2404.13082},
  year={2024}
}

@article{chen2023frugalgpt,
  title={Frugalgpt: How to use large language models while reducing cost and improving performance},
  author={Chen, Lingjiao and Zaharia, Matei and Zou, James},
  journal={arXiv preprint arXiv:2305.05176},
  year={2023}
}

@inproceedings{wang2023tabi,
  title={Tabi: An efficient multi-level inference system for large language models},
  author={Wang, Yiding and Chen, Kai and Tan, Haisheng and Guo, Kun},
  booktitle={Proceedings of the Eighteenth European Conference on Computer Systems},
  pages={233--248},
  year={2023}
}

@article{xu2024unleashing,
  title={Unleashing the power of edge-cloud generative ai in mobile networks: A survey of aigc services},
  author={Xu, Minrui and Du, Hongyang and Niyato, Dusit and Kang, Jiawen and Xiong, Zehui and Mao, Shiwen and Han, Zhu and Jamalipour, Abbas and Kim, Dong In and Shen, Xuemin and others},
  journal={IEEE Communications Surveys \& Tutorials},
  year={2024},
  publisher={IEEE}
}

@inproceedings{dong2024creating,
  title={Creating edge ai from cloud-based llms},
  author={Dong, Qifei and Chen, Xiangliang and Satyanarayanan, Mahadev},
  booktitle={Proceedings of the 25th International Workshop on Mobile Computing Systems and Applications},
  pages={8--13},
  year={2024}
}

@article{lin2023pushing,
  title={Pushing large language models to the 6g edge: Vision, challenges, and opportunities},
  author={Lin, Zheng and Qu, Guanqiao and Chen, Qiyuan and Chen, Xianhao and Chen, Zhe and Huang, Kaibin},
  journal={arXiv preprint arXiv:2309.16739},
  year={2023}
}

@inproceedings{patel2024characterizing,
  title={Characterizing Power Management Opportunities for LLMs in the Cloud},
  author={Patel, Pratyush and Choukse, Esha and Zhang, Chaojie and Goiri, {\'I}{\~n}igo and Warrier, Brijesh and Mahalingam, Nithish and Bianchini, Ricardo},
  booktitle={Proceedings of the 29th ACM International Conference on Architectural Support for Programming Languages and Operating Systems, Volume 3},
  pages={207--222},
  year={2024}
}

@inproceedings{radford2021learning,
  title={Learning transferable visual models from natural language supervision},
  author={Radford, Alec and Kim, Jong Wook and Hallacy, Chris and Ramesh, Aditya and Goh, Gabriel and Agarwal, Sandhini and Sastry, Girish and Askell, Amanda and Mishkin, Pamela and Clark, Jack and others},
  booktitle={International conference on machine learning},
  pages={8748--8763},
  year={2021},
  organization={PMLR}
}

@article{liu2024visual,
  title={Visual instruction tuning},
  author={Liu, Haotian and Li, Chunyuan and Wu, Qingyang and Lee, Yong Jae},
  journal={Advances in neural information processing systems},
  volume={36},
  year={2024}
}

@article{chiang2023vicuna,
  title={Vicuna: An open-source chatbot impressing gpt-4 with 90\%* chatgpt quality},
  author={Chiang, Wei-Lin and Li, Zhuohan and Lin, Zi and Sheng, Ying and Wu, Zhanghao and Zhang, Hao and Zheng, Lianmin and Zhuang, Siyuan and Zhuang, Yonghao and Gonzalez, Joseph E and others},
  journal={See https://vicuna. lmsys. org (accessed 14 April 2023)},
  volume={2},
  number={3},
  pages={6},
  year={2023}
}

@article{zheng2024judging,
  title={Judging llm-as-a-judge with mt-bench and chatbot arena},
  author={Zheng, Lianmin and Chiang, Wei-Lin and Sheng, Ying and Zhuang, Siyuan and Wu, Zhanghao and Zhuang, Yonghao and Lin, Zi and Li, Zhuohan and Li, Dacheng and Xing, Eric and others},
  journal={Advances in Neural Information Processing Systems},
  volume={36},
  year={2024}
}

@inproceedings{mcmahan2017communication,
  title={Communication-efficient learning of deep networks from decentralized data},
  author={McMahan, Brendan and Moore, Eider and Ramage, Daniel and Hampson, Seth and y Arcas, Blaise Aguera},
  booktitle={Artificial intelligence and statistics},
  pages={1273--1282},
  year={2017},
  organization={PMLR}
}

@article{delpreto2022actionsense,
  title={ActionSense: A multimodal dataset and recording framework for human activities using wearable sensors in a kitchen environment},
  author={DelPreto, Joseph and Liu, Chao and Luo, Yiyue and Foshey, Michael and Li, Yunzhu and Torralba, Antonio and Matusik, Wojciech and Rus, Daniela},
  journal={Advances in Neural Information Processing Systems},
  volume={35},
  pages={13800--13813},
  year={2022}
}

@article{wen2023empowering,
  title={Empowering llm to use smartphone for intelligent task automation},
  author={Wen, Hao and Li, Yuanchun and Liu, Guohong and Zhao, Shanhui and Yu, Tao and Li, Toby Jia-Jun and Jiang, Shiqi and Liu, Yunhao and Zhang, Yaqin and Liu, Yunxin},
  journal={arXiv preprint arXiv:2308.15272},
  year={2023}
}

@article{cui2023large,
  title={Large Language Models for Autonomous Driving: Real-World Experiments},
  author={Cui, Can and Yang, Zichong and Zhou, Yupeng and Ma, Yunsheng and Lu, Juanwu and Wang, Ziran},
  journal={arXiv preprint arXiv:2312.09397},
  year={2023}
}

@article{wu2023autogen,
  title={Autogen: Enabling next-gen llm applications via multi-agent conversation framework},
  author={Wu, Qingyun and Bansal, Gagan and Zhang, Jieyu and Wu, Yiran and Zhang, Shaokun and Zhu, Erkang and Li, Beibin and Jiang, Li and Zhang, Xiaoyun and Wang, Chi},
  journal={arXiv preprint arXiv:2308.08155},
  year={2023}
}

@article{yang2023appagent,
  title={Appagent: Multimodal agents as smartphone users},
  author={Yang, Zhao and Liu, Jiaxuan and Han, Yucheng and Chen, Xin and Huang, Zebiao and Fu, Bin and Yu, Gang},
  journal={arXiv preprint arXiv:2312.13771},
  year={2023}
}

@inproceedings{wang2023enabling,
  title={Enabling conversational interaction with mobile ui using large language models},
  author={Wang, Bryan and Li, Gang and Li, Yang},
  booktitle={Proceedings of the 2023 CHI Conference on Human Factors in Computing Systems},
  pages={1--17},
  year={2023}
}

@article{wang2023jarvis,
  title={Jarvis-1: Open-world multi-task agents with memory-augmented multimodal language models},
  author={Wang, Zihao and Cai, Shaofei and Liu, Anji and Jin, Yonggang and Hou, Jinbing and Zhang, Bowei and Lin, Haowei and He, Zhaofeng and Zheng, Zilong and Yang, Yaodong and others},
  journal={arXiv preprint arXiv:2311.05997},
  year={2023}
}

@article{furuta2023multimodal,
  title={Multimodal Web Navigation with Instruction-Finetuned Foundation Models},
  author={Furuta, Hiroki and Nachum, Ofir and Lee, Kuang-Huei and Matsuo, Yutaka and Gu, Shixiang Shane and Gur, Izzeddin},
  journal={arXiv preprint arXiv:2305.11854},
  year={2023}
}

@article{wang2023adapting,
  title={Adapting LLM Agents Through Communication},
  author={Wang, Kuan and Lu, Yadong and Santacroce, Michael and Gong, Yeyun and Zhang, Chao and Shen, Yelong},
  journal={arXiv preprint arXiv:2310.01444},
  year={2023}
}

@article{shen2024large,
  title={Large language models empowered autonomous edge ai for connected intelligence},
  author={Shen, Yifei and Shao, Jiawei and Zhang, Xinjie and Lin, Zehong and Pan, Hao and Li, Dongsheng and Zhang, Jun and Letaief, Khaled B},
  journal={IEEE Communications Magazine},
  year={2024},
  publisher={IEEE}
}

@article{tucker2024systematic,
  title={A systematic review of geospatial location embedding approaches in large language models: A path to spatial AI systems},
  author={Tucker, Sean},
  journal={arXiv preprint arXiv:2401.10279},
  year={2024}
}

@article{hong20233d,
  title={3d-llm: Injecting the 3d world into large language models},
  author={Hong, Yining and Zhen, Haoyu and Chen, Peihao and Zheng, Shuhong and Du, Yilun and Chen, Zhenfang and Gan, Chuang},
  journal={arXiv preprint arXiv:2307.12981},
  year={2023}
}

@article{chen2023large,
  title={When large language models meet personalization: Perspectives of challenges and opportunities},
  author={Chen, Jin and Liu, Zheng and Huang, Xu and Wu, Chenwang and Liu, Qi and Jiang, Gangwei and Pu, Yuanhao and Lei, Yuxuan and Chen, Xiaolong and Wang, Xingmei and others},
  journal={arXiv preprint arXiv:2307.16376},
  year={2023}
}

@inproceedings{muhamed2021ctr,
  title={CTR-BERT: Cost-effective knowledge distillation for billion-parameter teacher models},
  author={Muhamed, Aashiq and Keivanloo, Iman and Perera, Sujan and Mracek, James and Xu, Yi and Cui, Qingjun and Rajagopalan, Santosh and Zeng, Belinda and Chilimbi, Trishul},
  booktitle={NeurIPS Efficient Natural Language and Speech Processing Workshop},
  year={2021}
}

@article{chen2023fireact,
  title={Fireact: Toward language agent fine-tuning},
  author={Chen, Baian and Shu, Chang and Shareghi, Ehsan and Collier, Nigel and Narasimhan, Karthik and Yao, Shunyu},
  journal={arXiv preprint arXiv:2310.05915},
  year={2023}
}

@article{niu2020real,
  title={Real-time execution of large-scale language models on mobile},
  author={Niu, Wei and Kong, Zhenglun and Yuan, Geng and Jiang, Weiwen and Guan, Jiexiong and Ding, Caiwen and Zhao, Pu and Liu, Sijia and Ren, Bin and Wang, Yanzhi},
  journal={arXiv preprint arXiv:2009.06823},
  year={2020}
}

@article{zhang2023dissecting,
  title={Dissecting the Runtime Performance of the Training, Fine-tuning, and Inference of Large Language Models},
  author={Zhang, Longteng and Liu, Xiang and Li, Zeyu and Pan, Xinglin and Dong, Peijie and Fan, Ruibo and Guo, Rui and Wang, Xin and Luo, Qiong and Shi, Shaohuai and others},
  journal={arXiv preprint arXiv:2311.03687},
  year={2023}
}

@article{chu2023mobilevlm,
  title={Mobilevlm: A fast, reproducible and strong vision language assistant for mobile devices},
  author={Chu, Xiangxiang and Qiao, Limeng and Lin, Xinyang and Xu, Shuang and Yang, Yang and Hu, Yiming and Wei, Fei and Zhang, Xinyu and Zhang, Bo and Wei, Xiaolin and others},
  journal={arXiv preprint arXiv:2312.16886},
  year={2023}
}

@article{li2023textbooks,
  title={Textbooks are all you need ii: phi-1.5 technical report},
  author={Li, Yuanzhi and Bubeck, S{\'e}bastien and Eldan, Ronen and Del Giorno, Allie and Gunasekar, Suriya and Lee, Yin Tat},
  journal={arXiv preprint arXiv:2309.05463},
  year={2023}
}

@article{awadalla2023openflamingo,
  title={Openflamingo: An open-source framework for training large autoregressive vision-language models},
  author={Awadalla, Anas and Gao, Irena and Gardner, Josh and Hessel, Jack and Hanafy, Yusuf and Zhu, Wanrong and Marathe, Kalyani and Bitton, Yonatan and Gadre, Samir and Sagawa, Shiori and others},
  journal={arXiv preprint arXiv:2308.01390},
  year={2023}
}

@inproceedings{vedantam2015cider,
  title={Cider: Consensus-based image description evaluation},
  author={Vedantam, Ramakrishna and Lawrence Zitnick, C and Parikh, Devi},
  booktitle={Proceedings of the IEEE conference on computer vision and pattern recognition},
  pages={4566--4575},
  year={2015}
}

@inproceedings{antol2015vqa,
  title={Vqa: Visual question answering},
  author={Antol, Stanislaw and Agrawal, Aishwarya and Lu, Jiasen and Mitchell, Margaret and Batra, Dhruv and Zitnick, C Lawrence and Parikh, Devi},
  booktitle={Proceedings of the IEEE international conference on computer vision},
  pages={2425--2433},
  year={2015}
}

@article{kiela2020hateful,
  title={The hateful memes challenge: Detecting hate speech in multimodal memes},
  author={Kiela, Douwe and Firooz, Hamed and Mohan, Aravind and Goswami, Vedanuj and Singh, Amanpreet and Ringshia, Pratik and Testuggine, Davide},
  journal={Advances in neural information processing systems},
  volume={33},
  pages={2611--2624},
  year={2020}
}

@article{gong2023multimodal,
  title={Multimodal-gpt: A vision and language model for dialogue with humans},
  author={Gong, Tao and Lyu, Chengqi and Zhang, Shilong and Wang, Yudong and Zheng, Miao and Zhao, Qian and Liu, Kuikun and Zhang, Wenwei and Luo, Ping and Chen, Kai},
  journal={arXiv preprint arXiv:2305.04790},
  year={2023}
}

@article{zhao2023mmicl,
  title={Mmicl: Empowering vision-language model with multi-modal in-context learning},
  author={Zhao, Haozhe and Cai, Zefan and Si, Shuzheng and Ma, Xiaojian and An, Kaikai and Chen, Liang and Liu, Zixuan and Wang, Sheng and Han, Wenjuan and Chang, Baobao},
  journal={arXiv preprint arXiv:2309.07915},
  year={2023}
}

@article{xu2023leveraging,
  title={Leveraging large language models for mental health prediction via online text data},
  author={Xu, Xuhai and Yao, Bingshen and Dong, Yuanzhe and Yu, Hong and Hendler, James and Dey, Anind K and Wang, Dakuo},
  journal={arXiv preprint arXiv:2307.14385},
  year={2023}
}