@inproceedings{simclr,
  title={A simple framework for contrastive learning of visual representations},
  author={Chen, Ting and Kornblith, Simon and Norouzi, Mohammad and Hinton, Geoffrey},
  booktitle={International conference on machine learning},
  pages={1597--1607},
  year={2020},
  organization={PMLR}
}

@inproceedings{moco,
  title={Momentum contrast for unsupervised visual representation learning},
  author={He, Kaiming and Fan, Haoqi and Wu, Yuxin and Xie, Saining and Girshick, Ross},
  booktitle={Proceedings of the IEEE/CVF conference on computer vision and pattern recognition},
  pages={9729--9738},
  year={2020}
}

@inproceedings{clip,
  title={Learning transferable visual models from natural language supervision},
  author={Radford, Alec and Kim, Jong Wook and Hallacy, Chris and Ramesh, Aditya and Goh, Gabriel and Agarwal, Sandhini and Sastry, Girish and Askell, Amanda and Mishkin, Pamela and Clark, Jack and others},
  booktitle={International conference on machine learning},
  pages={8748--8763},
  year={2021},
  organization={PMLR}
}

@article{tf-c,
  title={Self-supervised contrastive pre-training for time series via time-frequency consistency},
  author={Zhang, Xiang and Zhao, Ziyuan and Tsiligkaridis, Theodoros and Zitnik, Marinka},
  journal={Advances in Neural Information Processing Systems},
  volume={35},
  pages={3988--4003},
  year={2022}
}

@article{ott2024radio,
  title={Radio Foundation Models: Pre-training Transformers for 5G-based Indoor Localization},
  author={Ott, Jonathan and Pirkl, Jonas and Stahlke, Maximilian and Feigl, Tobias and Mutschler, Christopher},
  journal={arXiv preprint arXiv:2410.00617},
  year={2024}
}

@article{lwm,
  title={Large Wireless Model (LWM): A Foundation Model for Wireless Channels},
  author={Alikhani, Sadjad and Charan, Gouranga and Alkhateeb, Ahmed},
  journal={arXiv preprint arXiv:2411.08872},
  year={2024}
}

@InProceedings{deepmimo,
author = {Alkhateeb, A.},
title = {{DeepMIMO}: A Generic Deep Learning Dataset for Millimeter Wave and Massive {MIMO} Applications},
booktitle = {Proc. of Information Theory and Applications Workshop (ITA)},
year = {2019},
pages = {1-8},
month = {Feb},
Address = {San Diego, CA}, }

@article{MSM,
  title={Building 6G Radio Foundation Models with Transformer Architectures},
  author={Aboulfotouh, Ahmed and Eshaghbeigi, Ashkan and Abou-Zeid, Hatem},
  journal={arXiv preprint arXiv:2411.09996},
  year={2024}
}
@inproceedings{resnet,
  title={Deep residual learning for image recognition},
  author={He, Kaiming and Zhang, Xiangyu and Ren, Shaoqing and Sun, Jian},
  booktitle={Proceedings of the IEEE conference on computer vision and pattern recognition},
  pages={770--778},
  year={2016}
}

@article{bmsurvey,
  title={A survey of beam management for mmWave and THz communications towards 6G},
  author={Xue, Qing and Ji, Chengwang and Ma, Shaodan and Guo, Jiajia and Xu, Yongjun and Chen, Qianbin and Zhang, Wei},
  journal={IEEE Communications Surveys \& Tutorials},
  year={2024},
  publisher={IEEE}
}
@article{sun2023ai,
  title={AI model selection and monitoring for beam management in 5G-advanced},
  author={Sun, Chen and Zhao, Le and Cui, Tao and Li, Haojin and Bai, Yingshuang and Wu, Songtao and Tong, Qiang},
  journal={IEEE Open Journal of the Communications Society},
  year={2023},
  publisher={IEEE}
}
@inproceedings{dino,
  title={Emerging properties in self-supervised vision transformers},
  author={Caron, Mathilde and Touvron, Hugo and Misra, Ishan and J{\'e}gou, Herv{\'e} and Mairal, Julien and Bojanowski, Piotr and Joulin, Armand},
  booktitle={Proceedings of the IEEE/CVF international conference on computer vision},
  pages={9650--9660},
  year={2021}
}
@article{bert,
  title={Bert: Pre-training of deep bidirectional transformers for language understanding},
  author={Devlin, Jacob},
  journal={arXiv preprint arXiv:1810.04805},
  year={2018}
}
@article{sionna,
    title = {Sionna: An Open-Source Library for Next-Generation Physical Layer Research},
    author = {Hoydis, Jakob and Cammerer, Sebastian and {Ait Aoudia}, Fay√ßal and Vem, Avinash and Binder, Nikolaus and Marcus, Guillermo and Keller, Alexander},
    year = {2022},
    month = {Mar.},
    journal = {arXiv preprint},
    online = {https://arxiv.org/abs/2203.11854}
}
@techreport{3gpp.38.843,
 author = {3GPP},
 institution = {{3rd Generation Partnership Project (3GPP)}},
 number = {38.843},
 title = {{Study on Artificial Intelligence (AI)/Machine Learning (ML) for NR air interface}},
 type = {Technical Report (TR)},
 url = {http://www.3gpp.org/DynaReport/38843.htm}
}

@misc{isacsurvey,
      title={A Survey on Integrated Sensing and Communication with Intelligent Metasurfaces: Trends, Challenges, and Opportunities}, 
      author={Ahmed Magbool and Vaibhav Kumar and Qingqing Wu and Marco Di Renzo and Mark F. Flanagan},
      year={2024},
      eprint={2401.15562},
      archivePrefix={arXiv},
      primaryClass={eess.SP},
      url={https://arxiv.org/abs/2401.15562}, 
}
@article{isac,
author = {DU Ruolin, WEI Zhiqiang, YANG Zai},
title = {Integrated Sensing and Communication: Who Benefits More?},
publisher = {ZTE Communications},
year = {2024},
journal = {ZTE Communications},
volume = {22},
number = {3},
eid = {37},
pages = {37-47},
keywords = {;communication-assisted sensing;integrated sensing and communication (ISAC);sensing-assisted communication;6G;vehicle-to-everything (V2X)},
doi = https://zte.magtechjournal.com/EN/10.12142/ZTECOM.202403006
}    

