@article{MSM,
  title={Building 6G Radio Foundation Models with Transformer Architectures},
  author={Aboulfotouh, Ahmed and Eshaghbeigi, Ashkan and Abou-Zeid, Hatem},
  journal={arXiv preprint arXiv:2411.09996},
  year={2024}
}

@inproceedings{clip,
  title={Learning transferable visual models from natural language supervision},
  author={Radford, Alec and Kim, Jong Wook and Hallacy, Chris and Ramesh, Aditya and Goh, Gabriel and Agarwal, Sandhini and Sastry, Girish and Askell, Amanda and Mishkin, Pamela and Clark, Jack and others},
  booktitle={International conference on machine learning},
  pages={8748--8763},
  year={2021},
  organization={PMLR}
}

@InProceedings{deepmimo,
author = {Alkhateeb, A.},
title = {{DeepMIMO}: A Generic Deep Learning Dataset for Millimeter Wave and Massive {MIMO} Applications},
booktitle = {Proc. of Information Theory and Applications Workshop (ITA)},
year = {2019},
pages = {1-8},
month = {Feb},
Address = {San Diego, CA}, }

@article{lwm,
  title={Large Wireless Model (LWM): A Foundation Model for Wireless Channels},
  author={Alikhani, Sadjad and Charan, Gouranga and Alkhateeb, Ahmed},
  journal={arXiv preprint arXiv:2411.08872},
  year={2024}
}

@inproceedings{moco,
  title={Momentum contrast for unsupervised visual representation learning},
  author={He, Kaiming and Fan, Haoqi and Wu, Yuxin and Xie, Saining and Girshick, Ross},
  booktitle={Proceedings of the IEEE/CVF conference on computer vision and pattern recognition},
  pages={9729--9738},
  year={2020}
}

@article{ott2024radio,
  title={Radio Foundation Models: Pre-training Transformers for 5G-based Indoor Localization},
  author={Ott, Jonathan and Pirkl, Jonas and Stahlke, Maximilian and Feigl, Tobias and Mutschler, Christopher},
  journal={arXiv preprint arXiv:2410.00617},
  year={2024}
}

@inproceedings{simclr,
  title={A simple framework for contrastive learning of visual representations},
  author={Chen, Ting and Kornblith, Simon and Norouzi, Mohammad and Hinton, Geoffrey},
  booktitle={International conference on machine learning},
  pages={1597--1607},
  year={2020},
  organization={PMLR}
}

@article{tf-c,
  title={Self-supervised contrastive pre-training for time series via time-frequency consistency},
  author={Zhang, Xiang and Zhao, Ziyuan and Tsiligkaridis, Theodoros and Zitnik, Marinka},
  journal={Advances in Neural Information Processing Systems},
  volume={35},
  pages={3988--4003},
  year={2022}
}

