@inproceedings{dey2019offloaded,
  title={Offloaded execution of deep learning inference at edge: Challenges and insights},
  author={Dey, Swarnava and Mondal, Jayeeta and Mukherjee, Arijit},
  booktitle={2019 IEEE International Conference on Pervasive Computing and Communications Workshops (PerCom Workshops)},
  pages={855--861},
  year={2019},
  organization={IEEE}
}

@inproceedings{elasticpipe,
    author = {Geng, Jinkun and et al.},
    title = {ElasticPipe: An Efficient and Dynamic Model-Parallel Solution to DNN Training},
    booktitle = { ScienceCloud'19.}
}

@inproceedings{goel2022efficient,
  title={Efficient computer vision on edge devices with pipeline-parallel hierarchical neural networks},
  author={Goel, Abhinav and Tung, Caleb and Hu, Xiao and Thiruvathukal, George K and Davis, James C and Lu, Yung-Hsiang},
  booktitle={2022 27th Asia and South Pacific Design Automation Conference (ASP-DAC)},
  pages={532--537},
  year={2022},
  organization={IEEE}
}

@article{hadidi2018distributed,
  title={Distributed perception by collaborative robots},
  author={Hadidi, Ramyad and Cao, Jiashen and Woodward, Matthew and Ryoo, Michael S and Kim, Hyesoon},
  journal={IEEE Robotics and Automation Letters},
  volume={3},
  number={4},
  pages={3709--3716},
  year={2018},
  publisher={IEEE}
}

@INPROCEEDINGS{icde20-fela,
    author={Geng, Jinkun and et al.},
    booktitle={ ICDE'20}, 
    title={Fela: Incorporating Flexible Parallelism and Elastic Tuning to Accelerate Large-Scale DML}
}

@inproceedings{jeong2018ionn,
  title={IONN: Incremental offloading of neural network computations from mobile devices to edge servers},
  author={Jeong, Hyuk-Jin and Lee, Hyeon-Jae and Shin, Chang Hyun and Moon, Soo-Mook},
  booktitle={Proceedings of the ACM symposium on cloud computing},
  pages={401--411},
  year={2018}
}

@inproceedings{lin2019distributed,
  title={Distributed deep neural network deployment for smart devices from the edge to the cloud},
  author={Lin, Chang-You and Wang, Tzu-Chen and Chen, Kuan-Chih and Lee, Bor-Yan and Kuo, Jian-Jhih},
  booktitle={Proceedings of the ACM MobiHoc workshop on pervasive systems in the IoT era},
  pages={43--48},
  year={2019}
}

@inproceedings{mao2017modnn,
  title={Modnn: Local distributed mobile computing system for deep neural network},
  author={Mao, Jiachen and Chen, Xiang and Nixon, Kent W and Krieger, Christopher and Chen, Yiran},
  booktitle={Design, Automation \& Test in Europe Conference \& Exhibition (DATE), 2017},
  pages={1396--1401},
  year={2017},
  organization={IEEE}
}

@inproceedings{mohammed2020distributed,
  title={Distributed inference acceleration with adaptive DNN partitioning and offloading},
  author={Mohammed, Thaha and Joe-Wong, Carlee and Babbar, Rohit and Di Francesco, Mario},
  booktitle={IEEE INFOCOM 2020-IEEE Conference on Computer Communications},
  pages={854--863},
  year={2020},
  organization={IEEE}
}

@article{ren2021fine,
  title={Fine-grained elastic partitioning for distributed dnn towards mobile web ar services in the 5g era},
  author={Ren, Pei and Qiao, Xiuquan and Huang, Yakun and Liu, Ling and Pu, Calton and Dustdar, Schahram},
  journal={IEEE Transactions on Services Computing},
  year={2021},
  publisher={IEEE}
}

@article{shan2020collaborative,
  title={Collaborative intelligence: Accelerating deep neural network inference via device-edge synergy},
  author={Shan, Nanliang and Ye, Zecong and Cui, Xiaolong},
  journal={Security and Communication Networks},
  volume={2020},
  pages={1--10},
  year={2020},
  publisher={Hindawi Limited}
}

@inproceedings{song2018situ,
  title={In-situ ai: Towards autonomous and incremental deep learning for iot systems},
  author={Song, Mingcong and Zhong, Kan and Zhang, Jiaqi and Hu, Yang and Liu, Duo and Zhang, Weigong and Wang, Jing and Li, Tao},
  booktitle={2018 IEEE International Symposium on High Performance Computer Architecture (HPCA)},
  pages={92--103},
  year={2018},
  organization={IEEE}
}

@article{vldb14-flexps,
author = {Huang, Yuzhen and Jin, Tatiana and Wu, Yidi and Cai, Zhenkun and Yan, Xiao and Yang, Fan and Li, Jinfeng and Guo, Yuying and Cheng, James},
title = {FlexPS: Flexible Parallelism Control in Parameter Server Architecture},
year = {2018},
issue_date = {January 2018},
publisher = {VLDB Endowment},
volume = {11},
number = {5},
issn = {2150-8097},
url = {https://doi.org/10.1145/3177732.3177734},
doi = {10.1145/3177732.3177734},
journal = {Proc. VLDB Endow.},
month = {oct},
pages = {566â€“579},
numpages = {14}
}

@article{xue2021eosdnn,
  title={EosDNN: An efficient offloading scheme for DNN inference acceleration in local-edge-cloud collaborative environments},
  author={Xue, Min and Wu, Huaming and Li, Ruidong and Xu, Minxian and Jiao, Pengfei},
  journal={IEEE Transactions on Green Communications and Networking},
  volume={6},
  number={1},
  pages={248--264},
  year={2021},
  publisher={IEEE}
}

@article{zeng2020coedge,
  title={Coedge: Cooperative dnn inference with adaptive workload partitioning over heterogeneous edge devices},
  author={Zeng, Liekang and Chen, Xu and Zhou, Zhi and Yang, Lei and Zhang, Junshan},
  journal={IEEE/ACM Transactions on Networking},
  volume={29},
  number={2},
  pages={595--608},
  year={2020},
  publisher={IEEE}
}

@article{zhang2021deepslicing,
  title={Deepslicing: collaborative and adaptive cnn inference with low latency},
  author={Zhang, Shuai and Zhang, Sheng and Qian, Zhuzhong and Wu, Jie and Jin, Yibo and Lu, Sanglu},
  journal={IEEE Transactions on Parallel and Distributed Systems},
  volume={32},
  number={9},
  pages={2175--2187},
  year={2021},
  publisher={IEEE}
}

@article{zhao2018deepthings,
  title={Deepthings: Distributed adaptive deep learning inference on resource-constrained iot edge clusters},
  author={Zhao, Zhuoran and Barijough, Kamyar Mirzazad and Gerstlauer, Andreas},
  journal={IEEE Transactions on Computer-Aided Design of Integrated Circuits and Systems},
  volume={37},
  number={11},
  pages={2348--2359},
  year={2018},
  publisher={IEEE}
}

@inproceedings{zhou2019adaptive,
  title={Adaptive parallel execution of deep neural networks on heterogeneous edge devices},
  author={Zhou, Li and Samavatian, Mohammad Hossein and Bacha, Anys and Majumdar, Saikat and Teodorescu, Radu},
  booktitle={Proceedings of the 4th ACM/IEEE Symposium on Edge Computing},
  pages={195--208},
  year={2019}
}

