@article{abdel2020image,
  title={Image classification on IoT edge devices: profiling and modeling},
  author={Abdel Magid, Salma and et al.},
  journal={Cluster Computing'20}
}




@article{hu2017iot,
  title={IoT-driven automated object detection algorithm for urban surveillance systems in smart cities},
  author={Hu, Ling and et al.},
  journal={IoT'17}
}

@article{long2017edge,
  title={Edge computing framework for cooperative video processing in multimedia IoT systems}, 
  author={Long, Changchun and et al.},
  journal={TMM'17}
}

@inproceedings{zhou2019adaptive,
  title={Adaptive parallel execution of deep neural networks on heterogeneous edge devices},
  author={Zhou, Li and et al.},
  booktitle={Edge Computing'19}
}


@article{zhang2021deepslicing,
  title={Deepslicing: collaborative and adaptive cnn inference with low latency},
  author={Zhang, Shuai and et al.},
  journal={TPDS'21}
}

@inproceedings{mao2017modnn,
  title={Modnn: Local distributed mobile computing system for deep neural network},
  author={Mao, Jiachen and et al.},
  booktitle={DATE'17}
}

@article{zhao2018deepthings,
  title={Deepthings: Distributed adaptive deep learning inference on resource-constrained iot edge clusters},
  author={Zhao, Zhuoran and et al.},
  journal={TCAD'18}
}

@inproceedings{chen2016xgboost,
  title={Xgboost: A scalable tree boosting system},
  author={Chen, Tianqi and et al.},
  booktitle={SIGKDD'16}
}

@inproceedings{jia2018exploring,
  title={Exploring Hidden Dimensions in Parallelizing Convolutional Neural Networks.},
  author={Jia, Zhihao and et al.},
  booktitle={ICML'18}
}

@inproceedings{zhang2023xenos,
  title={Xenos: Dataflow-Centric Optimization to Accelerate Model Inference on Edge Devices},
  author={Zhang, Runhua and et al.},
  booktitle={DASFAA'23}
}

@article{howard2017mobilenets,
  title={Mobilenets: Efficient convolutional neural networks for mobile vision applications},
  author={Howard, Andrew G and et al.},
  journal={arXiv preprint arXiv:1704.04861}
}

@inproceedings{he2016deep,
  title={Deep residual learning for image recognition},
  author={He, Kaiming and et al.},
  booktitle={CVPR'16}
}

@inproceedings{jawahar2019does,
  title={What does BERT learn about the structure of language?},
  author={Jawahar, Ganesh and et al.},
  booktitle={ACL'19}
}



@inproceedings{song2018situ,
  title={In-situ ai: Towards autonomous and incremental deep learning for iot systems},
  author={Song, Mingcong and et al.},
  booktitle={HPCA'18}
}

@inproceedings{hu2019dynamic,
  title={Dynamic adaptive DNN surgery for inference acceleration on the edge},
  author={Hu, Chuang and et al.},
  booktitle={INFOCOM'19}
}

@inproceedings{jeong2018ionn,
  title={IONN: Incremental offloading of neural network computations from mobile devices to edge servers},
  author={Jeong, Hyuk-Jin and et al.},
  booktitle={SoCC'18}
}




@inproceedings{mohammed2020distributed,
  title={Distributed inference acceleration with adaptive DNN partitioning and offloading},
  author={Mohammed, Thaha and et al.},
  booktitle={INFOCOM'20}
}


@article{ren2021fine,
  title={Fine-grained elastic partitioning for distributed dnn towards mobile web ar services in the 5g era},
  author={Ren, Pei and et al.},
  journal={TSC'21}
}

@article{xue2021eosdnn,
  title={EosDNN: An efficient offloading scheme for DNN inference acceleration in local-edge-cloud collaborative environments},
  author={Xue, Min and et al.},
  journal={TGCN'21}
}


@article{zeng2020coedge,
  title={Coedge: Cooperative dnn inference with adaptive workload partitioning over heterogeneous edge devices},
  author={Zeng, Liekang and et al.},
  journal={ToN'20}
}

@article{hadidi2018distributed,
  title={Distributed perception by collaborative robots},
  author={Hadidi, Ramyad and et al.},
  journal={IEEE Robotics and Automation Letters}
}
@inproceedings{goel2022efficient,
  title={Efficient computer vision on edge devices with pipeline-parallel hierarchical neural networks},
  author={Goel, Abhinav and et al.},
  booktitle={ASP-DAC'22}
}

@article{shan2020collaborative,
  title={Collaborative intelligence: Accelerating deep neural network inference via device-edge synergy},
  author={Shan, Nanliang and et al.},
  journal={SCN'20}
}

@inproceedings{yang2021cooperative,
  title={Cooperative distributed deep neural network deployment with edge computing},
  author={Yang, Cian-You and et al.},
  booktitle={ICC'21}
}

@inproceedings{lin2019distributed,
  title={Distributed deep neural network deployment for smart devices from the edge to the cloud},
  author={Lin, Chang-You and et al.},
  booktitle={MobiHoc Workshops'19}
}

@inproceedings{dey2019offloaded,
  title={Offloaded execution of deep learning inference at edge: Challenges and insights},
  author={Dey, Swarnava and et al.},
  booktitle={PerCom Workshops'19}
}

@INPROCEEDINGS{icde20-fela,
    author={Geng, Jinkun and et al.},
    booktitle={ ICDE'20}, 
    title={Fela: Incorporating Flexible Parallelism and Elastic Tuning to Accelerate Large-Scale DML}
}
  
@INPROCEEDINGS{icde19-rima,
    author={Geng, Jinkun and et al.},
    booktitle={ ICDE'19}, 
    title={Rima: An RDMA-Accelerated Model-Parallelized Solution to Large-Scale Matrix Factorization}
}


@inproceedings{elasticpipe,
    author = {Geng, Jinkun and et al.},
    title = {ElasticPipe: An Efficient and Dynamic Model-Parallel Solution to DNN Training},
    booktitle = { ScienceCloud'19.}
}

@inproceedings{hove,
    author = {Geng, Jinkun and et al.},
    title = {Horizontal or Vertical? A Hybrid Approach to Large-Scale Distributed Machine Learning},
    booktitle = { ScienceCloud'19.}
}

@inproceedings {osdi18-tvm,
    author = {Tianqi Chen and et al.},
    title = {{TVM}: An Automated End-to-End Optimizing Compiler for Deep Learning},
    booktitle = { OSDI'18}
}

@inproceedings{apnet19-smartps,
    author = {Geng, Jinkun and et al.},
    title = {Accelerating Distributed Machine Learning by Smart Parameter Server},
    booktitle = { APNet'19}
}

@INPROCEEDINGS{infocom20-geryon,
  author={Wang, Shuai and et al.},
  booktitle={ INFOCOM'20}, 
  title={Geryon: Accelerating Distributed CNN Training by Network-Level Flow Scheduling}
}

  
@article{pipedream,
  title={PipeDream: Fast and Efficient Pipeline Parallel DNN Training},
  author={Aaron and et al.},
  journal={arXiv:1806.03377}
} 

@inproceedings{pet,
  title={$\{$PET$\}$: Optimizing Tensor Programs with Partially Equivalent Transformations and Automated Corrections},
  author={Wang, Haojie and et al.},
  booktitle={OSDI'21}
}


@article{vldb14-flexps,
  author = {Huang, Yuzhen and et al.},
  title = {FlexPS: Flexible Parallelism Control in Parameter Server Architecture},
    journal={VLDB Endowment'18}
}


@inproceedings{dey2019embedded,
  title={Embedded deep inference in practice: Case for model partitioning},
  author={Dey, Swarnava and et al.},
  booktitle={SenSys-M'19}
}


@article{chen2024edgeci,
  title={EdgeCI: Distributed Workload Assignment and Model Partitioning for CNN Inference on Edge Clusters},
  author={Chen, Yanming and et al.},
  journal={TOIT'24}
}

@inproceedings{dhar2022studying,
  title={Studying the Security Threats of Partially Processed Deep Neural Inference Data in an IoT Device},
  author={Dhar, Argha Chandra and et al.},
  booktitle={SenSys'22}
}

@article{liu2023joint,
  title={Joint task offloading and resource allocation in heterogeneous edge environments},
  author={Liu, Yu and et al.},
  journal={TMC'23},
}

@article{bi2019ramt,
  title={Ramt: Real-time attitude and motion tracking for mobile devices in moving vehicle},
  author={Bi, Chongguang and et al.},
  journal={IMWUT'19}
}


@misc{4orin,
   title = {Nio-Innovation},
   howpublished = {\url{https://www.nio.cn/innovation}}
}

@misc{2orin,
   title = {Li-Innovation},
   howpublished = {\url{https://www.lixiang.com/tech/autodrive#li}}
}
@misc{tms,
   title = {{TI} {TMS320C6678}},
   howpublished = {\url{https://www.ti.com/product/TMS320C6678}}
}
    