@inproceedings{AdaGMLP,
  title={AdaGMLP: AdaBoosting GNN-to-MLP Knowledge Distillation},
  author={Lu, Weigang and Guan, Ziyu and Zhao, Wei and Yang, Yaming},
  booktitle={KDD},
  year={2024}
}

@inproceedings{FF-G2M,
  title={Extracting low-/high-frequency knowledge from graph neural networks and injecting it into mlps: An effective gnn-to-mlp distillation framework},
  author={Wu, Lirong and Lin, Haitao and Huang, Yufei and Fan, Tianyu and Li, Stan Z},
  booktitle={AAAI},
  pages={10351--10360},
  year={2023}
}

@inproceedings{GAT,
    title={Graph Attention Networks},
    author={Petar Veličković and Guillem Cucurull and Arantxa Casanova and Adriana Romero and Pietro Liò and Yoshua Bengio},
    booktitle={ICLR},
    year={2018}
}

@inproceedings{GCN,
    title={Semi-Supervised Classification with Graph Convolutional Networks},
    author={Thomas N. Kipf and Max Welling},
    booktitle={ICLR},
    year={2017}
}

@inproceedings{GLNN,
title={Graph-less Neural Networks: Teaching Old {MLP}s New Tricks Via Distillation},
author={Shichang Zhang and Yozen Liu and Yizhou Sun and Neil Shah},
booktitle={ICLR},
year={2022}
}

@inproceedings{HAN,
  title={Heterogeneous graph attention network},
  author={Wang, Xiao and Ji, Houye and Shi, Chuan and Wang, Bai and Ye, Yanfang and Cui, Peng and Yu, Philip S},
  booktitle={WWW},
  pages={2022--2032},
  year={2019}
}

@inproceedings{HGMD,
  title={Teach Harder, Learn Poorer: Rethinking Hard Sample Distillation for GNN-to-MLP Knowledge Distillation},
  author={Wu, Lirong and Liu, Yunfan and Lin, Haitao and Huang, Yufei and Li, Stan Z},
  booktitle={CIKM},
  year={2024}
}

@article{HPN,
  title={Heterogeneous graph propagation network},
  author={Ji, Houye and Wang, Xiao and Shi, Chuan and Wang, Bai and Philip, S Yu},
  journal={TKDE},
  volume={35},
  number={1},
  pages={521--532},
  year={2021},
  publisher={IEEE}
}

@article{KD,
  title={Distilling the knowledge in a neural network},
  author={Hinton, Geoffrey and Vinyals, Oriol and Dean, Jeff},
  journal={arXiv preprint},
  year={2015}
}

@inproceedings{KRD,
  title={Quantifying the knowledge in gnns for reliable distillation into mlps},
  author={Wu, Lirong and Lin, Haitao and Huang, Yufei and Li, Stan Z},
  booktitle={ICML},
  pages={37571--37581},
  year={2023},
  organization={PMLR}
}

@inproceedings{LLP,
  title={Linkless link prediction via relational distillation},
  author={Guo, Zhichun and Shiao, William and Zhang, Shichang and Liu, Yozen and Chawla, Nitesh V and Shah, Neil and Zhao, Tong},
  booktitle={ICML},
  pages={12012--12033},
  year={2023}
}

@inproceedings{LightHGNN,
title={Light{HGNN}: Distilling Hypergraph Neural Networks into {MLP}s for 100x Faster Inference},
author={Yifan Feng and Yihe Luo and Shihui Ying and Yue Gao},
booktitle={ICLR},
year={2024}
}

@inproceedings{MTAAM,
  title={Two Heads Are Better Than One: Teaching MLPs with Multiple Graph Neural Networks via Knowledge Distillation},
  author={Yang, Bo-Wei and Chang, Ming-Yi and Lu, Chia-Hsun and Shen, Chih-Ya},
  booktitle={DASFAA},
  pages={452--462},
  year={2024},
  organization={Springer}
}

@inproceedings{MuGSI,
  title={MuGSI: Distilling GNNs with Multi-Granularity Structural Information for Graph Classification},
  author={Yao, Tianjun and Sun, Jiaqi and Cao, Defu and Zhang, Kun and Chen, Guangyi},
  booktitle={WWW},
  year={2024}
}

@article{NARS,
  title={Scalable graph neural networks for heterogeneous graphs},
  author={Yu, Lingfan and Shen, Jiajun and Li, Jinyang and Lerer, Adam},
  journal={arXiv preprint},
  year={2020}
}

@inproceedings{NOSMOG,
title={Learning {MLP}s on Graphs: A Unified View of Effectiveness, Robustness, and Efficiency},
author={Yijun Tian and Chuxu Zhang and Zhichun Guo and Xiangliang Zhang and Nitesh Chawla},
booktitle={ICLR},
year={2023}
}

@InProceedings{RGCN,
author="Schlichtkrull, Michael
and Kipf, Thomas N.
and Bloem, Peter
and van den Berg, Rianne
and Titov, Ivan
and Welling, Max",
title="Modeling Relational Data with Graph Convolutional Networks",
booktitle="The Semantic Web",
year="2018",
organization={Springer},
pages="593--607"
}

@inproceedings{RKD-MLP,
  title={Double wins: Boosting accuracy and efficiency of graph neural networks by reliable knowledge distillation},
  author={Tan, Qiaoyu and Zha, Daochen and Liu, Ninghao and Choi, Soo-Hyun and Li, Li and Chen, Rui and Hu, Xia},
  booktitle={ICDM},
  pages={1343--1348},
  year={2023},
  organization={IEEE}
}

@article{SAGE,
  title={Inductive representation learning on large graphs},
  author={Hamilton, Will and Ying, Zhitao and Leskovec, Jure},
  journal={NeurIPS},
  year={2017}
}

@InProceedings{SGC,
  title = {Simplifying Graph Convolutional Networks},
  author = {Wu, Felix and Souza, Amauri and Zhang, Tianyi and Fifty, Christopher and Yu, Tao and Weinberger, Kilian},
  booktitle = {ICML},
  year = {2019}
}

@inproceedings{VQGraph,
title={{VQG}raph: Rethinking Graph Representation Space for Bridging {GNN}s and {MLP}s},
author={Ling Yang and Ye Tian and Minkai Xu and Zhongyi Liu and Shenda Hong and Wei Qu and Wentao Zhang and Bin CUI and Muhan Zhang and Jure Leskovec},
booktitle={ICLR},
year={2024}
}

