@article{PAMNet,
  title={A universal framework for accurate and efficient geometric deep learning of molecular systems},
  author={Zhang, Shuo and Liu, Yang and Xie, Lei},
  journal={Scientific Reports},
  volume={13},
  number={1},
  pages={19171},
  year={2023},
  publisher={Nature Publishing Group UK London}
}

@inproceedings{GCN,
    title={Semi-Supervised Classification with Graph Convolutional Networks},
    author={Thomas N. Kipf and Max Welling},
    booktitle={ICLR},
    year={2017}
}

@inproceedings{GAT,
    title={Graph Attention Networks},
    author={Petar Veličković and Guillem Cucurull and Arantxa Casanova and Adriana Romero and Pietro Liò and Yoshua Bengio},
    booktitle={ICLR},
    year={2018}
}

@inproceedings{GATv2,
title={How Attentive are Graph Attention Networks? },
author={Shaked Brody and Uri Alon and Eran Yahav},
booktitle={ICLR},
year={2022}
}

@article{SAGE,
  title={Inductive representation learning on large graphs},
  author={Hamilton, Will and Ying, Zhitao and Leskovec, Jure},
  journal={NeurIPS},
  year={2017}
}

@InProceedings{SGC,
  title = {Simplifying Graph Convolutional Networks},
  author = {Wu, Felix and Souza, Amauri and Zhang, Tianyi and Fifty, Christopher and Yu, Tao and Weinberger, Kilian},
  booktitle = {ICML},
  year = {2019}
}

@inproceedings{APPNP,
    title={Combining Neural Networks with Personalized PageRank for Classification on Graphs},
    author={Johannes Gasteiger and Aleksandar Bojchevski and Stephan Günnemann},
    booktitle={ICLR},
    year={2019}
}

@InProceedings{RGCN,
author="Schlichtkrull, Michael
and Kipf, Thomas N.
and Bloem, Peter
and van den Berg, Rianne
and Titov, Ivan
and Welling, Max",
title="Modeling Relational Data with Graph Convolutional Networks",
booktitle="The Semantic Web",
year="2018",
organization={Springer},
pages="593--607"
}

@inproceedings{HAN,
  title={Heterogeneous graph attention network},
  author={Wang, Xiao and Ji, Houye and Shi, Chuan and Wang, Bai and Ye, Yanfang and Cui, Peng and Yu, Philip S},
  booktitle={WWW},
  pages={2022--2032},
  year={2019}
}

@inproceedings{GENN,
  title={Graph explicit neural networks: Explicitly encoding graphs for efficient and accurate inference},
  author={Wang, Yiwei and Hooi, Bryan and Liu, Yozen and Shah, Neil},
  booktitle={WSDM},
  pages={348--356},
  year={2023}
}


@inproceedings{MGNN,
  title={Multiplex graph neural networks for multi-behavior recommendation},
  author={Zhang, Weifeng and Mao, Jingwen and Cao, Yi and Xu, Congfu},
  booktitle={CIKM},
  pages={2313--2316},
  year={2020}
}

@inproceedings{CARE-GNN,
  title={Enhancing graph neural network-based fraud detectors against camouflaged fraudsters},
  author={Dou, Yingtong and Liu, Zhiwei and Sun, Li and Deng, Yutong and Peng, Hao and Yu, Philip S},
  booktitle={CIKM},
  year={2020}
}

@inproceedings{MNE,
  title={Scalable multiplex network embedding.},
  author={Zhang, Hongming and Qiu, Liwei and Yi, Lingling and Song, Yangqiu},
  booktitle={IJCAI},
  volume={18},
  pages={3082--3088},
  year={2018}
}

@inproceedings{DMGI,
  title={Unsupervised attributed multiplex network embedding},
  author={Park, Chanyoung and Kim, Donghyun and Han, Jiawei and Yu, Hwanjo},
  booktitle={AAAI},
  pages={5371--5378},
  year={2020}
}

@inproceedings{HDMI,
  title={Hdmi: High-order deep multiplex infomax},
  author={Jing, Baoyu and Park, Chanyoung and Tong, Hanghang},
  booktitle={WWW},
  pages={2414--2424},
  year={2021}
}

@inproceedings{DMG,
  title={Disentangled multiplex graph representation learning},
  author={Mo, Yujie and Lei, Yajie and Shen, Jialie and Shi, Xiaoshuang and Shen, Heng Tao and Zhu, Xiaofeng},
  booktitle={ICML},
  pages={24983--25005},
  year={2023}
}

@inproceedings{GLNN,
title={Graph-less Neural Networks: Teaching Old {MLP}s New Tricks Via Distillation},
author={Shichang Zhang and Yozen Liu and Yizhou Sun and Neil Shah},
booktitle={ICLR},
year={2022}
}

@inproceedings{NOSMOG,
title={Learning {MLP}s on Graphs: A Unified View of Effectiveness, Robustness, and Efficiency},
author={Yijun Tian and Chuxu Zhang and Zhichun Guo and Xiangliang Zhang and Nitesh Chawla},
booktitle={ICLR},
year={2023}
}

@inproceedings{RKD-MLP,
  title={Double wins: Boosting accuracy and efficiency of graph neural networks by reliable knowledge distillation},
  author={Tan, Qiaoyu and Zha, Daochen and Liu, Ninghao and Choi, Soo-Hyun and Li, Li and Chen, Rui and Hu, Xia},
  booktitle={ICDM},
  pages={1343--1348},
  year={2023},
  organization={IEEE}
}

@inproceedings{FF-G2M,
  title={Extracting low-/high-frequency knowledge from graph neural networks and injecting it into mlps: An effective gnn-to-mlp distillation framework},
  author={Wu, Lirong and Lin, Haitao and Huang, Yufei and Fan, Tianyu and Li, Stan Z},
  booktitle={AAAI},
  pages={10351--10360},
  year={2023}
}

@inproceedings{KRD,
  title={Quantifying the knowledge in gnns for reliable distillation into mlps},
  author={Wu, Lirong and Lin, Haitao and Huang, Yufei and Li, Stan Z},
  booktitle={ICML},
  pages={37571--37581},
  year={2023},
  organization={PMLR}
}

@inproceedings{LLP,
  title={Linkless link prediction via relational distillation},
  author={Guo, Zhichun and Shiao, William and Zhang, Shichang and Liu, Yozen and Chawla, Nitesh V and Shah, Neil and Zhao, Tong},
  booktitle={ICML},
  pages={12012--12033},
  year={2023}
}

@inproceedings{P&D,
title={Propagate \& Distill: Towards Effective Graph Learners Using Propagation-Embracing {MLP}s},
author={Yong-Min Shin and Won-Yong Shin},
booktitle={LoG},
year={2023}
}

@inproceedings{LightHGNN,
title={Light{HGNN}: Distilling Hypergraph Neural Networks into {MLP}s for 100x Faster Inference},
author={Yifan Feng and Yihe Luo and Shihui Ying and Yue Gao},
booktitle={ICLR},
year={2024}
}

@inproceedings{VQGraph,
title={{VQG}raph: Rethinking Graph Representation Space for Bridging {GNN}s and {MLP}s},
author={Ling Yang and Ye Tian and Minkai Xu and Zhongyi Liu and Shenda Hong and Wei Qu and Wentao Zhang and Bin CUI and Muhan Zhang and Jure Leskovec},
booktitle={ICLR},
year={2024}
}

@inproceedings{MuGSI,
  title={MuGSI: Distilling GNNs with Multi-Granularity Structural Information for Graph Classification},
  author={Yao, Tianjun and Sun, Jiaqi and Cao, Defu and Zhang, Kun and Chen, Guangyi},
  booktitle={WWW},
  year={2024}
}

@inproceedings{AdaGMLP,
  title={AdaGMLP: AdaBoosting GNN-to-MLP Knowledge Distillation},
  author={Lu, Weigang and Guan, Ziyu and Zhao, Wei and Yang, Yaming},
  booktitle={KDD},
  year={2024}
}

@article{SA-MLP,
title={{SA}-{MLP}: Distilling Graph Knowledge from {GNN}s into Structure-Aware {MLP}},
author={Jie Chen and Mingyuan Bai and Shouzhen Chen and Junbin Gao and Junping Zhang and Jian Pu},
journal={TMLR},
issn={2835-8856},
year={2024}
}

@inproceedings{HGMD,
  title={Teach Harder, Learn Poorer: Rethinking Hard Sample Distillation for GNN-to-MLP Knowledge Distillation},
  author={Wu, Lirong and Liu, Yunfan and Lin, Haitao and Huang, Yufei and Li, Stan Z},
  booktitle={CIKM},
  year={2024}
}

@inproceedings{MTAAM,
  title={Two Heads Are Better Than One: Teaching MLPs with Multiple Graph Neural Networks via Knowledge Distillation},
  author={Yang, Bo-Wei and Chang, Ming-Yi and Lu, Chia-Hsun and Shen, Chih-Ya},
  booktitle={DASFAA},
  pages={452--462},
  year={2024},
  organization={Springer}
}

@article{KD,
  title={Distilling the knowledge in a neural network},
  author={Hinton, Geoffrey and Vinyals, Oriol and Dean, Jeff},
  journal={arXiv preprint},
  year={2015}
}

@article{NARS,
  title={Scalable graph neural networks for heterogeneous graphs},
  author={Yu, Lingfan and Shen, Jiajun and Li, Jinyang and Lerer, Adam},
  journal={arXiv preprint},
  year={2020}
}

@article{RGAT,
  title={Relational graph attention networks},
  author={Busbridge, Dan and Sherburn, Dane and Cavallo, Pietro and Hammerla, Nils Y},
  journal={arXiv preprint},
  year={2019}
}

@article{HPN,
  title={Heterogeneous graph propagation network},
  author={Ji, Houye and Wang, Xiao and Shi, Chuan and Wang, Bai and Philip, S Yu},
  journal={TKDE},
  volume={35},
  number={1},
  pages={521--532},
  year={2021},
  publisher={IEEE}
}

@inproceedings{bielak2024representation,
  title={Representation learning in multiplex graphs: Where and how to fuse information?},
  author={Bielak, Piotr and Kajdanowicz, Tomasz},
  booktitle={ICCS},
  pages={3--18},
  year={2024},
  organization={Springer}
}

@inproceedings{MHGCN,
  title={Multiplex heterogeneous graph convolutional network},
  author={Yu, Pengyang and Fu, Chaofan and Yu, Yanwei and Huang, Chao and Zhao, Zhongying and Dong, Junyu},
  booktitle={KDD},
  pages={2377--2387},
  year={2022}
}

@article{AEKD,
  title={Agree to disagree: Adaptive ensemble knowledge distillation in gradient space},
  author={Du, Shangchen and You, Shan and Li, Xiaojie and Wu, Jianlong and Wang, Fei and Qian, Chen and Zhang, Changshui},
  journal={NeurIPS},
  year={2020}
}

@inproceedings{MSKD,
  title={Multi-scale distillation from multiple graph neural networks},
  author={Zhang, Chunhai and Liu, Jie and Dang, Kai and Zhang, Wenzheng},
  booktitle={AAAI},
  pages={4337--4344},
  year={2022}
}

@article{OGB,
  title={Open graph benchmark: Datasets for machine learning on graphs},
  author={Hu, Weihua and Fey, Matthias and Zitnik, Marinka and Dong, Yuxiao and Ren, Hongyu and Liu, Bowen and Catasta, Michele and Leskovec, Jure},
  journal={NeurIPS},
  year={2020}
}

@inproceedings{GNN_vs_GAMLP,
title={On Graph Neural Networks versus Graph-Augmented MLPs},
author={Lei Chen and Zhengdao Chen and Joan Bruna},
booktitle={ICLR},
year={2021}
}

@article{lerique2020joint,
  title={Joint embedding of structure and features via graph convolutional networks},
  author={Lerique, S{\'e}bastien and Abitbol, Jacob Levy and Karsai, M{\'a}rton},
  journal={Applied Network Science},
  volume={5},
  pages={1--24},
  year={2020},
  publisher={Springer}
}

@article{HG2M,
  title={Teaching MLPs to Master Heterogeneous Graph-Structured Knowledge for Efficient and Accurate Inference},
  author={Liu, Yunhui and Gao, Xinyi and He, Tieke and Zhao, Jianhua and Yin, Hongzhi},
  journal={arXiv preprint arXiv:2411.14035},
  year={2024}
}