@misc{autofragdiff,
      title={Autoregressive fragment-based diffusion for pocket-aware ligand design}, 
      author={Mahdi Ghorbani and Leo Gendelev and Paul Beroza and Michael J. Keiser},
      year={2023},
      eprint={2401.05370},
      archivePrefix={arXiv},
      primaryClass={q-bio.BM},
      url={https://arxiv.org/abs/2401.05370}, 
}

@misc{cfg,
      title={Classifier-Free Diffusion Guidance}, 
      author={Jonathan Ho and Tim Salimans},
      year={2022},
      eprint={2207.12598},
      archivePrefix={arXiv},
      primaryClass={cs.LG},
      url={https://arxiv.org/abs/2207.12598}, 
}

@misc{classifierguidance,
      title={Diffusion Models Beat GANs on Image Synthesis}, 
      author={Prafulla Dhariwal and Alex Nichol},
      year={2021},
      eprint={2105.05233},
      archivePrefix={arXiv},
      primaryClass={cs.LG},
      url={https://arxiv.org/abs/2105.05233}, 
}

@misc{confvae,
      title={An End-to-End Framework for Molecular Conformation Generation via Bilevel Programming}, 
      author={Minkai Xu and Wujie Wang and Shitong Luo and Chence Shi and Yoshua Bengio and Rafael Gomez-Bombarelli and Jian Tang},
      year={2021},
      eprint={2105.07246},
      archivePrefix={arXiv},
      primaryClass={cs.LG},
      url={https://arxiv.org/abs/2105.07246}, 
}

@misc{ddim,
      title={Denoising Diffusion Implicit Models}, 
      author={Jiaming Song and Chenlin Meng and Stefano Ermon},
      year={2022},
      eprint={2010.02502},
      archivePrefix={arXiv},
      primaryClass={cs.LG},
      url={https://arxiv.org/abs/2010.02502}, 
}

@misc{ddpm,
      title={Denoising Diffusion Probabilistic Models}, 
      author={Jonathan Ho and Ajay Jain and Pieter Abbeel},
      year={2020},
      eprint={2006.11239},
      archivePrefix={arXiv},
      primaryClass={cs.LG},
      url={https://arxiv.org/abs/2006.11239}, 
}

@misc{decompopt,
      title={DecompOpt: Controllable and Decomposed Diffusion Models for Structure-based Molecular Optimization}, 
      author={Xiangxin Zhou and Xiwei Cheng and Yuwei Yang and Yu Bao and Liang Wang and Quanquan Gu},
      year={2024},
      eprint={2403.13829},
      archivePrefix={arXiv},
      primaryClass={q-bio.BM},
      url={https://arxiv.org/abs/2403.13829}, 
}

@misc{diffdock,
      title={DiffDock: Diffusion Steps, Twists, and Turns for Molecular Docking}, 
      author={Gabriele Corso and Hannes Stärk and Bowen Jing and Regina Barzilay and Tommi Jaakkola},
      year={2023},
      eprint={2210.01776},
      archivePrefix={arXiv},
      primaryClass={q-bio.BM},
      url={https://arxiv.org/abs/2210.01776}, 
}

@misc{diffhop,
      title={DiffHopp: A Graph Diffusion Model for Novel Drug Design via Scaffold Hopping}, 
      author={Jos Torge and Charles Harris and Simon V. Mathis and Pietro Lio},
      year={2023},
      eprint={2308.07416},
      archivePrefix={arXiv},
      primaryClass={q-bio.BM},
      url={https://arxiv.org/abs/2308.07416}, 
}

@misc{dps,
      title={Diffusion Posterior Sampling for General Noisy Inverse Problems}, 
      author={Hyungjin Chung and Jeongsol Kim and Michael T. Mccann and Marc L. Klasky and Jong Chul Ye},
      year={2024},
      eprint={2209.14687},
      archivePrefix={arXiv},
      primaryClass={stat.ML},
      url={https://arxiv.org/abs/2209.14687}, 
}

@misc{edm,
      title={Equivariant Diffusion for Molecule Generation in 3D}, 
      author={Emiel Hoogeboom and Victor Garcia Satorras and Clément Vignac and Max Welling},
      year={2022},
      eprint={2203.17003},
      archivePrefix={arXiv},
      primaryClass={cs.LG},
      url={https://arxiv.org/abs/2203.17003}, 
}

@misc{geodiff,
      title={GeoDiff: a Geometric Diffusion Model for Molecular Conformation Generation}, 
      author={Minkai Xu and Lantao Yu and Yang Song and Chence Shi and Stefano Ermon and Jian Tang},
      year={2022},
      eprint={2203.02923},
      archivePrefix={arXiv},
      primaryClass={cs.LG},
      url={https://arxiv.org/abs/2203.02923}, 
}

@misc{geoldm,
      title={Geometric Latent Diffusion Models for 3D Molecule Generation}, 
      author={Minkai Xu and Alexander Powers and Ron Dror and Stefano Ermon and Jure Leskovec},
      year={2023},
      eprint={2305.01140},
      archivePrefix={arXiv},
      primaryClass={cs.LG},
      url={https://arxiv.org/abs/2305.01140}, 
}

@INPROCEEDINGS{gldm,
  author={Wang, Conghao and Ong, Hiok Hian and Chiba, Shunsuke and Rajapakse, Jagath C.},
  booktitle={ICASSP 2024 - 2024 IEEE International Conference on Acoustics, Speech and Signal Processing (ICASSP)}, 
  title={De Novo Molecule Generation with Graph Latent Diffusion Model}, 
  year={2024},
  volume={},
  number={},
  pages={2121-2125},
  keywords={Training;Drugs;Proteins;Adaptation models;Benchmark testing;Signal processing;Complexity theory;Latent diffusion model;molecule generation;drug design;deep learning},
  doi={10.1109/ICASSP48485.2024.10447480}}

@misc{graphaf,
      title={GraphAF: a Flow-based Autoregressive Model for Molecular Graph Generation}, 
      author={Chence Shi and Minkai Xu and Zhaocheng Zhu and Weinan Zhang and Ming Zhang and Jian Tang},
      year={2020},
      eprint={2001.09382},
      archivePrefix={arXiv},
      primaryClass={cs.LG},
      url={https://arxiv.org/abs/2001.09382}, 
}

@INPROCEEDINGS{graphlatentdiffusion,
  author={Wang, Conghao and Ong, Hiok Hian and Chiba, Shunsuke and Rajapakse, Jagath C.},
  booktitle={ICASSP 2024 - 2024 IEEE International Conference on Acoustics, Speech and Signal Processing (ICASSP)}, 
  title={De Novo Molecule Generation with Graph Latent Diffusion Model}, 
  year={2024},
  volume={},
  number={},
  pages={2121-2125},
  keywords={Training;Drugs;Proteins;Adaptation models;Benchmark testing;Signal processing;Complexity theory;Latent diffusion model;molecule generation;drug design;deep learning},
  doi={10.1109/ICASSP48485.2024.10447480}}

@misc{graphpolish,
      title={Graph Polish: A Novel Graph Generation Paradigm for Molecular Optimization}, 
      author={Chaojie Ji and Yijia Zheng and Ruxin Wang and Yunpeng Cai and Hongyan Wu},
      year={2020},
      eprint={2008.06246},
      archivePrefix={arXiv},
      primaryClass={cs.LG},
      url={https://arxiv.org/abs/2008.06246}, 
}

@article{grum,
  author    = {Jaehyeong Jo and
               Dongki Kim and
               Sung Ju Hwang},
  title     = {Graph Generation with Diffusion Mixture},
  journal   = {arXiv:2302.03596},
  year      = {2024},
  url       = {https://arxiv.org/abs/2302.03596}
}

@article{guan2024linkernet,
  title={LinkerNet: fragment poses and linker co-design with 3D equivariant diffusion},
  author={Guan, Jiaqi and Peng, Xingang and Jiang, Peiqi and Luo, Yunan and Peng, Jian and Ma, Jianzhu},
  journal={Advances in Neural Information Processing Systems},
  volume={36},
  year={2024}
}

@article{huang2022_3dlinker,
  title={3DLinker: an E (3) equivariant variational autoencoder for molecular linker design},
  author={Huang, Yinan and Peng, Xingang and Ma, Jianzhu and Zhang, Muhan},
  journal={arXiv preprint arXiv:2205.07309},
  year={2022}
}

@article{igashov2024difflinker,
  title={Equivariant 3D-conditional diffusion model for molecular linker design},
  author={Igashov, Ilia and St{\"a}rk, Hannes and Vignac, Cl{\'e}ment and Schneuing, Arne and Satorras, Victor Garcia and Frossard, Pascal and Welling, Max and Bronstein, Michael and Correia, Bruno},
  journal={Nature Machine Intelligence},
  pages={1--11},
  year={2024},
  publisher={Nature Publishing Group UK London}
}

@article{imrie2020delinker,
  title={Deep generative models for 3D linker design},
  author={Imrie, Fergus and Bradley, Anthony R and van der Schaar, Mihaela and Deane, Charlotte M},
  journal={Journal of chemical information and modeling},
  volume={60},
  number={4},
  pages={1983--1995},
  year={2020},
  publisher={ACS Publications}
}

@article{jin2023fflom,
  title={FFLOM: A flow-based autoregressive model for fragment-to-lead optimization},
  author={Jin, Jieyu and Wang, Dong and Shi, Guqin and Bao, Jingxiao and Wang, Jike and Zhang, Haotian and Pan, Peichen and Li, Dan and Yao, Xiaojun and Liu, Huanxiang and others},
  journal={Journal of Medicinal Chemistry},
  volume={66},
  number={15},
  pages={10808--10823},
  year={2023},
  publisher={ACS Publications}
}

@article{kao2023_aimlinker,
  title={Fragment linker prediction using the deep encoder-decoder network for PROTACs drug design},
  author={Kao, Chien-Ting and Lin, Chieh-Te and Chou, Cheng-Li and Lin, Chu-Chung},
  journal={Journal of chemical information and modeling},
  volume={63},
  number={10},
  pages={2918--2927},
  year={2023},
  publisher={ACS Publications}
}

@misc{latentdiffusion,
      title={High-Resolution Image Synthesis with Latent Diffusion Models}, 
      author={Robin Rombach and Andreas Blattmann and Dominik Lorenz and Patrick Esser and Björn Ommer},
      year={2022},
      eprint={2112.10752},
      archivePrefix={arXiv},
      primaryClass={cs.CV},
      url={https://arxiv.org/abs/2112.10752}, 
}

@article{liu2021graphpiece,
  title={Graphpiece: Efficiently generating high-quality molecular graph with substructures},
  author={Liu, Xiangzhe Kong1Zhixing Tan1Yang},
  journal={arXiv preprint arXiv:2106.15098},
  year={2021}
}

@unpublished{madhawa2019graphnvp,
  note = {arXiv preprint},
  archiveprefix = {arXiv},
  eprint = {1905.11600},
  author = {Madhawa, K. and Ishiguro, K. and Nakago, K. and Abe, M.},
  title = {Graphnvp: An invertible flow model for generating molecular graphs},
  year = {2019},
}

@misc{mcg,
      title={CFG++: Manifold-constrained Classifier Free Guidance for Diffusion Models}, 
      author={Hyungjin Chung and Jeongsol Kim and Geon Yeong Park and Hyelin Nam and Jong Chul Ye},
      year={2024},
      eprint={2406.08070},
      archivePrefix={arXiv},
      primaryClass={cs.CV},
      url={https://arxiv.org/abs/2406.08070}, 
}

@misc{micam,
      title={De Novo Molecular Generation via Connection-aware Motif Mining}, 
      author={Zijie Geng and Shufang Xie and Yingce Xia and Lijun Wu and Tao Qin and Jie Wang and Yongdong Zhang and Feng Wu and Tie-Yan Liu},
      year={2023},
      eprint={2302.01129},
      archivePrefix={arXiv},
      primaryClass={cs.LG},
      url={https://arxiv.org/abs/2302.01129}, 
}

@misc{midi,
      title={MiDi: Mixed Graph and 3D Denoising Diffusion for Molecule Generation}, 
      author={Clement Vignac and Nagham Osman and Laura Toni and Pascal Frossard},
      year={2023},
      eprint={2302.09048},
      archivePrefix={arXiv},
      primaryClass={cs.LG},
      url={https://arxiv.org/abs/2302.09048}, 
}

@misc{moldiff,
      title={MolDiff: Addressing the Atom-Bond Inconsistency Problem in 3D Molecule Diffusion Generation}, 
      author={Xingang Peng and Jiaqi Guan and Qiang Liu and Jianzhu Ma},
      year={2023},
      eprint={2305.07508},
      archivePrefix={arXiv},
      primaryClass={q-bio.BM},
      url={https://arxiv.org/abs/2305.07508}, 
}

@misc{moler,
      title={Learning to Extend Molecular Scaffolds with Structural Motifs}, 
      author={Krzysztof Maziarz and Henry Jackson-Flux and Pashmina Cameron and Finton Sirockin and Nadine Schneider and Nikolaus Stiefl and Marwin Segler and Marc Brockschmidt},
      year={2024},
      eprint={2103.03864},
      archivePrefix={arXiv},
      primaryClass={cs.LG},
      url={https://arxiv.org/abs/2103.03864}, 
}

@misc{pocket2mol,
      title={Pocket2Mol: Efficient Molecular Sampling Based on 3D Protein Pockets}, 
      author={Xingang Peng and Shitong Luo and Jiaqi Guan and Qi Xie and Jian Peng and Jianzhu Ma},
      year={2022},
      eprint={2205.07249},
      archivePrefix={arXiv},
      primaryClass={cs.LG},
      url={https://arxiv.org/abs/2205.07249}, 
}

@misc{rebind,
      title={REBIND: Enhancing ground-state molecular conformation via force-based graph rewiring}, 
      author={Taewon Kim and Hyunjin Seo and Sungsoo Ahn and Eunho Yang},
      year={2024},
      eprint={2410.14696},
      archivePrefix={arXiv},
      primaryClass={physics.chem-ph},
      url={https://arxiv.org/abs/2410.14696}, 
}

@misc{sbdddiff,
      title={Structure-based Drug Design with Equivariant Diffusion Models}, 
      author={Arne Schneuing and Charles Harris and Yuanqi Du and Kieran Didi and Arian Jamasb and Ilia Igashov and Weitao Du and Carla Gomes and Tom Blundell and Pietro Lio and Max Welling and Michael Bronstein and Bruno Correia},
      year={2024},
      eprint={2210.13695},
      archivePrefix={arXiv},
      primaryClass={q-bio.BM},
      url={https://arxiv.org/abs/2210.13695}, 
}

@misc{targetdiff,
      title={3D Equivariant Diffusion for Target-Aware Molecule Generation and Affinity Prediction}, 
      author={Jiaqi Guan and Wesley Wei Qian and Xingang Peng and Yufeng Su and Jian Peng and Jianzhu Ma},
      year={2023},
      eprint={2303.03543},
      archivePrefix={arXiv},
      primaryClass={q-bio.BM},
      url={https://arxiv.org/abs/2303.03543}, 
}

@misc{torsiondiff,
      title={Torsional Diffusion for Molecular Conformer Generation}, 
      author={Bowen Jing and Gabriele Corso and Jeffrey Chang and Regina Barzilay and Tommi Jaakkola},
      year={2023},
      eprint={2206.01729},
      archivePrefix={arXiv},
      primaryClass={physics.chem-ph},
      url={https://arxiv.org/abs/2206.01729}, 
}

@misc{videodiffusion,
      title={Video Diffusion Models}, 
      author={Jonathan Ho and Tim Salimans and Alexey Gritsenko and William Chan and Mohammad Norouzi and David J. Fleet},
      year={2022},
      eprint={2204.03458},
      archivePrefix={arXiv},
      primaryClass={cs.CV},
      url={https://arxiv.org/abs/2204.03458}, 
}

@article{zhang2024grelinker,
  title={GRELinker: A Graph-Based Generative Model for Molecular Linker Design with Reinforcement and Curriculum Learning},
  author={Zhang, Hao and Huang, Jinchao and Xie, Junjie and Huang, Weifeng and Yang, Yuedong and Xu, Mingyuan and Lei, Jinping and Chen, Hongming},
  journal={Journal of Chemical Information and Modeling},
  volume={64},
  number={3},
  pages={666--676},
  year={2024},
  publisher={ACS Publications}
}

