@misc{gu2024mllmguard,
      title={MLLMGuard: A Multi-dimensional Safety Evaluation Suite for Multimodal Large Language Models}, 
      author={Tianle Gu and Zeyang Zhou and Kexin Huang and Dandan Liang and Yixu Wang and Haiquan Zhao and Yuanqi Yao and Xingge Qiao and Keqing Wang and Yujiu Yang and Yan Teng and Yu Qiao and Yingchun Wang},
      year={2024},
      eprint={2406.07594},
      archivePrefix={arXiv},
      primaryClass={cs.CR}
}

@misc{liu2024mmsafetybenchbenchmarksafetyevaluation,
      title={MM-SafetyBench: A Benchmark for Safety Evaluation of Multimodal Large Language Models}, 
      author={Xin Liu and Yichen Zhu and Jindong Gu and Yunshi Lan and Chao Yang and Yu Qiao},
      year={2024},
      eprint={2311.17600},
      archivePrefix={arXiv},
      primaryClass={cs.CV},
      url={https://arxiv.org/abs/2311.17600}, 
}

@article{luo2024jailbreakv,
  title={Jailbreakv-28k: A benchmark for assessing the robustness of multimodal large language models against jailbreak attacks},
  author={Luo, Weidi and Ma, Siyuan and Liu, Xiaogeng and Guo, Xiaoyu and Xiao, Chaowei},
  journal={arXiv preprint arXiv:2404.03027},
  year={2024}
}

@article{liu2023query,
  title={Query-relevant images jailbreak large multi-modal models},
  author={Liu, Xin and Zhu, Yichen and Lan, Yunshi and Yang, Chao and Qiao, Yu},
  journal={arXiv preprint arXiv:2311.17600},
  year={2023}
}

@article{touvron2023llama,
  title={Llama 2: Open foundation and fine-tuned chat models},
  author={Touvron, Hugo and Martin, Louis and Stone, Kevin and Albert, Peter and Almahairi, Amjad and Babaei, Yasmine and Bashlykov, Nikolay and Batra, Soumya and Bhargava, Prajjwal and Bhosale, Shruti and others},
  journal={arXiv preprint arXiv:2307.09288},
  year={2023}
}

@inproceedings{qi2024visual,
  title={Visual adversarial examples jailbreak aligned large language models},
  author={Qi, Xiangyu and Huang, Kaixuan and Panda, Ashwinee and Henderson, Peter and Wang, Mengdi and Mittal, Prateek},
  booktitle={Proceedings of the AAAI Conference on Artificial Intelligence},
  volume={38},
  number={19},
  pages={21527--21536},
  year={2024}
}
@article{rafat2024ai,
  title={AI-powered Legal Virtual Assistant: Utilizing RAG-optimized LLM for Housing Dispute Resolution in Finland.},
  author={Rafat, Md Irfan},
  year={2024}
}
@article{liu2023llava,
  title={Llava-plus: Learning to use tools for creating multimodal agents},
  author={Liu, Shilong and Cheng, Hao and Liu, Haotian and Zhang, Hao and Li, Feng and Ren, Tianhe and Zou, Xueyan and Yang, Jianwei and Su, Hang and Zhu, Jun and others},
  journal={arXiv preprint arXiv:2311.05437},
  year={2023}
}
@article{gong2023figstep,
  title={Figstep: Jailbreaking large vision-language models via typographic visual prompts},
  author={Gong, Yichen and Ran, Delong and Liu, Jinyuan and Wang, Conglei and Cong, Tianshuo and Wang, Anyu and Duan, Sisi and Wang, Xiaoyun},
  journal={arXiv preprint arXiv:2311.05608},
  year={2023}
}



@inproceedings{carlini2023extracting,
  title={Extracting training data from diffusion models},
  author={Carlini, Nicolas and Hayes, Jamie and Nasr, Milad and Jagielski, Matthew and Sehwag, Vikash and Tramer, Florian and Balle, Borja and Ippolito, Daphne and Wallace, Eric},
  booktitle={32nd USENIX Security Symposium (USENIX Security 23)},
  pages={5253--5270},
  year={2023}
}


@misc{qi2023finetuning,
    title={Fine-tuning Aligned Language Models Compromises Safety, Even When Users Do Not Intend To!},
    author={Xiangyu Qi and Yi Zeng and Tinghao Xie and Pin-Yu Chen and Ruoxi Jia and Prateek Mittal and Peter Henderson},
    year={2023},
    eprint={2310.03693},
    archivePrefix={arXiv},
    primaryClass={cs.CL}
} 

@inproceedings{yang2024sneakyprompt,
  title={Sneakyprompt: Jailbreaking text-to-image generative models},
  author={Yang, Yuchen and Hui, Bo and Yuan, Haolin and Gong, Neil and Cao, Yinzhi},
  booktitle={2024 IEEE Symposium on Security and Privacy (SP)},
  pages={123--123},
  year={2024},
  organization={IEEE Computer Society}
}

@misc{selfies_data,
  title      = {Selfies \& ID Images Dataset},
howpublished = {\url{https://www.kaggle.com/datasets/tapakah68/selfies-id-images-dataset/data}},
  note = {Accessed: 2024-04-20},
  author={Kucev Roman},
  year={2023}
}

@inproceedings{lin2014microsoft,
  title={Microsoft coco: Common objects in context},
  author={Lin, Tsung-Yi and Maire, Michael and Belongie, Serge and Hays, James and Perona, Pietro and Ramanan, Deva and Doll{\'a}r, Piotr and Zitnick, C Lawrence},
  booktitle={Computer Vision--ECCV 2014: 13th European Conference, Zurich, Switzerland, September 6-12, 2014, Proceedings, Part V 13},
  pages={740--755},
  year={2014},
  organization={Springer}
}

@misc{zou2023universal,
      title={Universal and Transferable Adversarial Attacks on Aligned Language Models}, 
      author={Andy Zou and Zifan Wang and J. Zico Kolter and Matt Fredrikson},
      year={2023},
      eprint={2307.15043},
      archivePrefix={arXiv},
      primaryClass={cs.CL}
}

@inproceedings{bakr2023hrs,
  title={Hrs-bench: Holistic, reliable and scalable benchmark for text-to-image models},
  author={Bakr, Eslam Mohamed and Sun, Pengzhan and Shen, Xiaogian and Khan, Faizan Farooq and Li, Li Erran and Elhoseiny, Mohamed},
  booktitle={Proceedings of the IEEE/CVF International Conference on Computer Vision},
  pages={20041--20053},
  year={2023}
}

@article{wang2022diffusiondb,
  title={Diffusiondb: A large-scale prompt gallery dataset for text-to-image generative models},
  author={Wang, Zijie J and Montoya, Evan and Munechika, David and Yang, Haoyang and Hoover, Benjamin and Chau, Duen Horng},
  journal={arXiv preprint arXiv:2210.14896},
  year={2022}
}

@article{somepalli2023understanding,
  title={Understanding and mitigating copying in diffusion models},
  author={Somepalli, Gowthami and Singla, Vasu and Goldblum, Micah and Geiping, Jonas and Goldstein, Tom},
  journal={Advances in Neural Information Processing Systems},
  volume={36},
  pages={47783--47803},
  year={2023}
}

@inproceedings{somepalli2023diffusion,
  title={Diffusion art or digital forgery? investigating data replication in diffusion models},
  author={Somepalli, Gowthami and Singla, Vasu and Goldblum, Micah and Geiping, Jonas and Goldstein, Tom},
  booktitle={Proceedings of the IEEE/CVF Conference on Computer Vision and Pattern Recognition},
  pages={6048--6058},
  year={2023}
}



@article{hessel2021clipscore,
  title={Clipscore: A reference-free evaluation metric for image captioning},
  author={Hessel, Jack and Holtzman, Ari and Forbes, Maxwell and Bras, Ronan Le and Choi, Yejin},
  journal={arXiv preprint arXiv:2104.08718},
  year={2021}
}

@article{liu2023grounding,
  title={Grounding dino: Marrying dino with grounded pre-training for open-set object detection},
  author={Liu, Shilong and Zeng, Zhaoyang and Ren, Tianhe and Li, Feng and Zhang, Hao and Yang, Jie and Li, Chunyuan and Yang, Jianwei and Su, Hang and Zhu, Jun and others},
  journal={arXiv preprint arXiv:2303.05499},
  year={2023}
}

@article{hendrycks2019benchmarking,
  title={Benchmarking neural network robustness to common corruptions and perturbations},
  author={Hendrycks, Dan and Dietterich, Thomas},
  journal={arXiv preprint arXiv:1903.12261},
  year={2019}
}

@inproceedings{brooks2023instructpix2pix,
  title={Instructpix2pix: Learning to follow image editing instructions},
  author={Brooks, Tim and Holynski, Aleksander and Efros, Alexei A},
  booktitle={Proceedings of the IEEE/CVF Conference on Computer Vision and Pattern Recognition},
  pages={18392--18402},
  year={2023}
}

@article{yang2024cheating,
  title={Cheating Suffix: Targeted Attack to Text-To-Image Diffusion Models with Multi-Modal Priors},
  author={Yang, Dingcheng and Bai, Yang and Jia, Xiaojun and Liu, Yang and Cao, Xiaochun and Yu, Wenjian},
  journal={arXiv preprint arXiv:2402.01369},
  year={2024}
}

@article{llama3modelcard,
title={Llama 3 Model Card},
author={AI@Meta},
year={2024},
url = {https://github.com/meta-llama/llama3/blob/main/MODEL_CARD.md}
}
@article{gettyimage,
title={Getty Images is suing the creators of AI art tool Stable Diffusion for scraping its content},
author={The Verge},
year={2023},
url = {https://www.theverge.com/2023/1/17/23558516/ai-art-copyright-stable-diffusion-getty-images-lawsuit}
}





@misc{liu2024llavanext,
    title={LLaVA-NeXT: Improved reasoning, OCR, and world knowledge},
    url={https://llava-vl.github.io/blog/2024-01-30-llava-next/},
    author={Liu, Haotian and Li, Chunyuan and Li, Yuheng and Li, Bo and Zhang, Yuanhan and Shen, Sheng and Lee, Yong Jae},
    month={January},
    year={2024}
}

@article{zhao2024evaluating,
  title={On evaluating adversarial robustness of large vision-language models},
  author={Zhao, Yunqing and Pang, Tianyu and Du, Chao and Yang, Xiao and Li, Chongxuan and Cheung, Ngai-Man Man and Lin, Min},
  journal={Advances in Neural Information Processing Systems},
  volume={36},
  year={2024}
}

@article{chen2015microsoft,
  title={Microsoft coco captions: Data collection and evaluation server},
  author={Chen, Xinlei and Fang, Hao and Lin, Tsung-Yi and Vedantam, Ramakrishna and Gupta, Saurabh and Doll{\'a}r, Piotr and Zitnick, C Lawrence},
  journal={arXiv preprint arXiv:1504.00325},
  year={2015}
}

@article{kessler2018geoprivacy,
  title={A geoprivacy manifesto},
  author={Ke{\ss}ler, Carsten and McKenzie, Grant},
  journal={Transactions in GIS},
  volume={22},
  number={1},
  pages={3--19},
  year={2018},
  publisher={Wiley Online Library}
}

@article{zhou2024img2loc,
  title={Img2Loc: Revisiting Image Geolocalization using Multi-modality Foundation Models and Image-based Retrieval-Augmented Generation},
  author={Zhou, Zhongliang and Zhang, Jielu and Guan, Zihan and Hu, Mengxuan and Lao, Ni and Mu, Lan and Li, Sheng and Mai, Gengchen},
  journal={arXiv preprint arXiv:2403.19584},
  year={2024}
}

@article{yang2023attention,
  title={Attention: Large Multimodal Model is Watching your Geo-privacy},
  author={Yang, Yifan and Zhang, Yixian and Li, Daoyang and Sun, Shuju and Duan, Junhong and He, Junzhou and Wu, Qingyang and Liu, Hao},
  journal={arXiv preprint arXiv:2311.13018},
  year={2023}
}

@article{staab2023beyond,
  title={Beyond memorization: Violating privacy via inference with large language models},
  author={Staab, Robin and Vero, Mark and Balunovi{\'c}, Mislav and Vechev, Martin},
  journal={arXiv preprint arXiv:2310.07298},
  year={2023}
}

@online{GDPR2016a,
  date       = {2016-05-04},
  location   = {OJ L 119, 4.5.2016, p. 1--88},
  title      = {Regulation ({EU}) 2016/679 of the {European} {Parliament} and of the {Council}},
  url        = {https://data.europa.eu/eli/reg/2016/679/oj},
  titleaddon = {of 27 {April} 2016 on the protection of natural persons with regard to the processing of personal data and on the free movement of such data, and repealing {Directive} 95/46/{EC} ({General} {Data} {Protection} {Regulation})},
  abstract   = {The General Data Protection Regulation (2016/679, "GDPR") is a Regulation in European Union (EU) law on data protection and privacy in the EU and the European Economic Area (EEA).},
  author     = {{European Parliament} and {Council of the European Union}},
  keywords   = {access consumer data data-processing freedom gdpr information justice law personal privacy protection security verification},
  urldate    = {2023-04-13},
}

@article{zhai2023halle,
  title={Halle-switch: Rethinking and controlling object existence hallucinations in large vision language models for detailed caption},
  author={Zhai, Bohan and Yang, Shijia and Zhao, Xiangchen and Xu, Chenfeng and Shen, Sheng and Zhao, Dongdi and Keutzer, Kurt and Li, Manling and Yan, Tan and Fan, Xiangjun},
  journal={arXiv preprint arXiv:2310.01779},
  year={2023}
}

@article{Qian2024HowEI,
  title={How Easy is It to Fool Your Multimodal LLMs? An Empirical Analysis on Deceptive Prompts},
  author={Yusu Qian and Haotian Zhang and Yinfei Yang and Zhe Gan},
  journal={ArXiv},
  year={2024},
  volume={abs/2402.13220},
  url={https://api.semanticscholar.org/CorpusID:267760238}
}

@article{Mathew2020DocVQAAD,
  title={DocVQA: A Dataset for VQA on Document Images},
  author={Minesh Mathew and Dimosthenis Karatzas and R. Manmatha and C. V. Jawahar},
  journal={2021 IEEE Winter Conference on Applications of Computer Vision (WACV)},
  year={2020},
  pages={2199-2208},
  url={https://api.semanticscholar.org/CorpusID:220280200}
}

@article{tu2023many,
  title={How many unicorns are in this image? a safety evaluation benchmark for vision llms},
  author={Tu, Haoqin and Cui, Chenhang and Wang, Zijun and Zhou, Yiyang and Zhao, Bingchen and Han, Junlin and Zhou, Wangchunshu and Yao, Huaxiu and Xie, Cihang},
  journal={arXiv preprint arXiv:2311.16101},
  year={2023}
}

@article{zhang2023siren,
  title={Siren's song in the AI ocean: a survey on hallucination in large language models},
  author={Zhang, Yue and Li, Yafu and Cui, Leyang and Cai, Deng and Liu, Lemao and Fu, Tingchen and Huang, Xinting and Zhao, Enbo and Zhang, Yu and Chen, Yulong and others},
  journal={arXiv preprint arXiv:2309.01219},
  year={2023}
}

@article{song2021maximum,
  title={Maximum likelihood training of score-based diffusion models},
  author={Song, Yang and Durkan, Conor and Murray, Iain and Ermon, Stefano},
  journal={Advances in neural information processing systems},
  volume={34},
  pages={1415--1428},
  year={2021}
}

@article{wang2023orthogonal,
  title={Orthogonal subspace learning for language model continual learning},
  author={Wang, Xiao and Chen, Tianze and Ge, Qiming and Xia, Han and Bao, Rong and Zheng, Rui and Zhang, Qi and Gui, Tao and Huang, Xuanjing},
  journal={arXiv preprint arXiv:2310.14152},
  year={2023}
}

@inproceedings{rohrbach2018object,
  title={Object Hallucination in Image Captioning},
  author={Rohrbach, Anna and Hendricks, Lisa Anne and Burns, Kaylee and Darrell, Trevor and Saenko, Kate},
  booktitle={Proceedings of the 2018 Conference on Empirical Methods in Natural Language Processing},
  pages={4035--4045},
  year={2018}
}


@inproceedings{li2023evaluating,
  title={Evaluating Object Hallucination in Large Vision-Language Models},
  author={Li, Yifan and Du, Yifan and Zhou, Kun and Wang, Jinpeng and Zhao, Wayne Xin and Wen, Ji-Rong},
  booktitle={Proceedings of the 2023 Conference on Empirical Methods in Natural Language Processing},
  pages={292--305},
  year={2023}
}

@article{lovenia2023negative,
  title={Negative object presence evaluation (nope) to measure object hallucination in vision-language models},
  author={Lovenia, Holy and Dai, Wenliang and Cahyawijaya, Samuel and Ji, Ziwei and Fung, Pascale},
  journal={arXiv preprint arXiv:2310.05338},
  year={2023}
}

@article{huang2023survey,
  title={A survey on hallucination in large language models: Principles, taxonomy, challenges, and open questions},
  author={Huang, Lei and Yu, Weijiang and Ma, Weitao and Zhong, Weihong and Feng, Zhangyin and Wang, Haotian and Chen, Qianglong and Peng, Weihua and Feng, Xiaocheng and Qin, Bing and others},
  journal={arXiv preprint arXiv:2311.05232},
  year={2023}
}

@article{cai2023benchlmm,
  title={BenchLMM: Benchmarking cross-style visual capability of large multimodal models},
  author={Cai, Rizhao and Song, Zirui and Guan, Dayan and Chen, Zhenhao and Luo, Xing and Yi, Chenyu and Kot, Alex},
  journal={arXiv preprint arXiv:2312.02896},
  year={2023}
}

@inproceedings{manakul2023selfcheckgpt,
  title={SelfCheckGPT: Zero-Resource Black-Box Hallucination Detection for Generative Large Language Models},
  author={Manakul, Potsawee and Liusie, Adian and Gales, Mark},
  booktitle={Proceedings of the 2023 Conference on Empirical Methods in Natural Language Processing},
  pages={9004--9017},
  year={2023}
}

@inproceedings{li2023halueval,
  title={Halueval: A large-scale hallucination evaluation benchmark for large language models},
  author={Li, Junyi and Cheng, Xiaoxue and Zhao, Wayne Xin and Nie, Jian-Yun and Wen, Ji-Rong},
  booktitle={Proceedings of the 2023 Conference on Empirical Methods in Natural Language Processing},
  pages={6449--6464},
  year={2023}
}

@article{zhang2024knowhalu,
  title={KnowHalu: Hallucination Detection via Multi-Form Knowledge Based Factual Checking},
  author={Zhang, Jiawei and Xu, Chejian and Gai, Yu and Lecue, Freddy and Song, Dawn and Li, Bo},
  journal={arXiv preprint arXiv:2404.02935},
  year={2024}
}

@article{chen2024halc,
  title={HALC: Object Hallucination Reduction via Adaptive Focal-Contrast Decoding},
  author={Chen, Zhaorun and Zhao, Zhuokai and Luo, Hongyin and Yao, Huaxiu and Li, Bo and Zhou, Jiawei},
  journal={arXiv preprint arXiv:2403.00425},
  year={2024}
}

@article{zhang2024benchmarking,
  title={Benchmarking Large Multimodal Models against Common Corruptions},
  author={Zhang, Jiawei and Pang, Tianyu and Du, Chao and Ren, Yi and Li, Bo and Lin, Min},
  journal={arXiv preprint arXiv:2401.11943},
  year={2024}
}

@article{cui2023holistic,
  title={Holistic analysis of hallucination in gpt-4v (ision): Bias and interference challenges},
  author={Cui, Chenhang and Zhou, Yiyang and Yang, Xinyu and Wu, Shirley and Zhang, Linjun and Zou, James and Yao, Huaxiu},
  journal={arXiv preprint arXiv:2311.03287},
  year={2023}
}

@article{Singh2019TowardsVM,
  title={Towards VQA Models That Can Read},
  author={Amanpreet Singh and Vivek Natarajan and Meet Shah and Yu Jiang and Xinlei Chen and Dhruv Batra and Devi Parikh and Marcus Rohrbach},
  journal={2019 IEEE/CVF Conference on Computer Vision and Pattern Recognition (CVPR)},
  year={2019},
  pages={8309-8318},
  url={https://api.semanticscholar.org/CorpusID:85553602}
}

@article{honnibal2017spacy,
  title={spaCy 2: Natural language understanding with Bloom embeddings, convolutional neural networks and incremental parsing},
  author={Honnibal, Matthew and Montani, Ines},
  journal={To appear},
  volume={7},
  number={1},
  pages={411--420},
  year={2017}
}

@misc{Stability_aup, 
title={Stability's Acceptable Use Policy}, 
howpublished="\url{https://stability.ai/use-policy}", 
journal={Stability's Acceptable Use Policy}, 
year = 2024,
author={Stability}} 

@misc{Hive_categorization, 
title={Hive Visual Moderation}, 
howpublished="\url{https://hivemoderation.com/visual-moderation}", 
journal={Hive Visual Moderation}, 
year = 2024,
author={Hive}} 


@article{schuhmann2022laion,
  title={Laion-5b: An open large-scale dataset for training next generation image-text models},
  author={Schuhmann, Christoph and Beaumont, Romain and Vencu, Richard and Gordon, Cade and Wightman, Ross and Cherti, Mehdi and Coombes, Theo and Katta, Aarush and Mullis, Clayton and Wortsman, Mitchell and others},
  journal={Advances in Neural Information Processing Systems},
  volume={35},
  pages={25278--25294},
  year={2022}
}

@article{xu2023drivegpt4,
  title={Drivegpt4: Interpretable end-to-end autonomous driving via large language model},
  author={Xu, Zhenhua and Zhang, Yujia and Xie, Enze and Zhao, Zhen and Guo, Yong and Wong, Kenneth KY and Li, Zhenguo and Zhao, Hengshuang},
  journal={arXiv preprint arXiv:2310.01412},
  year={2023}
}

@inproceedings{rt22023arxiv,
    title={RT-2: Vision-Language-Action Models Transfer Web Knowledge to Robotic Control},
    author={Anthony Brohan and Noah Brown and Justice Carbajal and Yevgen Chebotar and Xi Chen and Krzysztof Choromanski and Tianli Ding and Danny Driess and Avinava Dubey and Chelsea Finn and Pete Florence and Chuyuan Fu and Montse Gonzalez Arenas and Keerthana Gopalakrishnan and Kehang Han and Karol Hausman and Alex Herzog and Jasmine Hsu and Brian Ichter and Alex Irpan and Nikhil Joshi and Ryan Julian and Dmitry Kalashnikov and Yuheng Kuang and Isabel Leal  and Lisa Lee and Tsang-Wei Edward Lee and Sergey Levine and Yao Lu and Henryk Michalewski and Igor Mordatch and Karl Pertsch and Kanishka Rao and Krista Reymann and Michael Ryoo and Grecia Salazar and Pannag Sanketi and Pierre Sermanet and Jaspiar Singh and Anikait Singh and Radu Soricut and Huong Tran and Vincent Vanhoucke and Quan Vuong and Ayzaan Wahid and Stefan Welker and Paul Wohlhart and  Jialin Wu and Fei Xia and Ted Xiao and Peng Xu and Sichun Xu and Tianhe Yu and Brianna Zitkovich},
    booktitle={arXiv preprint arXiv:2307.15818},
    year={2023}
}

@inproceedings{goyal2017making,
  title={Making the v in vqa matter: Elevating the role of image understanding in visual question answering},
  author={Goyal, Yash and Khot, Tejas and Summers-Stay, Douglas and Batra, Dhruv and Parikh, Devi},
  booktitle={Proceedings of the IEEE conference on computer vision and pattern recognition},
  pages={6904--6913},
  year={2017}
}

@inproceedings{yue2023mmmu,
title={MMMU: A Massive Multi-discipline Multimodal Understanding and Reasoning Benchmark for Expert AGI},
author={Xiang Yue and Yuansheng Ni and Kai Zhang and Tianyu Zheng and Ruoqi Liu and Ge Zhang and Samuel Stevens and Dongfu Jiang and Weiming Ren and Yuxuan Sun and Cong Wei and Botao Yu and Ruibin Yuan and Renliang Sun and Ming Yin and Boyuan Zheng and Zhenzhu Yang and Yibo Liu and Wenhao Huang and Huan Sun and Yu Su and Wenhu Chen},
booktitle={Proceedings of CVPR},
year={2024},
}

@article{lee2024holistic,
  title={Holistic evaluation of text-to-image models},
  author={Lee, Tony and Yasunaga, Michihiro and Meng, Chenlin and Mai, Yifan and Park, Joon Sung and Gupta, Agrim and Zhang, Yunzhi and Narayanan, Deepak and Teufel, Hannah and Bellagente, Marco and others},
  journal={Advances in Neural Information Processing Systems},
  volume={36},
  year={2024}
}

@inproceedings{singh2021textocr,
  title={Textocr: Towards large-scale end-to-end reasoning for arbitrary-shaped scene text},
  author={Singh, Amanpreet and Pang, Guan and Toh, Mandy and Huang, Jing and Galuba, Wojciech and Hassner, Tal},
  booktitle={Proceedings of the IEEE/CVF conference on computer vision and pattern recognition},
  pages={8802--8812},
  year={2021}
}

@article{qiu2022multimodal,
  title={Are Multimodal Models Robust to Image and Text Perturbations?},
  author={Qiu, Jielin and Zhu, Yi and Shi, Xingjian and Wenzel, Florian and Tang, Zhiqiang and Zhao, Ding and Li, Bo and Li, Mu},
  journal={arXiv preprint arXiv:2212.08044},
  year={2022}
}

@article{wan2024survey,
  title={Survey of Bias In Text-to-Image Generation: Definition, Evaluation, and Mitigation},
  author={Wan, Yixin and Subramonian, Arjun and Ovalle, Anaelia and Lin, Zongyu and Suvarna, Ashima and Chance, Christina and Bansal, Hritik and Pattichis, Rebecca and Chang, Kai-Wei},
  journal={arXiv preprint arXiv:2404.01030},
  year={2024}
}

@inproceedings{cho2023dall,
  title={Dall-eval: Probing the reasoning skills and social biases of text-to-image generation models},
  author={Cho, Jaemin and Zala, Abhay and Bansal, Mohit},
  booktitle={Proceedings of the IEEE/CVF International Conference on Computer Vision},
  pages={3043--3054},
  year={2023}
}

@inproceedings{hirota2023model,
  title={Model-agnostic gender debiased image captioning},
  author={Hirota, Yusuke and Nakashima, Yuta and Garcia, Noa},
  booktitle={Proceedings of the IEEE/CVF Conference on Computer Vision and Pattern Recognition},
  pages={15191--15200},
  year={2023}
}

@inproceedings{binns2020apparent,
  title={On the apparent conflict between individual and group fairness},
  author={Binns, Reuben},
  booktitle={Proceedings of the 2020 conference on fairness, accountability, and transparency},
  pages={514--524},
  year={2020}
}

@inproceedings{chen2020uniter,
  title={Uniter: Universal image-text representation learning},
  author={Chen, Yen-Chun and Li, Linjie and Yu, Licheng and El Kholy, Ahmed and Ahmed, Faisal and Gan, Zhe and Cheng, Yu and Liu, Jingjing},
  booktitle={European conference on computer vision},
  pages={104--120},
  year={2020},
  organization={Springer}
}

@article{lu2019vilbert,
  title={Vilbert: Pretraining task-agnostic visiolinguistic representations for vision-and-language tasks},
  author={Lu, Jiasen and Batra, Dhruv and Parikh, Devi and Lee, Stefan},
  journal={Advances in neural information processing systems},
  volume={32},
  year={2019}
}

@inproceedings{zhou2020unified,
  title={Unified vision-language pre-training for image captioning and vqa},
  author={Zhou, Luowei and Palangi, Hamid and Zhang, Lei and Hu, Houdong and Corso, Jason and Gao, Jianfeng},
  booktitle={Proceedings of the AAAI conference on artificial intelligence},
  volume={34},
  number={07},
  pages={13041--13049},
  year={2020}
}

@article{ren2015faster,
  title={Faster r-cnn: Towards real-time object detection with region proposal networks},
  author={Ren, Shaoqing and He, Kaiming and Girshick, Ross and Sun, Jian},
  journal={Advances in neural information processing systems},
  volume={28},
  year={2015}
}

@inproceedings{radford2021learning,
  title={Learning transferable visual models from natural language supervision},
  author={Radford, Alec and Kim, Jong Wook and Hallacy, Chris and Ramesh, Aditya and Goh, Gabriel and Agarwal, Sandhini and Sastry, Girish and Askell, Amanda and Mishkin, Pamela and Clark, Jack and others},
  booktitle={International conference on machine learning},
  pages={8748--8763},
  year={2021},
  organization={PMLR}
}

@article{alayrac2022flamingo,
  title={Flamingo: a visual language model for few-shot learning},
  author={Alayrac, Jean-Baptiste and Donahue, Jeff and Luc, Pauline and Miech, Antoine and Barr, Iain and Hasson, Yana and Lenc, Karel and Mensch, Arthur and Millican, Katherine and Reynolds, Malcolm and others},
  journal={Advances in neural information processing systems},
  volume={35},
  pages={23716--23736},
  year={2022}
}

@inproceedings{jia2021scaling,
  title={Scaling up visual and vision-language representation learning with noisy text supervision},
  author={Jia, Chao and Yang, Yinfei and Xia, Ye and Chen, Yi-Ting and Parekh, Zarana and Pham, Hieu and Le, Quoc and Sung, Yun-Hsuan and Li, Zhen and Duerig, Tom},
  booktitle={International conference on machine learning},
  pages={4904--4916},
  year={2021},
  organization={PMLR}
}

@article{wang2021simvlm,
  title={Simvlm: Simple visual language model pretraining with weak supervision},
  author={Wang, Zirui and Yu, Jiahui and Yu, Adams Wei and Dai, Zihang and Tsvetkov, Yulia and Cao, Yuan},
  journal={arXiv preprint arXiv:2108.10904},
  year={2021}
}

@article{dosovitskiy2020image,
  title={An image is worth 16x16 words: Transformers for image recognition at scale},
  author={Dosovitskiy, Alexey and Beyer, Lucas and Kolesnikov, Alexander and Weissenborn, Dirk and Zhai, Xiaohua and Unterthiner, Thomas and Dehghani, Mostafa and Minderer, Matthias and Heigold, Georg and Gelly, Sylvain and others},
  journal={arXiv preprint arXiv:2010.11929},
  year={2020}
}

@article{jiang2023mistral,
  title={Mistral 7B},
  author={Jiang, Albert Q and Sablayrolles, Alexandre and Mensch, Arthur and Bamford, Chris and Chaplot, Devendra Singh and Casas, Diego de las and Bressand, Florian and Lengyel, Gianna and Lample, Guillaume and Saulnier, Lucile and others},
  journal={arXiv preprint arXiv:2310.06825},
  year={2023}
}

@misc{vicuna2023,
    title = {Vicuna: An Open-Source Chatbot Impressing GPT-4 with 90\%* ChatGPT Quality},
    url = {https://lmsys.org/blog/2023-03-30-vicuna/},
    author = {Chiang, Wei-Lin and Li, Zhuohan and Lin, Zi and Sheng, Ying and Wu, Zhanghao and Zhang, Hao and Zheng, Lianmin and Zhuang, Siyuan and Zhuang, Yonghao and Gonzalez, Joseph E. and Stoica, Ion and Xing, Eric P.},
    month = {March},
    year = {2023}
}

@article{liu2024visual,
  title={Visual instruction tuning},
  author={Liu, Haotian and Li, Chunyuan and Wu, Qingyang and Lee, Yong Jae},
  journal={Advances in neural information processing systems},
  volume={36},
  year={2024}
}

@article{zhu2023minigpt,
  title={Minigpt-4: Enhancing vision-language understanding with advanced large language models},
  author={Zhu, Deyao and Chen, Jun and Shen, Xiaoqian and Li, Xiang and Elhoseiny, Mohamed},
  journal={arXiv preprint arXiv:2304.10592},
  year={2023}
}

@article{ramesh2022hierarchical,
  title={Hierarchical text-conditional image generation with clip latents},
  author={Ramesh, Aditya and Dhariwal, Prafulla and Nichol, Alex and Chu, Casey and Chen, Mark},
  journal={arXiv preprint arXiv:2204.06125},
  volume={1},
  number={2},
  pages={3},
  year={2022}
}

@article{betker2023improving,
  title={Improving image generation with better captions},
  author={Betker, James and Goh, Gabriel and Jing, Li and Brooks, Tim and Wang, Jianfeng and Li, Linjie and Ouyang, Long and Zhuang, Juntang and Lee, Joyce and Guo, Yufei and others},
  journal={Computer Science. https://cdn. openai. com/papers/dall-e-3. pdf},
  volume={2},
  number={3},
  pages={8},
  year={2023}
}

@article{podell2023sdxl,
  title={Sdxl: Improving latent diffusion models for high-resolution image synthesis},
  author={Podell, Dustin and English, Zion and Lacey, Kyle and Blattmann, Andreas and Dockhorn, Tim and M{\"u}ller, Jonas and Penna, Joe and Rombach, Robin},
  journal={arXiv preprint arXiv:2307.01952},
  year={2023}
}

@misc{dream,
  author       = {dreamlike.art},
  title        = {Dreamlike Photoreal 2.0},
  howpublished = {\url{https://huggingface.co/dreamlike-art/dreamlike-photoreal-2.0}},
  year         = {2023}
}

@misc{openjourney,
  author       = {PromptHero},
  title        = {Openjourney v4},
  howpublished = {\url{https://huggingface.co/prompthero/openjourney-v4}},
  year         = {2023}
}

@misc{deepfloyd,
  author       = {deepfloyd},
  title        = {DeepFloyd-IF},
  howpublished = {\url{https://huggingface.co/DeepFloyd/IF-I-M-v1.0}},
  year         = {2023}
}

@article{achiam2023gpt,
  title={Gpt-4 technical report},
  author={Achiam, Josh and Adler, Steven and Agarwal, Sandhini and Ahmad, Lama and Akkaya, Ilge and Aleman, Florencia Leoni and Almeida, Diogo and Altenschmidt, Janko and Altman, Sam and Anadkat, Shyamal and others},
  journal={arXiv preprint arXiv:2303.08774},
  year={2023}
}

@inproceedings{deng2009imagenet,
  title={Imagenet: A large-scale hierarchical image database},
  author={Deng, Jia and Dong, Wei and Socher, Richard and Li, Li-Jia and Li, Kai and Fei-Fei, Li},
  booktitle={2009 IEEE conference on computer vision and pattern recognition},
  pages={248--255},
  year={2009},
  organization={Ieee}
}

@misc{european2021aia,
  title={Laying down harmonised rules on artificial intelligence (Artificial Intelligence Act) and amending certain union legislative acts},
  author={European Commission},
  year={2021},
  publisher={Office for Official Publications of the European Communities Luxembourg},
  howpublished={\url{https://eur-lex.europa.eu/resource.html?uri=cellar:e0649735-a372-11eb-9585-01aa75ed71a1.0001.02/DOC_1\&format=PDF}}
}


@article{wh2022blueprint,
  title={Blueprint for an AI Bill of Rights},
  author={{White House Office of Science and Technology Policy}},
  year={2022}
}

@article{WordNet,
title={WordNet website},
author={Princeton University},
year={2010},
url = {https://wordnet.princeton.edu/}
}

@article{EasyOCR,
title={EasyOCR repository},
author={JaidedAI},
year={2024},
url = {https://github.com/JaidedAI/EasyOCR}
}

@article{datasheet,
  title={Datasheets for datasets},
  author={Gebru, Timnit and Morgenstern, Jamie and Vecchione, Briana and Vaughan, Jennifer Wortman and Wallach, Hanna and Daum{\'e} III, Hal and Crawford, Kate},
  journal={arXiv preprint arXiv:1803.09010},
  year={2018}
}

@inproceedings{li2021adversarial,
  title={Adversarial vqa: A new benchmark for evaluating the robustness of vqa models},
  author={Li, Linjie and Lei, Jie and Gan, Zhe and Liu, Jingjing},
  booktitle={Proceedings of the IEEE/CVF International Conference on Computer Vision},
  pages={2042--2051},
  year={2021}
}

@article{wan2024male,
  title={The Male CEO and the Female Assistant: Probing Gender Biases in Text-To-Image Models Through Paired Stereotype Test},
  author={Wan, Yixin and Chang, Kai-Wei},
  journal={arXiv preprint arXiv:2402.11089},
  year={2024}
}

@article{luccioni2023stable,
  title={Stable bias: Analyzing societal representations in diffusion models},
  author={Luccioni, Alexandra Sasha and Akiki, Christopher and Mitchell, Margaret and Jernite, Yacine},
  journal={arXiv preprint arXiv:2303.11408},
  year={2023}
}

@inproceedings{naik2023social,
  title={Social biases through the text-to-image generation lens},
  author={Naik, Ranjita and Nushi, Besmira},
  booktitle={Proceedings of the 2023 AAAI/ACM Conference on AI, Ethics, and Society},
  pages={786--808},
  year={2023}
}

@article{bansal2022well,
  title={How well can text-to-image generative models understand ethical natural language interventions?},
  author={Bansal, Hritik and Yin, Da and Monajatipoor, Masoud and Chang, Kai-Wei},
  journal={arXiv preprint arXiv:2210.15230},
  year={2022}
}

@article{Han2024TheIB,
  title={The Instinctive Bias: Spurious Images lead to Hallucination in MLLMs},
  author={Tianyang Han and Qing Lian and Rui Pan and Renjie Pi and Jipeng Zhang and Shizhe Diao and Yong Lin and Tong Zhang},
  journal={ArXiv},
  year={2024},
  volume={abs/2402.03757},
  url={https://api.semanticscholar.org/CorpusID:267500239}
}

@article{fraser2023diversity,
  title={Diversity is not a one-way street: Pilot study on ethical interventions for racial bias in text-to-image systems},
  author={Fraser, Kathleen C and Kiritchenko, Svetlana and Nejadgholi, Isar},
  journal={ICCV, accepted},
  year={2023}
}

@inproceedings{bianchi2023easily,
  title={Easily accessible text-to-image generation amplifies demographic stereotypes at large scale},
  author={Bianchi, Federico and Kalluri, Pratyusha and Durmus, Esin and Ladhak, Faisal and Cheng, Myra and Nozza, Debora and Hashimoto, Tatsunori and Jurafsky, Dan and Zou, James and Caliskan, Aylin},
  booktitle={Proceedings of the 2023 ACM Conference on Fairness, Accountability, and Transparency},
  pages={1493--1504},
  year={2023}
}

@inproceedings{orgad2023editing,
  title={Editing implicit assumptions in text-to-image diffusion models},
  author={Orgad, Hadas and Kawar, Bahjat and Belinkov, Yonatan},
  booktitle={Proceedings of the IEEE/CVF International Conference on Computer Vision},
  pages={7053--7061},
  year={2023}
}

@article{shen2023finetuning,
  title={Finetuning Text-to-Image Diffusion Models for Fairness},
  author={Shen, Xudong and Du, Chao and Pang, Tianyu and Lin, Min and Wong, Yongkang and Kankanhalli, Mohan},
  journal={arXiv preprint arXiv:2311.07604},
  year={2023}
}

@inproceedings{zhang2023iti,
  title={Iti-gen: Inclusive text-to-image generation},
  author={Zhang, Cheng and Chen, Xuanbai and Chai, Siqi and Wu, Chen Henry and Lagun, Dmitry and Beeler, Thabo and De la Torre, Fernando},
  booktitle={Proceedings of the IEEE/CVF International Conference on Computer Vision},
  pages={3969--3980},
  year={2023}
}

@article{friedrich2023fair,
  title={Fair diffusion: Instructing text-to-image generation models on fairness},
  author={Friedrich, Felix and Brack, Manuel and Struppek, Lukas and Hintersdorf, Dominik and Schramowski, Patrick and Luccioni, Sasha and Kersting, Kristian},
  journal={arXiv preprint arXiv:2302.10893},
  year={2023}
}

@article{nichol2021glide,
  title={Glide: Towards photorealistic image generation and editing with text-guided diffusion models},
  author={Nichol, Alex and Dhariwal, Prafulla and Ramesh, Aditya and Shyam, Pranav and Mishkin, Pamela and McGrew, Bob and Sutskever, Ilya and Chen, Mark},
  journal={arXiv preprint arXiv:2112.10741},
  year={2021}
}

@article{saharia2022photorealistic,
  title={Photorealistic text-to-image diffusion models with deep language understanding},
  author={Saharia, Chitwan and Chan, William and Saxena, Saurabh and Li, Lala and Whang, Jay and Denton, Emily L and Ghasemipour, Kamyar and Gontijo Lopes, Raphael and Karagol Ayan, Burcu and Salimans, Tim and others},
  journal={Advances in neural information processing systems},
  volume={35},
  pages={36479--36494},
  year={2022}
}

@inproceedings{rombach2022high,
  title={High-resolution image synthesis with latent diffusion models},
  author={Rombach, Robin and Blattmann, Andreas and Lorenz, Dominik and Esser, Patrick and Ommer, Bj{\"o}rn},
  booktitle={Proceedings of the IEEE/CVF conference on computer vision and pattern recognition},
  pages={10684--10695},
  year={2022}
}

@inproceedings{esser2024scaling,
  title={Scaling rectified flow transformers for high-resolution image synthesis},
  author={Esser, Patrick and Kulal, Sumith and Blattmann, Andreas and Entezari, Rahim and M{\"u}ller, Jonas and Saini, Harry and Levi, Yam and Lorenz, Dominik and Sauer, Axel and Boesel, Frederic and others},
  booktitle={Forty-first International Conference on Machine Learning},
  year={2024}
}

@article{ng2011sparse,
  title={Sparse autoencoder},
  author={Ng, Andrew and others},
  journal={CS294A Lecture notes},
  volume={72},
  number={2011},
  pages={1--19},
  year={2011}
}

@article{ortiz2024task,
  title={Task arithmetic in the tangent space: Improved editing of pre-trained models},
  author={Ortiz-Jimenez, Guillermo and Favero, Alessandro and Frossard, Pascal},
  journal={Advances in Neural Information Processing Systems},
  volume={36},
  year={2024}
}

@article{xu2024mm,
  title={MMDT: Decoding the Trustworthiness and Safety of Multimodal Foundation Models},
  author={Anonymous},
  journal={ArXiV},
  year={2024}
}

@article{pearce2023imitating,
  title={Imitating human behaviour with diffusion models},
  author={Pearce, Tim and Rashid, Tabish and Kanervisto, Anssi and Bignell, Dave and Sun, Mingfei and Georgescu, Raluca and Macua, Sergio Valcarcel and Tan, Shan Zheng and Momennejad, Ida and Hofmann, Katja and others},
  journal={arXiv preprint arXiv:2301.10677},
  year={2023}
}

@article{ho2020denoising,
  title={Denoising diffusion probabilistic models},
  author={Ho, Jonathan and Jain, Ajay and Abbeel, Pieter},
  journal={Advances in neural information processing systems},
  volume={33},
  pages={6840--6851},
  year={2020}
}

@article{chi2023diffusion,
  title={Diffusion policy: Visuomotor policy learning via action diffusion},
  author={Chi, Cheng and Feng, Siyuan and Du, Yilun and Xu, Zhenjia and Cousineau, Eric and Burchfiel, Benjamin and Song, Shuran},
  journal={arXiv preprint arXiv:2303.04137},
  year={2023}
}

@article{cao2024high,
  title={High-frequency space diffusion model for accelerated mri},
  author={Cao, Chentao and Cui, Zhuo-Xu and Wang, Yue and Liu, Shaonan and Chen, Taijin and Zheng, Hairong and Liang, Dong and Zhu, Yanjie},
  journal={IEEE Transactions on Medical Imaging},
  year={2024},
  publisher={IEEE}
}

@article{chung2022mr,
  title={MR image denoising and super-resolution using regularized reverse diffusion},
  author={Chung, Hyungjin and Lee, Eun Sun and Ye, Jong Chul},
  journal={IEEE Transactions on Medical Imaging},
  volume={42},
  number={4},
  pages={922--934},
  year={2022},
  publisher={IEEE}
}

@article{ho2022classifier,
  title={Classifier-free diffusion guidance},
  author={Ho, Jonathan and Salimans, Tim},
  journal={arXiv preprint arXiv:2207.12598},
  year={2022}
}

@article{rafailov2024direct,
  title={Direct preference optimization: Your language model is secretly a reward model},
  author={Rafailov, Rafael and Sharma, Archit and Mitchell, Eric and Manning, Christopher D and Ermon, Stefano and Finn, Chelsea},
  journal={Advances in Neural Information Processing Systems},
  volume={36},
  year={2024}
}

@article{hu2021lora,
  title={Lora: Low-rank adaptation of large language models},
  author={Hu, Edward J and Shen, Yelong and Wallis, Phillip and Allen-Zhu, Zeyuan and Li, Yuanzhi and Wang, Shean and Wang, Lu and Chen, Weizhu},
  journal={arXiv preprint arXiv:2106.09685},
  year={2021}
}

@inproceedings{NEURIPS2021_49ad23d1,
 author = {Dhariwal, Prafulla and Nichol, Alexander},
 booktitle = {Advances in Neural Information Processing Systems},
 editor = {M. Ranzato and A. Beygelzimer and Y. Dauphin and P.S. Liang and J. Wortman Vaughan},
 pages = {8780--8794},
 publisher = {Curran Associates, Inc.},
 title = {Diffusion Models Beat GANs on Image Synthesis},
 url = {https://proceedings.neurips.cc/paper_files/paper/2021/file/49ad23d1ec9fa4bd8d77d02681df5cfa-Paper.pdf},
 volume = {34},
 year = {2021}
}
