@article{attal2024flash,
  title={Flash Cache: Reducing Bias in Radiance Cache Based Inverse Rendering},
  author={Attal, Benjamin and Verbin, Dor and Mildenhall, Ben and Hedman, Peter and Barron, Jonathan T and O'Toole, Matthew and Srinivasan, Pratul P},
  journal={arXiv preprint arXiv:2409.05867},
  year={2024}
}

@article{bi2020neural,
  title={Neural reflectance fields for appearance acquisition},
  author={Bi, Sai and Xu, Zexiang and Srinivasan, Pratul and Mildenhall, Ben and Sunkavalli, Kalyan and Ha{\v{s}}an, Milo{\v{s}} and Hold-Geoffroy, Yannick and Kriegman, David and Ramamoorthi, Ravi},
  journal={arXiv preprint arXiv:2008.03824},
  year={2020}
}

@inproceedings{boss2021nerd,
  title={Nerd: Neural reflectance decomposition from image collections},
  author={Boss, Mark and Braun, Raphael and Jampani, Varun and Barron, Jonathan T and Liu, Ce and Lensch, Hendrik},
  booktitle={Proceedings of the IEEE/CVF International Conference on Computer Vision},
  pages={12684--12694},
  year={2021}
}

@article{bulo2024revising,
  title={Revising densification in gaussian splatting},
  author={Bul{\`o}, Samuel Rota and Porzi, Lorenzo and Kontschieder, Peter},
  journal={arXiv preprint arXiv:2404.06109},
  year={2024}
}

@article{chen2019learning,
  title={Learning to predict 3d objects with an interpolation-based differentiable renderer},
  author={Chen, Wenzheng and Ling, Huan and Gao, Jun and Smith, Edward and Lehtinen, Jaakko and Jacobson, Alec and Fidler, Sanja},
  journal={Advances in neural information processing systems},
  volume={32},
  year={2019}
}

@inproceedings{chen2022tensorf,
  title={Tensorf: Tensorial radiance fields},
  author={Chen, Anpei and Xu, Zexiang and Geiger, Andreas and Yu, Jingyi and Su, Hao},
  booktitle={European Conference on Computer Vision},
  pages={333--350},
  year={2022},
  organization={Springer}
}

@article{dong2014appearance,
  title={Appearance-from-motion: Recovering spatially varying surface reflectance under unknown lighting},
  author={Dong, Yue and Chen, Guojun and Peers, Pieter and Zhang, Jiawan and Tong, Xin},
  journal={ACM Transactions on Graphics (TOG)},
  volume={33},
  number={6},
  pages={1--12},
  year={2014},
  publisher={ACM New York, NY, USA}
}

@article{fan2023lightgaussian,
  title={Lightgaussian: Unbounded 3d gaussian compression with 15x reduction and 200+ fps},
  author={Fan, Zhiwen and Wang, Kevin and Wen, Kairun and Zhu, Zehao and Xu, Dejia and Wang, Zhangyang},
  journal={arXiv preprint arXiv:2311.17245},
  year={2023}
}

@inproceedings{fridovich2022plenoxels,
  title={Plenoxels: Radiance fields without neural networks},
  author={Fridovich-Keil, Sara and Yu, Alex and Tancik, Matthew and Chen, Qinhong and Recht, Benjamin and Kanazawa, Angjoo},
  booktitle={Proceedings of the IEEE/CVF Conference on Computer Vision and Pattern Recognition},
  pages={5501--5510},
  year={2022}
}

@article{gao2023relightable,
  title={Relightable 3d gaussian: Real-time point cloud relighting with brdf decomposition and ray tracing},
  author={Gao, Jian and Gu, Chun and Lin, Youtian and Zhu, Hao and Cao, Xun and Zhang, Li and Yao, Yao},
  journal={arXiv preprint arXiv:2311.16043},
  year={2023}
}

@inproceedings{garbin2021fastnerf,
  title={Fastnerf: High-fidelity neural rendering at 200fps},
  author={Garbin, Stephan J and Kowalski, Marek and Johnson, Matthew and Shotton, Jamie and Valentin, Julien},
  booktitle={Proceedings of the IEEE/CVF International Conference on Computer Vision},
  pages={14346--14355},
  year={2021}
}

@article{guo2024semantic,
  title={Semantic Gaussians: Open-Vocabulary Scene Understanding with 3D Gaussian Splatting},
  author={Guo, Jun and Ma, Xiaojian and Fan, Yue and Liu, Huaping and Li, Qing},
  journal={arXiv preprint arXiv:2403.15624},
  year={2024}
}

@inproceedings{hedman2021baking,
  title={Baking neural radiance fields for real-time view synthesis},
  author={Hedman, Peter and Srinivasan, Pratul P and Mildenhall, Ben and Barron, Jonathan T and Debevec, Paul},
  booktitle={Proceedings of the IEEE/CVF International Conference on Computer Vision},
  pages={5875--5884},
  year={2021}
}

@article{hollein20243dgs,
  title={3DGS-LM: Faster Gaussian-Splatting Optimization with Levenberg-Marquardt},
  author={H{\"o}llein, Lukas and Bo{\v{z}}i{\v{c}}, Alja{\v{z}} and Zollh{\"o}fer, Michael and Nie{\ss}ner, Matthias},
  journal={arXiv preprint arXiv:2409.12892},
  year={2024}
}

@inproceedings{huang20242d,
  title={2d gaussian splatting for geometrically accurate radiance fields},
  author={Huang, Binbin and Yu, Zehao and Chen, Anpei and Geiger, Andreas and Gao, Shenghua},
  booktitle={ACM SIGGRAPH 2024 Conference Papers},
  pages={1--11},
  year={2024}
}

@inproceedings{jiang2024gaussianshader,
  title={Gaussianshader: 3d gaussian splatting with shading functions for reflective surfaces},
  author={Jiang, Yingwenqi and Tu, Jiadong and Liu, Yuan and Gao, Xifeng and Long, Xiaoxiao and Wang, Wenping and Ma, Yuexin},
  booktitle={Proceedings of the IEEE/CVF Conference on Computer Vision and Pattern Recognition},
  pages={5322--5332},
  year={2024}
}

@inproceedings{jin2023tensoir,
  title={Tensoir: Tensorial inverse rendering},
  author={Jin, Haian and Liu, Isabella and Xu, Peijia and Zhang, Xiaoshuai and Han, Songfang and Bi, Sai and Zhou, Xiaowei and Xu, Zexiang and Su, Hao},
  booktitle={Proceedings of the IEEE/CVF Conference on Computer Vision and Pattern Recognition},
  pages={165--174},
  year={2023}
}

@inproceedings{kajiya1986rendering,
  title={The rendering equation},
  author={Kajiya, James T},
  booktitle={Proceedings of the 13th annual conference on Computer graphics and interactive techniques},
  pages={143--150},
  year={1986}
}

@article{kanamori2019relighting,
  title={Relighting humans: occlusion-aware inverse rendering for full-body human images},
  author={Kanamori, Yoshihiro and Endo, Yuki},
  journal={arXiv preprint arXiv:1908.02714},
  year={2019}
}

@article{kerbl20233d,
  title={3d gaussian splatting for real-time radiance field rendering},
  author={Kerbl, Bernhard and Kopanas, Georgios and Leimk{\"u}hler, Thomas and Drettakis, George},
  journal={ACM Transactions on Graphics (ToG)},
  volume={42},
  number={4},
  pages={1--14},
  year={2023},
  publisher={ACM New York, NY, USA}
}

@article{kheradmand20243d,
  title={3D Gaussian Splatting as Markov Chain Monte Carlo},
  author={Kheradmand, Shakiba and Rebain, Daniel and Sharma, Gopal and Sun, Weiwei and Tseng, Jeff and Isack, Hossam and Kar, Abhishek and Tagliasacchi, Andrea and Yi, Kwang Moo},
  journal={arXiv preprint arXiv:2404.09591},
  year={2024}
}

@inproceedings{li2023multi,
  title={Multi-view inverse rendering for large-scale real-world indoor scenes},
  author={Li, Zhen and Wang, Lingli and Cheng, Mofang and Pan, Cihui and Yang, Jiaqi},
  booktitle={Proceedings of the IEEE/CVF Conference on Computer Vision and Pattern Recognition},
  pages={12499--12509},
  year={2023}
}

@inproceedings{liang2024gs,
  title={Gs-ir: 3d gaussian splatting for inverse rendering},
  author={Liang, Zhihao and Zhang, Qi and Feng, Ying and Shan, Ying and Jia, Kui},
  booktitle={Proceedings of the IEEE/CVF Conference on Computer Vision and Pattern Recognition},
  pages={21644--21653},
  year={2024}
}

@inproceedings{lin2024gaussian,
  title={Gaussian-flow: 4d reconstruction with dynamic 3d gaussian particle},
  author={Lin, Youtian and Dai, Zuozhuo and Zhu, Siyu and Yao, Yao},
  booktitle={Proceedings of the IEEE/CVF Conference on Computer Vision and Pattern Recognition},
  pages={21136--21145},
  year={2024}
}

@article{liu2023nero,
  title={Nero: Neural geometry and brdf reconstruction of reflective objects from multiview images},
  author={Liu, Yuan and Wang, Peng and Lin, Cheng and Long, Xiaoxiao and Wang, Jiepeng and Liu, Lingjie and Komura, Taku and Wang, Wenping},
  journal={ACM Transactions on Graphics (TOG)},
  volume={42},
  number={4},
  pages={1--22},
  year={2023},
  publisher={ACM New York, NY, USA}
}

@article{lu2024manigaussian,
  title={Manigaussian: Dynamic gaussian splatting for multi-task robotic manipulation},
  author={Lu, Guanxing and Zhang, Shiyi and Wang, Ziwei and Liu, Changliu and Lu, Jiwen and Tang, Yansong},
  journal={arXiv preprint arXiv:2403.08321},
  year={2024}
}

@inproceedings{luiten2024dynamic,
  title={Dynamic 3d gaussians: Tracking by persistent dynamic view synthesis},
  author={Luiten, Jonathon and Kopanas, Georgios and Leibe, Bastian and Ramanan, Deva},
  booktitle={2024 International Conference on 3D Vision (3DV)},
  pages={800--809},
  year={2024},
  organization={IEEE}
}

@article{mallick2024taming,
  title={Taming 3dgs: High-quality radiance fields with limited resources},
  author={Mallick, Saswat Subhajyoti and Goel, Rahul and Kerbl, Bernhard and Carrasco, Francisco Vicente and Steinberger, Markus and De La Torre, Fernando},
  journal={arXiv preprint arXiv:2406.15643},
  year={2024}
}

@article{mildenhall2021nerf,
  title={Nerf: Representing scenes as neural radiance fields for view synthesis},
  author={Mildenhall, Ben and Srinivasan, Pratul P and Tancik, Matthew and Barron, Jonathan T and Ramamoorthi, Ravi and Ng, Ren},
  journal={Communications of the ACM},
  volume={65},
  number={1},
  pages={99--106},
  year={2021},
  publisher={ACM New York, NY, USA}
}

@inproceedings{miller2024objects,
  title={Objects as volumes: A stochastic geometry view of opaque solids},
  author={Miller, Bailey and Chen, Hanyu and Lai, Alice and Gkioulekas, Ioannis},
  booktitle={Proceedings of the IEEE/CVF Conference on Computer Vision and Pattern Recognition},
  pages={87--97},
  year={2024}
}

@article{muller2022instant,
  title={Instant neural graphics primitives with a multiresolution hash encoding},
  author={M{\"u}ller, Thomas and Evans, Alex and Schied, Christoph and Keller, Alexander},
  journal={ACM transactions on graphics (TOG)},
  volume={41},
  number={4},
  pages={1--15},
  year={2022},
  publisher={ACM New York, NY, USA}
}

@inproceedings{munkberg2022extracting,
  title={Extracting triangular 3d models, materials, and lighting from images},
  author={Munkberg, Jacob and Hasselgren, Jon and Shen, Tianchang and Gao, Jun and Chen, Wenzheng and Evans, Alex and M{\"u}ller, Thomas and Fidler, Sanja},
  booktitle={Proceedings of the IEEE/CVF Conference on Computer Vision and Pattern Recognition},
  pages={8280--8290},
  year={2022}
}

@article{navaneet2023compact3d,
  title={Compact3d: Compressing gaussian splat radiance field models with vector quantization},
  author={Navaneet, KL and Meibodi, Kossar Pourahmadi and Koohpayegani, Soroush Abbasi and Pirsiavash, Hamed},
  journal={arXiv preprint arXiv:2311.18159},
  year={2023}
}

@inproceedings{niedermayr2024compressed,
  title={Compressed 3d gaussian splatting for accelerated novel view synthesis},
  author={Niedermayr, Simon and Stumpfegger, Josef and Westermann, R{\"u}diger},
  booktitle={Proceedings of the IEEE/CVF Conference on Computer Vision and Pattern Recognition},
  pages={10349--10358},
  year={2024}
}

@inproceedings{qin2024langsplat,
  title={Langsplat: 3d language gaussian splatting},
  author={Qin, Minghan and Li, Wanhua and Zhou, Jiawei and Wang, Haoqian and Pfister, Hanspeter},
  booktitle={Proceedings of the IEEE/CVF Conference on Computer Vision and Pattern Recognition},
  pages={20051--20060},
  year={2024}
}

@inproceedings{shorinwa2024splat,
  title={Splat-mover: multi-stage, open-vocabulary robotic manipulation via editable Gaussian splatting},
  author={Shorinwa, Olaolu and Tucker, Johnathan and Smith, Aliyah and Swann, Aiden and Chen, Timothy and Firoozi, Roya and Kennedy, Monroe David and Schwager, Mac},
  booktitle={8th Annual Conference on Robot Learning},
  year={2024}
}

@article{sitzmann2021light,
  title={Light field networks: Neural scene representations with single-evaluation rendering},
  author={Sitzmann, Vincent and Rezchikov, Semon and Freeman, Bill and Tenenbaum, Josh and Durand, Fredo},
  journal={Advances in Neural Information Processing Systems},
  volume={34},
  pages={19313--19325},
  year={2021}
}

@inproceedings{srinivasan2021nerv,
  title={Nerv: Neural reflectance and visibility fields for relighting and view synthesis},
  author={Srinivasan, Pratul P and Deng, Boyang and Zhang, Xiuming and Tancik, Matthew and Mildenhall, Ben and Barron, Jonathan T},
  booktitle={Proceedings of the IEEE/CVF Conference on Computer Vision and Pattern Recognition},
  pages={7495--7504},
  year={2021}
}

@inproceedings{verbin2022ref,
  title={Ref-nerf: Structured view-dependent appearance for neural radiance fields},
  author={Verbin, Dor and Hedman, Peter and Mildenhall, Ben and Zickler, Todd and Barron, Jonathan T and Srinivasan, Pratul P},
  booktitle={2022 IEEE/CVF Conference on Computer Vision and Pattern Recognition (CVPR)},
  pages={5481--5490},
  year={2022},
  organization={IEEE}
}

@inproceedings{verbin2024eclipse,
  title={Eclipse: Disambiguating illumination and materials using unintended shadows},
  author={Verbin, Dor and Mildenhall, Ben and Hedman, Peter and Barron, Jonathan T and Zickler, Todd and Srinivasan, Pratul P},
  booktitle={Proceedings of the IEEE/CVF Conference on Computer Vision and Pattern Recognition},
  pages={77--86},
  year={2024}
}

@inproceedings{yang2022ps,
  title={Ps-nerf: Neural inverse rendering for multi-view photometric stereo},
  author={Yang, Wenqi and Chen, Guanying and Chen, Chaofeng and Chen, Zhenfang and Wong, Kwan-Yee K},
  booktitle={European Conference on Computer Vision},
  pages={266--284},
  year={2022},
  organization={Springer}
}

@inproceedings{yao2022neilf,
  title={Neilf: Neural incident light field for physically-based material estimation},
  author={Yao, Yao and Zhang, Jingyang and Liu, Jingbo and Qu, Yihang and Fang, Tian and McKinnon, David and Tsin, Yanghai and Quan, Long},
  booktitle={European Conference on Computer Vision},
  pages={700--716},
  year={2022},
  organization={Springer}
}

@article{yariv2021volume,
  title={Volume rendering of neural implicit surfaces},
  author={Yariv, Lior and Gu, Jiatao and Kasten, Yoni and Lipman, Yaron},
  journal={Advances in Neural Information Processing Systems},
  volume={34},
  pages={4805--4815},
  year={2021}
}

@article{yong2024gl,
  title={GL-NeRF: Gauss-Laguerre Quadrature Enables Training-Free NeRF Acceleration},
  author={Yong, Silong and Xie, Yaqi and Stepputtis, Simon and Sycara, Katia},
  journal={arXiv preprint arXiv:2410.19831},
  year={2024}
}

@inproceedings{yu2021plenoctrees,
  title={Plenoctrees for real-time rendering of neural radiance fields},
  author={Yu, Alex and Li, Ruilong and Tancik, Matthew and Li, Hao and Ng, Ren and Kanazawa, Angjoo},
  booktitle={Proceedings of the IEEE/CVF International Conference on Computer Vision},
  pages={5752--5761},
  year={2021}
}

@article{zhang2021nerfactor,
  title={Nerfactor: Neural factorization of shape and reflectance under an unknown illumination},
  author={Zhang, Xiuming and Srinivasan, Pratul P and Deng, Boyang and Debevec, Paul and Freeman, William T and Barron, Jonathan T},
  journal={ACM Transactions on Graphics (ToG)},
  volume={40},
  number={6},
  pages={1--18},
  year={2021},
  publisher={ACM New York, NY, USA}
}

@inproceedings{zhang2021physg,
  title={Physg: Inverse rendering with spherical gaussians for physics-based material editing and relighting},
  author={Zhang, Kai and Luan, Fujun and Wang, Qianqian and Bala, Kavita and Snavely, Noah},
  booktitle={Proceedings of the IEEE/CVF Conference on Computer Vision and Pattern Recognition},
  pages={5453--5462},
  year={2021}
}

@inproceedings{zhang2022modeling,
  title={Modeling indirect illumination for inverse rendering},
  author={Zhang, Yuanqing and Sun, Jiaming and He, Xingyi and Fu, Huan and Jia, Rongfei and Zhou, Xiaowei},
  booktitle={Proceedings of the IEEE/CVF Conference on Computer Vision and Pattern Recognition},
  pages={18643--18652},
  year={2022}
}

