@incollection{Bengio+chapter2007,
author = {Bengio, Yoshua and LeCun, Yann},
booktitle = {Large Scale Kernel Machines},
publisher = {MIT Press},
title = {Scaling Learning Algorithms Towards {AI}},
year = {2007}
}

@article{Hinton06,
author = {Hinton, Geoffrey E. and Osindero, Simon and Teh, Yee Whye},
journal = {Neural Computation},
pages = {1527--1554},
title = {A Fast Learning Algorithm for Deep Belief Nets},
volume = {18},
year = {2006}
}

@book{goodfellow2016deep,
title={Deep learning},
author={Goodfellow, Ian and Bengio, Yoshua and Courville, Aaron and Bengio, Yoshua},
volume={1},
year={2016},
publisher={MIT Press}
}

@String(PAMI = {IEEE Trans. Pattern Anal. Mach. Intell.})
@String(IJCV = {Int. J. Comput. Vis.})
@String(CVPR= {IEEE Conf. Comput. Vis. Pattern Recog.})
@String(ICCV= {Int. Conf. Comput. Vis.})
@String(ECCV= {Eur. Conf. Comput. Vis.})
@String(NIPS= {Adv. Neural Inform. Process. Syst.})
@String(ICPR = {Int. Conf. Pattern Recog.})
@String(BMVC= {Brit. Mach. Vis. Conf.})
@String(TOG= {ACM Trans. Graph.})
@String(TIP  = {IEEE Trans. Image Process.})
@String(TVCG  = {IEEE Trans. Vis. Comput. Graph.})
@String(TMM  = {IEEE Trans. Multimedia})
@String(ACMMM= {ACM Int. Conf. Multimedia})
@String(ICME = {Int. Conf. Multimedia and Expo})
@String(ICASSP=	{ICASSP})
@String(ICIP = {IEEE Int. Conf. Image Process.})
@String(ACCV  = {ACCV})
@String(ICLR = {Int. Conf. Learn. Represent.})
@String(IJCAI = {IJCAI})
@String(PR   = {Pattern Recognition})
@String(AAAI = {AAAI})
@String(CVPRW= {IEEE Conf. Comput. Vis. Pattern Recog. Worksh.})
@String(CSVT = {IEEE Trans. Circuit Syst. Video Technol.})

@String(SPL	= {IEEE Sign. Process. Letters})
@String(VR   = {Vis. Res.})
@String(JOV	 = {J. Vis.})
@String(TVC  = {The Vis. Comput.})
@String(JCST  = {J. Comput. Sci. Tech.})
@String(CGF  = {Comput. Graph. Forum})
@String(CVM = {Computational Visual Media})


@String(PAMI  = {IEEE TPAMI})
@String(IJCV  = {IJCV})
@String(CVPR  = {CVPR})
@String(ICCV  = {ICCV})
@String(ECCV  = {ECCV})
@String(NIPS  = {NeurIPS})
@String(ICPR  = {ICPR})
@String(BMVC  =	{BMVC})
@String(TOG   = {ACM TOG})
@String(TIP   = {IEEE TIP})
@String(TVCG  = {IEEE TVCG})
@String(TCSVT = {IEEE TCSVT})
@String(TMM   =	{IEEE TMM})
@String(ACMMM = {ACM MM})
@String(ICME  =	{ICME})
@String(ICASSP=	{ICASSP})
@String(ICIP  = {ICIP})
@String(ACCV  = {ACCV})
@String(ICLR  = {ICLR})
@String(IJCAI = {IJCAI})
@String(PR = {PR})
@String(AAAI = {AAAI})
@String(CVPRW= {CVPRW})
@String(CSVT = {IEEE TCSVT})



@article{mildenhall2021nerf,
  title={Nerf: Representing scenes as neural radiance fields for view synthesis},
  author={Mildenhall, Ben and Srinivasan, Pratul P and Tancik, Matthew and Barron, Jonathan T and Ramamoorthi, Ravi and Ng, Ren},
  journal={Communications of the ACM},
  volume={65},
  number={1},
  pages={99--106},
  year={2021},
  publisher={ACM New York, NY, USA}
}

@article{max1995optical,
  title={Optical models for direct volume rendering},
  author={Max, Nelson},
  journal={IEEE Transactions on Visualization and Computer Graphics},
  volume={1},
  number={2},
  pages={99--108},
  year={1995},
  publisher={IEEE}
}

@inproceedings{barron2022mip,
  title={Mip-nerf 360: Unbounded anti-aliased neural radiance fields},
  author={Barron, Jonathan T and Mildenhall, Ben and Verbin, Dor and Srinivasan, Pratul P and Hedman, Peter},
  booktitle={Proceedings of the IEEE/CVF Conference on Computer Vision and Pattern Recognition},
  pages={5470--5479},
  year={2022}
}

@article{zhang2020nerf++,
  title={Nerf++: Analyzing and improving neural radiance fields},
  author={Zhang, Kai and Riegler, Gernot and Snavely, Noah and Koltun, Vladlen},
  journal={arXiv preprint arXiv:2010.07492},
  year={2020}
}

@inproceedings{tancik2022block,
  title={Block-nerf: Scalable large scene neural view synthesis},
  author={Tancik, Matthew and Casser, Vincent and Yan, Xinchen and Pradhan, Sabeek and Mildenhall, Ben and Srinivasan, Pratul P and Barron, Jonathan T and Kretzschmar, Henrik},
  booktitle={Proceedings of the IEEE/CVF Conference on Computer Vision and Pattern Recognition},
  pages={8248--8258},
  year={2022}
}

@article{reiser2023merf,
  title={Merf: Memory-efficient radiance fields for real-time view synthesis in unbounded scenes},
  author={Reiser, Christian and Szeliski, Rick and Verbin, Dor and Srinivasan, Pratul and Mildenhall, Ben and Geiger, Andreas and Barron, Jon and Hedman, Peter},
  journal={ACM Transactions on Graphics (TOG)},
  volume={42},
  number={4},
  pages={1--12},
  year={2023},
  publisher={ACM New York, NY, USA}
}

@inproceedings{pumarola2021d,
  title={D-nerf: Neural radiance fields for dynamic scenes},
  author={Pumarola, Albert and Corona, Enric and Pons-Moll, Gerard and Moreno-Noguer, Francesc},
  booktitle={Proceedings of the IEEE/CVF Conference on Computer Vision and Pattern Recognition},
  pages={10318--10327},
  year={2021}
}

@inproceedings{li2021neural,
  title={Neural scene flow fields for space-time view synthesis of dynamic scenes},
  author={Li, Zhengqi and Niklaus, Simon and Snavely, Noah and Wang, Oliver},
  booktitle={Proceedings of the IEEE/CVF Conference on Computer Vision and Pattern Recognition},
  pages={6498--6508},
  year={2021}
}

@inproceedings{ost2021neural,
  title={Neural scene graphs for dynamic scenes},
  author={Ost, Julian and Mannan, Fahim and Thuerey, Nils and Knodt, Julian and Heide, Felix},
  booktitle={Proceedings of the IEEE/CVF Conference on Computer Vision and Pattern Recognition},
  pages={2856--2865},
  year={2021}
}

@article{vora2021nesf,
  title={Nesf: Neural semantic fields for generalizable semantic segmentation of 3d scenes},
  author={Vora, Suhani and Radwan, Noha and Greff, Klaus and Meyer, Henning and Genova, Kyle and Sajjadi, Mehdi SM and Pot, Etienne and Tagliasacchi, Andrea and Duckworth, Daniel},
  journal={arXiv preprint arXiv:2111.13260},
  year={2021}
}

@inproceedings{siddiqui2023panoptic,
  title={Panoptic lifting for 3d scene understanding with neural fields},
  author={Siddiqui, Yawar and Porzi, Lorenzo and Bul{\`o}, Samuel Rota and M{\"u}ller, Norman and Nie{\ss}ner, Matthias and Dai, Angela and Kontschieder, Peter},
  booktitle={Proceedings of the IEEE/CVF Conference on Computer Vision and Pattern Recognition},
  pages={9043--9052},
  year={2023}
}

@inproceedings{zhi2021place,
  title={In-place scene labelling and understanding with implicit scene representation},
  author={Zhi, Shuaifeng and Laidlow, Tristan and Leutenegger, Stefan and Davison, Andrew J},
  booktitle={Proceedings of the IEEE/CVF International Conference on Computer Vision},
  pages={15838--15847},
  year={2021}
}

@inproceedings{kundu2022panoptic,
  title={Panoptic neural fields: A semantic object-aware neural scene representation},
  author={Kundu, Abhijit and Genova, Kyle and Yin, Xiaoqi and Fathi, Alireza and Pantofaru, Caroline and Guibas, Leonidas J and Tagliasacchi, Andrea and Dellaert, Frank and Funkhouser, Thomas},
  booktitle={Proceedings of the IEEE/CVF Conference on Computer Vision and Pattern Recognition},
  pages={12871--12881},
  year={2022}
}

@inproceedings{garbin2021fastnerf,
  title={Fastnerf: High-fidelity neural rendering at 200fps},
  author={Garbin, Stephan J and Kowalski, Marek and Johnson, Matthew and Shotton, Jamie and Valentin, Julien},
  booktitle={Proceedings of the IEEE/CVF International Conference on Computer Vision},
  pages={14346--14355},
  year={2021}
}

@inproceedings{yu2021plenoctrees,
  title={Plenoctrees for real-time rendering of neural radiance fields},
  author={Yu, Alex and Li, Ruilong and Tancik, Matthew and Li, Hao and Ng, Ren and Kanazawa, Angjoo},
  booktitle={Proceedings of the IEEE/CVF International Conference on Computer Vision},
  pages={5752--5761},
  year={2021}
}



@inproceedings{hedman2021baking,
  title={Baking neural radiance fields for real-time view synthesis},
  author={Hedman, Peter and Srinivasan, Pratul P and Mildenhall, Ben and Barron, Jonathan T and Debevec, Paul},
  booktitle={Proceedings of the IEEE/CVF International Conference on Computer Vision},
  pages={5875--5884},
  year={2021}
}

@article{li2023l_0,
  title={$ L\_0 $-Sampler: An $ L\_ $\{$0$\}$ $ Model Guided Volume Sampling for NeRF},
  author={Li, Liangchen and Zhang, Juyong},
  journal={arXiv preprint arXiv:2311.07044},
  year={2023}
}

@inproceedings{reiser2021kilonerf,
  title={Kilonerf: Speeding up neural radiance fields with thousands of tiny mlps},
  author={Reiser, Christian and Peng, Songyou and Liao, Yiyi and Geiger, Andreas},
  booktitle={Proceedings of the IEEE/CVF International Conference on Computer Vision},
  pages={14335--14345},
  year={2021}
}

@inproceedings{fridovich2022plenoxels,
  title={Plenoxels: Radiance fields without neural networks},
  author={Fridovich-Keil, Sara and Yu, Alex and Tancik, Matthew and Chen, Qinhong and Recht, Benjamin and Kanazawa, Angjoo},
  booktitle={Proceedings of the IEEE/CVF Conference on Computer Vision and Pattern Recognition},
  pages={5501--5510},
  year={2022}
}

@inproceedings{kurz2022adanerf,
  title={Adanerf: Adaptive sampling for real-time rendering of neural radiance fields},
  author={Kurz, Andreas and Neff, Thomas and Lv, Zhaoyang and Zollh{\"o}fer, Michael and Steinberger, Markus},
  booktitle={European Conference on Computer Vision},
  pages={254--270},
  year={2022},
  organization={Springer}
}

@inproceedings{neff2021donerf,
  title={DONeRF: Towards Real-Time Rendering of Compact Neural Radiance Fields using Depth Oracle Networks},
  author={Neff, Thomas and Stadlbauer, Pascal and Parger, Mathias and Kurz, Andreas and Mueller, Joerg H and Chaitanya, Chakravarty R Alla and Kaplanyan, Anton and Steinberger, Markus},
  booktitle={Computer Graphics Forum},
  volume={40},
  number={4},
  pages={45--59},
  year={2021},
  organization={Wiley Online Library}
}

@inproceedings{piala2021terminerf,
  title={Terminerf: Ray termination prediction for efficient neural rendering},
  author={Piala, Martin and Clark, Ronald},
  booktitle={2021 International Conference on 3D Vision (3DV)},
  pages={1106--1114},
  year={2021},
  organization={IEEE}
}

@article{sitzmann2021light,
  title={Light field networks: Neural scene representations with single-evaluation rendering},
  author={Sitzmann, Vincent and Rezchikov, Semon and Freeman, Bill and Tenenbaum, Josh and Durand, Fredo},
  journal={Advances in Neural Information Processing Systems},
  volume={34},
  pages={19313--19325},
  year={2021}
}

@inproceedings{westover1989interactive,
  title={Interactive volume rendering},
  author={Westover, Lee},
  booktitle={Proceedings of the 1989 Chapel Hill workshop on Volume visualization},
  pages={9--16},
  year={1989}
}

@article{drebin1988volume,
  title={Volume rendering},
  author={Drebin, Robert A and Carpenter, Loren and Hanrahan, Pat},
  journal={ACM Siggraph Computer Graphics},
  volume={22},
  number={4},
  pages={65--74},
  year={1988},
  publisher={ACM New York, NY, USA}
}

@article{kerbl20233d,
  title={3d gaussian splatting for real-time radiance field rendering},
  author={Kerbl, Bernhard and Kopanas, Georgios and Leimk{\"u}hler, Thomas and Drettakis, George},
  journal={ACM Transactions on Graphics (ToG)},
  volume={42},
  number={4},
  pages={1--14},
  year={2023},
  publisher={ACM New York, NY, USA}
}

@article{uy2023nerf,
  title={NeRF Revisited: Fixing Quadrature Instability in Volume Rendering},
  author={Uy, Mikaela Angelina and Nakayama, Kiyohiro and Yang, Guandao and Thomas, Rahul Krishna and Guibas, Leonidas and Li, Ke},
  journal={arXiv preprint arXiv:2310.20685},
  year={2023}
}

@inproceedings{barron2021mip,
  title={Mip-nerf: A multiscale representation for anti-aliasing neural radiance fields},
  author={Barron, Jonathan T and Mildenhall, Ben and Tancik, Matthew and Hedman, Peter and Martin-Brualla, Ricardo and Srinivasan, Pratul P},
  booktitle={Proceedings of the IEEE/CVF International Conference on Computer Vision},
  pages={5855--5864},
  year={2021}
}

@inproceedings{chen2022tensorf,
  title={Tensorf: Tensorial radiance fields},
  author={Chen, Anpei and Xu, Zexiang and Geiger, Andreas and Yu, Jingyi and Su, Hao},
  booktitle={European Conference on Computer Vision},
  pages={333--350},
  year={2022},
  organization={Springer}
}

@article{arandjelovic2021nerf,
  title={Nerf in detail: Learning to sample for view synthesis},
  author={Arandjelovi{\'c}, Relja and Zisserman, Andrew},
  journal={arXiv preprint arXiv:2106.05264},
  year={2021}
}

@book{gauss1815methodvs,
  title={Methodvs nova integralivm valores per approximationem inveniendi},
  author={Gauss, Carl Friedrich},
  year={1815},
  publisher={Dieterich}
}

@article{jacobi1826ueber,
  title={Ueber Gauss neue Methode, die Werthe der Integrale n{\"a}herungsweise zu finden.},
  author={Jacobi, Carl Gustav Jakob},
  year={1826},
  publisher={Walter de Gruyter, Berlin/New York Berlin, New York}
}

@misc{abramowitz1988handbook,
  title={Handbook of mathematical functions with formulas, graphs, and mathematical tables},
  author={Abramowitz, Milton and Stegun, Irene A and Romer, Robert H},
  year={1988},
  publisher={American Association of Physics Teachers}
}

@phdthesis{rodrigues1816attraction,
  title={De l’attraction des sph{\'e}ro{\"\i}des, Correspondence sur l’{\'E}-cole Imp{\'e}riale Polytechnique},
  author={Rodrigues, Olinde},
  year={1816},
  school={PhD thesis, Thesis for the Faculty of Science of the University of Paris}
}

@article{ivory1824v,
  title={V. On the figure requisite to maintain the equilibrium of a homogeneous fluid mass that revolves upon an axis},
  author={Ivory, James},
  journal={Philosophical Transactions of the Royal Society of London},
  number={114},
  pages={85--150},
  year={1824},
  publisher={The Royal Society London}
}

@article{jacobi1827ueber,
  title={Ueber eine besondere Gattung algebraischer Functionen, die aus der Entwicklung der Function (1-2xz+ z2) 1/2 entstehen.},
  author={Jacobi, JDG},
  year={1827},
  publisher={Walter de Gruyter, Berlin/New York Berlin, New York}
}

@misc{lin2020nerfpytorch,
  title={NeRF-pytorch},
  author={Yen-Chen, Lin},
  publisher = {GitHub},
  journal = {GitHub repository},
  howpublished={\url{https://github.com/yenchenlin/nerf-pytorch/}},
  year={2020}
}

@article{mildenhall2019local,
  title={Local light field fusion: Practical view synthesis with prescriptive sampling guidelines},
  author={Mildenhall, Ben and Srinivasan, Pratul P and Ortiz-Cayon, Rodrigo and Kalantari, Nima Khademi and Ramamoorthi, Ravi and Ng, Ren and Kar, Abhishek},
  journal={ACM Transactions on Graphics (TOG)},
  volume={38},
  number={4},
  pages={1--14},
  year={2019},
  publisher={ACM New York, NY, USA}
}

@article{wang2004image,
  title={Image quality assessment: from error visibility to structural similarity},
  author={Wang, Zhou and Bovik, Alan C and Sheikh, Hamid R and Simoncelli, Eero P},
  journal={IEEE transactions on image processing},
  volume={13},
  number={4},
  pages={600--612},
  year={2004},
  publisher={IEEE}
}

@inproceedings{zhang2018unreasonable,
  title={The unreasonable effectiveness of deep features as a perceptual metric},
  author={Zhang, Richard and Isola, Phillip and Efros, Alexei A and Shechtman, Eli and Wang, Oliver},
  booktitle={Proceedings of the IEEE conference on computer vision and pattern recognition},
  pages={586--595},
  year={2018}
}

@inproceedings{wu2022diver,
  title={Diver: Real-time and accurate neural radiance fields with deterministic integration for volume rendering},
  author={Wu, Liwen and Lee, Jae Yong and Bhattad, Anand and Wang, Yu-Xiong and Forsyth, David},
  booktitle={Proceedings of the IEEE/CVF Conference on Computer Vision and Pattern Recognition},
  pages={16200--16209},
  year={2022}
}

@article{liu2020neural,
  title={Neural sparse voxel fields},
  author={Liu, Lingjie and Gu, Jiatao and Zaw Lin, Kyaw and Chua, Tat-Seng and Theobalt, Christian},
  journal={Advances in Neural Information Processing Systems},
  volume={33},
  pages={15651--15663},
  year={2020}
}

@online{ptflops,
  author = {Vladislav Sovrasov},
  title = {ptflops: a flops counting tool for neural networks in pytorch framework},
  year = 2018,
  url = {https://github.com/sovrasov/flops-counter.pytorch},
}

@inproceedings{lindell2021autoint,
  title={Autoint: Automatic integration for fast neural volume rendering},
  author={Lindell, David B and Martel, Julien NP and Wetzstein, Gordon},
  booktitle={Proceedings of the IEEE/CVF Conference on Computer Vision and Pattern Recognition},
  pages={14556--14565},
  year={2021}
}

@inproceedings{gupta2023mcnerf,
  title={MCNeRF: Monte Carlo rendering and denoising for real-time NeRFs},
  author={Gupta, Kunal and Hasan, Milos and Xu, Zexiang and Luan, Fujun and Sunkavalli, Kalyan and Sun, Xin and Chandraker, Manmohan and Bi, Sai},
  booktitle={SIGGRAPH Asia 2023 Conference Papers},
  pages={1--11},
  year={2023}
}

@article{bernstein1912demo,
  title={D\'emo istration du th\'eor\'eme de Weierstrass fond\'ee sur le calcul des probabilit\'es},
  author={Bernstein, Serge},
  journal={Commun. Soc. Math. Kharkow},
  volume={13},
  number={1},
  pages={1--2},
  year={1912},
  publisher={Императорский Харьковский университет}
}

@article{stone1937applications,
  title={Applications of the theory of Boolean rings to general topology},
  author={Stone, Marshall Harvey},
  journal={Transactions of the American Mathematical Society},
  volume={41},
  number={3},
  pages={375--481},
  year={1937},
  publisher={JSTOR}
}

@book{gautschi2011numerical,
  title={Numerical analysis},
  author={Gautschi, Walter},
  year={2011},
  publisher={Springer Science \& Business Media}
}

@inproceedings{barron2023zip,
  title={Zip-nerf: Anti-aliased grid-based neural radiance fields},
  author={Barron, Jonathan T and Mildenhall, Ben and Verbin, Dor and Srinivasan, Pratul P and Hedman, Peter},
  booktitle={Proceedings of the IEEE/CVF International Conference on Computer Vision},
  pages={19697--19705},
  year={2023}
}

@article{muller2022instant,
  title={Instant neural graphics primitives with a multiresolution hash encoding},
  author={M{\"u}ller, Thomas and Evans, Alex and Schied, Christoph and Keller, Alexander},
  journal={ACM transactions on graphics (TOG)},
  volume={41},
  number={4},
  pages={1--15},
  year={2022},
  publisher={ACM New York, NY, USA}
}

@article{zhang2021nerfactor,
  title={Nerfactor: Neural factorization of shape and reflectance under an unknown illumination},
  author={Zhang, Xiuming and Srinivasan, Pratul P and Deng, Boyang and Debevec, Paul and Freeman, William T and Barron, Jonathan T},
  journal={ACM Transactions on Graphics (ToG)},
  volume={40},
  number={6},
  pages={1--18},
  year={2021},
  publisher={ACM New York, NY, USA}
}

@inproceedings{yao2022neilf,
  title={Neilf: Neural incident light field for physically-based material estimation},
  author={Yao, Yao and Zhang, Jingyang and Liu, Jingbo and Qu, Yihang and Fang, Tian and McKinnon, David and Tsin, Yanghai and Quan, Long},
  booktitle={European Conference on Computer Vision},
  pages={700--716},
  year={2022},
  organization={Springer}
}

@inproceedings{boss2021nerd,
  title={Nerd: Neural reflectance decomposition from image collections},
  author={Boss, Mark and Braun, Raphael and Jampani, Varun and Barron, Jonathan T and Liu, Ce and Lensch, Hendrik},
  booktitle={Proceedings of the IEEE/CVF International Conference on Computer Vision},
  pages={12684--12694},
  year={2021}
}

@inproceedings{jin2023tensoir,
  title={Tensoir: Tensorial inverse rendering},
  author={Jin, Haian and Liu, Isabella and Xu, Peijia and Zhang, Xiaoshuai and Han, Songfang and Bi, Sai and Zhou, Xiaowei and Xu, Zexiang and Su, Hao},
  booktitle={Proceedings of the IEEE/CVF Conference on Computer Vision and Pattern Recognition},
  pages={165--174},
  year={2023}
}

@inproceedings{srinivasan2021nerv,
  title={Nerv: Neural reflectance and visibility fields for relighting and view synthesis},
  author={Srinivasan, Pratul P and Deng, Boyang and Zhang, Xiuming and Tancik, Matthew and Mildenhall, Ben and Barron, Jonathan T},
  booktitle={Proceedings of the IEEE/CVF Conference on Computer Vision and Pattern Recognition},
  pages={7495--7504},
  year={2021}
}

@inproceedings{zhang2021physg,
  title={Physg: Inverse rendering with spherical gaussians for physics-based material editing and relighting},
  author={Zhang, Kai and Luan, Fujun and Wang, Qianqian and Bala, Kavita and Snavely, Noah},
  booktitle={Proceedings of the IEEE/CVF Conference on Computer Vision and Pattern Recognition},
  pages={5453--5462},
  year={2021}
}

@inproceedings{liang2024gs,
  title={Gs-ir: 3d gaussian splatting for inverse rendering},
  author={Liang, Zhihao and Zhang, Qi and Feng, Ying and Shan, Ying and Jia, Kui},
  booktitle={Proceedings of the IEEE/CVF Conference on Computer Vision and Pattern Recognition},
  pages={21644--21653},
  year={2024}
}

@article{gao2023relightable,
  title={Relightable 3d gaussian: Real-time point cloud relighting with brdf decomposition and ray tracing},
  author={Gao, Jian and Gu, Chun and Lin, Youtian and Zhu, Hao and Cao, Xun and Zhang, Li and Yao, Yao},
  journal={arXiv preprint arXiv:2311.16043},
  year={2023}
}

@inproceedings{jiang2024gaussianshader,
  title={Gaussianshader: 3d gaussian splatting with shading functions for reflective surfaces},
  author={Jiang, Yingwenqi and Tu, Jiadong and Liu, Yuan and Gao, Xifeng and Long, Xiaoxiao and Wang, Wenping and Ma, Yuexin},
  booktitle={Proceedings of the IEEE/CVF Conference on Computer Vision and Pattern Recognition},
  pages={5322--5332},
  year={2024}
}

@article{bi2020neural,
  title={Neural reflectance fields for appearance acquisition},
  author={Bi, Sai and Xu, Zexiang and Srinivasan, Pratul and Mildenhall, Ben and Sunkavalli, Kalyan and Ha{\v{s}}an, Milo{\v{s}} and Hold-Geoffroy, Yannick and Kriegman, David and Ramamoorthi, Ravi},
  journal={arXiv preprint arXiv:2008.03824},
  year={2020}
}

@article{dong2014appearance,
  title={Appearance-from-motion: Recovering spatially varying surface reflectance under unknown lighting},
  author={Dong, Yue and Chen, Guojun and Peers, Pieter and Zhang, Jiawan and Tong, Xin},
  journal={ACM Transactions on Graphics (TOG)},
  volume={33},
  number={6},
  pages={1--12},
  year={2014},
  publisher={ACM New York, NY, USA}
}

@inproceedings{zhang2022modeling,
  title={Modeling indirect illumination for inverse rendering},
  author={Zhang, Yuanqing and Sun, Jiaming and He, Xingyi and Fu, Huan and Jia, Rongfei and Zhou, Xiaowei},
  booktitle={Proceedings of the IEEE/CVF Conference on Computer Vision and Pattern Recognition},
  pages={18643--18652},
  year={2022}
}

@article{cook1982reflectance,
  title={A reflectance model for computer graphics},
  author={Cook, Robert L and Torrance, Kenneth E.},
  journal={ACM Transactions on Graphics (ToG)},
  volume={1},
  number={1},
  pages={7--24},
  year={1982},
  publisher={ACM New York, NY, USA}
}

@article{walter2007microfacet,
  title={Microfacet Models for Refraction through Rough Surfaces.},
  author={Walter, Bruce and Marschner, Stephen R and Li, Hongsong and Torrance, Kenneth E},
  journal={Rendering techniques},
  volume={2007},
  pages={18th},
  year={2007}
}

@book{mcnaught1997compendium,
  title={Compendium of chemical terminology},
  author={McNaught, Alan D and Wilkinson, Andrew and others},
  volume={1669},
  year={1997},
  publisher={Blackwell Science Oxford}
}

@book{howell2020thermal,
  title={Thermal radiation heat transfer},
  author={Howell, John R and Meng{\"u}{\c{c}}, M Pinar and Daun, Kyle and Siegel, Robert},
  year={2020},
  publisher={CRC press}
}

@inproceedings{munkberg2022extracting,
  title={Extracting triangular 3d models, materials, and lighting from images},
  author={Munkberg, Jacob and Hasselgren, Jon and Shen, Tianchang and Gao, Jun and Chen, Wenzheng and Evans, Alex and M{\"u}ller, Thomas and Fidler, Sanja},
  booktitle={Proceedings of the IEEE/CVF Conference on Computer Vision and Pattern Recognition},
  pages={8280--8290},
  year={2022}
}

@inproceedings{kajiya1986rendering,
  title={The rendering equation},
  author={Kajiya, James T},
  booktitle={Proceedings of the 13th annual conference on Computer graphics and interactive techniques},
  pages={143--150},
  year={1986}
}

@article{mayerhofer2020bouguer,
  title={The Bouguer-Beer-Lambert law: Shining light on the obscure},
  author={Mayerh{\"o}fer, Thomas G and Pahlow, Susanne and Popp, J{\"u}rgen},
  journal={ChemPhysChem},
  volume={21},
  number={18},
  pages={2029--2046},
  year={2020},
  publisher={Wiley Online Library}
}


@book{bouguer1729essai,
  title={Essai d'optique sur la gradation de la lumi{\`e}re},
  author={Bouguer, Pierre},
  year={1729},
  publisher={Claude Jombert}
}


@book{lambert1760photometria,
  title={Photometria sive de mensura et gradibus luminis, colorum et umbrae},
  author={Lambert, Jean-Henri},
  year={1760},
  publisher={Sumptibus viduae Eberhardi Klett, typis Christophori Petri Detleffsen}
}

@article{beer1852bestimmung,
  title={Bestimmung der Absorption des rothen Lichts in farbigen Fl{\"u}ssigkeiten},
  author={Beer},
  journal={Annalen der Physik},
  volume={162},
  number={5},
  pages={78--88},
  year={1852},
  publisher={Wiley Online Library}
}


@inproceedings{verbin2022ref,
  title={Ref-nerf: Structured view-dependent appearance for neural radiance fields},
  author={Verbin, Dor and Hedman, Peter and Mildenhall, Ben and Zickler, Todd and Barron, Jonathan T and Srinivasan, Pratul P},
  booktitle={2022 IEEE/CVF Conference on Computer Vision and Pattern Recognition (CVPR)},
  pages={5481--5490},
  year={2022},
  organization={IEEE}
}

@article{liu2023nero,
  title={Nero: Neural geometry and brdf reconstruction of reflective objects from multiview images},
  author={Liu, Yuan and Wang, Peng and Lin, Cheng and Long, Xiaoxiao and Wang, Jiepeng and Liu, Lingjie and Komura, Taku and Wang, Wenping},
  journal={ACM Transactions on Graphics (TOG)},
  volume={42},
  number={4},
  pages={1--22},
  year={2023},
  publisher={ACM New York, NY, USA}
}

@article{mallick2024taming,
  title={Taming 3dgs: High-quality radiance fields with limited resources},
  author={Mallick, Saswat Subhajyoti and Goel, Rahul and Kerbl, Bernhard and Carrasco, Francisco Vicente and Steinberger, Markus and De La Torre, Fernando},
  journal={arXiv preprint arXiv:2406.15643},
  year={2024}
}


@article{hollein20243dgs,
  title={3DGS-LM: Faster Gaussian-Splatting Optimization with Levenberg-Marquardt},
  author={H{\"o}llein, Lukas and Bo{\v{z}}i{\v{c}}, Alja{\v{z}} and Zollh{\"o}fer, Michael and Nie{\ss}ner, Matthias},
  journal={arXiv preprint arXiv:2409.12892},
  year={2024}
}


@article{kheradmand20243d,
  title={3D Gaussian Splatting as Markov Chain Monte Carlo},
  author={Kheradmand, Shakiba and Rebain, Daniel and Sharma, Gopal and Sun, Weiwei and Tseng, Jeff and Isack, Hossam and Kar, Abhishek and Tagliasacchi, Andrea and Yi, Kwang Moo},
  journal={arXiv preprint arXiv:2404.09591},
  year={2024}
}

@inproceedings{qin2024langsplat,
  title={Langsplat: 3d language gaussian splatting},
  author={Qin, Minghan and Li, Wanhua and Zhou, Jiawei and Wang, Haoqian and Pfister, Hanspeter},
  booktitle={Proceedings of the IEEE/CVF Conference on Computer Vision and Pattern Recognition},
  pages={20051--20060},
  year={2024}
}

@inproceedings{verbin2024eclipse,
  title={Eclipse: Disambiguating illumination and materials using unintended shadows},
  author={Verbin, Dor and Mildenhall, Ben and Hedman, Peter and Barron, Jonathan T and Zickler, Todd and Srinivasan, Pratul P},
  booktitle={Proceedings of the IEEE/CVF Conference on Computer Vision and Pattern Recognition},
  pages={77--86},
  year={2024}
}

@inproceedings{barron2013intrinsic,
  title={Intrinsic scene properties from a single rgb-d image},
  author={Barron, Jonathan T and Malik, Jitendra},
  booktitle={Proceedings of the IEEE Conference on Computer Vision and Pattern Recognition},
  pages={17--24},
  year={2013}
}

@incollection{debevec2008rendering,
  title={Rendering synthetic objects into real scenes: Bridging traditional and image-based graphics with global illumination and high dynamic range photography},
  author={Debevec, Paul},
  booktitle={Acm siggraph 2008 classes},
  pages={1--10},
  year={2008}
}

@article{chen2019learning,
  title={Learning to predict 3d objects with an interpolation-based differentiable renderer},
  author={Chen, Wenzheng and Ling, Huan and Gao, Jun and Smith, Edward and Lehtinen, Jaakko and Jacobson, Alec and Fidler, Sanja},
  journal={Advances in neural information processing systems},
  volume={32},
  year={2019}
}

@article{bulo2024revising,
  title={Revising densification in gaussian splatting},
  author={Bul{\`o}, Samuel Rota and Porzi, Lorenzo and Kontschieder, Peter},
  journal={arXiv preprint arXiv:2404.06109},
  year={2024}
}


@article{guo2024semantic,
  title={Semantic Gaussians: Open-Vocabulary Scene Understanding with 3D Gaussian Splatting},
  author={Guo, Jun and Ma, Xiaojian and Fan, Yue and Liu, Huaping and Li, Qing},
  journal={arXiv preprint arXiv:2403.15624},
  year={2024}
}


@inproceedings{luiten2024dynamic,
  title={Dynamic 3d gaussians: Tracking by persistent dynamic view synthesis},
  author={Luiten, Jonathon and Kopanas, Georgios and Leibe, Bastian and Ramanan, Deva},
  booktitle={2024 International Conference on 3D Vision (3DV)},
  pages={800--809},
  year={2024},
  organization={IEEE}
}

@inproceedings{lin2024gaussian,
  title={Gaussian-flow: 4d reconstruction with dynamic 3d gaussian particle},
  author={Lin, Youtian and Dai, Zuozhuo and Zhu, Siyu and Yao, Yao},
  booktitle={Proceedings of the IEEE/CVF Conference on Computer Vision and Pattern Recognition},
  pages={21136--21145},
  year={2024}
}

@article{lu2024manigaussian,
  title={Manigaussian: Dynamic gaussian splatting for multi-task robotic manipulation},
  author={Lu, Guanxing and Zhang, Shiyi and Wang, Ziwei and Liu, Changliu and Lu, Jiwen and Tang, Yansong},
  journal={arXiv preprint arXiv:2403.08321},
  year={2024}
}

@inproceedings{shorinwa2024splat,
  title={Splat-mover: multi-stage, open-vocabulary robotic manipulation via editable Gaussian splatting},
  author={Shorinwa, Olaolu and Tucker, Johnathan and Smith, Aliyah and Swann, Aiden and Chen, Timothy and Firoozi, Roya and Kennedy, Monroe David and Schwager, Mac},
  booktitle={8th Annual Conference on Robot Learning},
  year={2024}
}


@inproceedings{li2023multi,
  title={Multi-view inverse rendering for large-scale real-world indoor scenes},
  author={Li, Zhen and Wang, Lingli and Cheng, Mofang and Pan, Cihui and Yang, Jiaqi},
  booktitle={Proceedings of the IEEE/CVF Conference on Computer Vision and Pattern Recognition},
  pages={12499--12509},
  year={2023}
}

@article{kanamori2019relighting,
  title={Relighting humans: occlusion-aware inverse rendering for full-body human images},
  author={Kanamori, Yoshihiro and Endo, Yuki},
  journal={arXiv preprint arXiv:1908.02714},
  year={2019}
}

@inproceedings{yang2022ps,
  title={Ps-nerf: Neural inverse rendering for multi-view photometric stereo},
  author={Yang, Wenqi and Chen, Guanying and Chen, Chaofeng and Chen, Zhenfang and Wong, Kwan-Yee K},
  booktitle={European Conference on Computer Vision},
  pages={266--284},
  year={2022},
  organization={Springer}
}

@inproceedings{zhang2023neilf++,
  title={Neilf++: Inter-reflectable light fields for geometry and material estimation},
  author={Zhang, Jingyang and Yao, Yao and Li, Shiwei and Liu, Jingbo and Fang, Tian and McKinnon, David and Tsin, Yanghai and Quan, Long},
  booktitle={Proceedings of the IEEE/CVF International Conference on Computer Vision},
  pages={3601--3610},
  year={2023}
}

@article{attal2024flash,
  title={Flash Cache: Reducing Bias in Radiance Cache Based Inverse Rendering},
  author={Attal, Benjamin and Verbin, Dor and Mildenhall, Ben and Hedman, Peter and Barron, Jonathan T and O'Toole, Matthew and Srinivasan, Pratul P},
  journal={arXiv preprint arXiv:2409.05867},
  year={2024}
}

@article{fan2023lightgaussian,
  title={Lightgaussian: Unbounded 3d gaussian compression with 15x reduction and 200+ fps},
  author={Fan, Zhiwen and Wang, Kevin and Wen, Kairun and Zhu, Zehao and Xu, Dejia and Wang, Zhangyang},
  journal={arXiv preprint arXiv:2311.17245},
  year={2023}
}

@article{navaneet2023compact3d,
  title={Compact3d: Compressing gaussian splat radiance field models with vector quantization},
  author={Navaneet, KL and Meibodi, Kossar Pourahmadi and Koohpayegani, Soroush Abbasi and Pirsiavash, Hamed},
  journal={arXiv preprint arXiv:2311.18159},
  year={2023}
}

@inproceedings{niedermayr2024compressed,
  title={Compressed 3d gaussian splatting for accelerated novel view synthesis},
  author={Niedermayr, Simon and Stumpfegger, Josef and Westermann, R{\"u}diger},
  booktitle={Proceedings of the IEEE/CVF Conference on Computer Vision and Pattern Recognition},
  pages={10349--10358},
  year={2024}
}

@inproceedings{huang20242d,
  title={2d gaussian splatting for geometrically accurate radiance fields},
  author={Huang, Binbin and Yu, Zehao and Chen, Anpei and Geiger, Andreas and Gao, Shenghua},
  booktitle={ACM SIGGRAPH 2024 Conference Papers},
  pages={1--11},
  year={2024}
}

@article{yariv2021volume,
  title={Volume rendering of neural implicit surfaces},
  author={Yariv, Lior and Gu, Jiatao and Kasten, Yoni and Lipman, Yaron},
  journal={Advances in Neural Information Processing Systems},
  volume={34},
  pages={4805--4815},
  year={2021}
}

@inproceedings{miller2024objects,
  title={Objects as volumes: A stochastic geometry view of opaque solids},
  author={Miller, Bailey and Chen, Hanyu and Lai, Alice and Gkioulekas, Ioannis},
  booktitle={Proceedings of the IEEE/CVF Conference on Computer Vision and Pattern Recognition},
  pages={87--97},
  year={2024}
}

@article{yong2024gl,
  title={GL-NeRF: Gauss-Laguerre Quadrature Enables Training-Free NeRF Acceleration},
  author={Yong, Silong and Xie, Yaqi and Stepputtis, Simon and Sycara, Katia},
  journal={arXiv preprint arXiv:2410.19831},
  year={2024}
}