@book{codd1974seven,
  title={Seven steps to rendezvous with the casual user},
  author={Codd, Edgar F},
  volume={1333},
  year={1974},
  publisher={IBM Corporation}
}
@article{lu2024large,
  title={Large language model for table processing: A survey},
  author={Lu, Weizheng and Zhang, Jiaming and Zhang, Jing and Chen, Yueguo},
  journal={arXiv preprint arXiv:2402.05121},
  year={2024}
}
@inproceedings{deng2022recent,
  title={Recent Advances in Text-to-SQL: A Survey of What We Have and What We Expect},
  author={Deng, Naihao and Chen, Yulong and Zhang, Yue},
  booktitle={Proceedings of the 29th International Conference on Computational Linguistics},
  pages={2166--2187},
  year={2022}
}
@article{qin2022survey,
  title={A survey on text-to-sql parsing: Concepts, methods, and future directions},
  author={Qin, Bowen and Hui, Binyuan and Wang, Lihan and Yang, Min and Li, Jinyang and Li, Binhua and Geng, Ruiying and Cao, Rongyu and Sun, Jian and Si, Luo and others},
  journal={arXiv preprint arXiv:2208.13629},
  year={2022}
}
@article{katsogiannis2023survey,
  title={A survey on deep learning approaches for text-to-SQL},
  author={Katsogiannis-Meimarakis, George and Koutrika, Georgia},
  journal={The VLDB Journal},
  volume={32},
  number={4},
  pages={905--936},
  year={2023},
  publisher={Springer}
}
@article{androutsopoulos1995natural,
  title={Natural language interfaces to databases--an introduction},
  author={Androutsopoulos, Ion and Ritchie, Graeme D and Thanisch, Peter},
  journal={Natural language engineering},
  volume={1},
  number={1},
  pages={29--81},
  year={1995},
  publisher={Cambridge University Press}
}
@inproceedings{zelle1996learning,
  title={Learning to parse database queries using inductive logic programming},
  author={Zelle, John M and Mooney, Raymond J},
  booktitle={Proceedings of the national conference on artificial intelligence},
  pages={1050--1055},
  year={1996}
}
@inproceedings{scholak2021picard,
  title={PICARD: Parsing Incrementally for Constrained Auto-Regressive Decoding from Language Models},
  author={Scholak, Torsten and Schucher, Nathan and Bahdanau, Dzmitry},
  booktitle={Proceedings of the 2021 Conference on Empirical Methods in Natural Language Processing},
  pages={9895--9901},
  year={2021}
}
@inproceedings{qi2022rasat,
  title={RASAT: Integrating Relational Structures into Pretrained Seq2Seq Model for Text-to-SQL},
  author={Qi, Jiexing and Tang, Jingyao and He, Ziwei and Wan, Xiangpeng and Cheng, Yu and Zhou, Chenghu and Wang, Xinbing and Zhang, Quanshi and Lin, Zhouhan},
  booktitle={Proceedings of the 2022 Conference on Empirical Methods in Natural Language Processing},
  pages={3215--3229},
  year={2022}
}
@article{rajkumar2022evaluating,
  title={Evaluating the text-to-sql capabilities of large language models},
  author={Rajkumar, Nitarshan and Li, Raymond and Bahdanau, Dzmitry},
  journal={arXiv preprint arXiv:2204.00498},
  year={2022}
}
@article{gao2024text,
  title={Text-to-SQL Empowered by Large Language Models: A Benchmark Evaluation},
  author={Gao, Dawei and Wang, Haibin and Li, Yaliang and Sun, Xiuyu and Qian, Yichen and Ding, Bolin and Zhou, Jingren},
  journal={Proceedings of the VLDB Endowment},
  volume={17},
  number={5},
  pages={1132--1145},
  year={2024},
  publisher={VLDB Endowment}
}
@inproceedings{ni2023lever,
  title={Lever: Learning to verify language-to-code generation with execution},
  author={Ni, Ansong and Iyer, Srini and Radev, Dragomir and Stoyanov, Veselin and Yih, Wen-tau and Wang, Sida and Lin, Xi Victoria},
  booktitle={International Conference on Machine Learning},
  pages={26106--26128},
  year={2023},
  organization={PMLR}
}
@inproceedings{baik2020duoquest,
  title={Duoquest: A Dual-Specification System for Expressive SQL Queries},
  author={Baik, Christopher and Jin, Zhongjun and Cafarella, Michael and Jagadish, HV},
  booktitle={Proceedings of the 2020 ACM SIGMOD International Conference on Management of Data},
  year={2020},
  organization={ACM}
}
@article{stone2020athena++,
  title={The Athena++ adaptive mesh refinement framework: design and magnetohydrodynamic solvers},
  author={Stone, James M and Tomida, Kengo and White, Christopher J and Felker, Kyle G},
  journal={The Astrophysical Journal Supplement Series},
  volume={249},
  number={1},
  pages={4},
  year={2020},
  publisher={IOP Publishing}
}
@article{sutskever2014sequence,
  title={Sequence to Sequence Learning with Neural Networks},
  author={Sutskever, I},
  journal={arXiv preprint arXiv:1409.3215},
  year={2014}
}
@inproceedings{li2023resdsql,
  title={Resdsql: Decoupling schema linking and skeleton parsing for text-to-sql},
  author={Li, Haoyang and Zhang, Jing and Li, Cuiping and Chen, Hong},
  booktitle={Proceedings of the AAAI Conference on Artificial Intelligence},
  volume={37},
  number={11},
  pages={13067--13075},
  year={2023}
}
@inproceedings{chang2023prompt,
  title={How to Prompt LLMs for Text-to-SQL: A Study in Zero-shot, Single-domain, and Cross-domain Settings},
  author={Chang, Shuaichen and Fosler-Lussier, Eric},
  booktitle={NeurIPS 2023 Second Table Representation Learning Workshop}
}
@inproceedings{tai2023exploring,
  title={Exploring Chain of Thought Style Prompting for Text-to-SQL},
  author={Tai, Chang-Yu and Chen, Ziru and ZHANG, TIANSHU and Deng, Xiang and Sun, Huan},
  booktitle={The 2023 Conference on Empirical Methods in Natural Language Processing}
}
@article{pourreza2024din,
  title={Din-sql: Decomposed in-context learning of text-to-sql with self-correction},
  author={Pourreza, Mohammadreza and Rafiei, Davood},
  journal={Advances in Neural Information Processing Systems},
  volume={36},
  year={2024}
}
@article{li2024dawn,
  title={The Dawn of Natural Language to SQL: Are We Fully Ready?},
  author={Li, Boyan and Luo, Yuyu and Chai, Chengliang and Li, Guoliang and Tang, Nan},
  journal={arXiv preprint arXiv:2406.01265},
  year={2024}
}
@article{qu2024before,
  title={Before Generation, Align it! A Novel and Effective Strategy for Mitigating Hallucinations in Text-to-SQL Generation},
  author={Qu, Ge and Li, Jinyang and Li, Bowen and Qin, Bowen and Huo, Nan and Ma, Chenhao and Cheng, Reynold},
  journal={arXiv preprint arXiv:2405.15307},
  year={2024}
}
@inproceedings{yu2018spider,
  title={Spider: A Large-Scale Human-Labeled Dataset for Complex and Cross-Domain Semantic Parsing and Text-to-SQL Task},
  author={Yu, Tao and Zhang, Rui and Yang, Kai and Yasunaga, Michihiro and Wang, Dongxu and Li, Zifan and Ma, James and Li, Irene and Yao, Qingning and Roman, Shanelle and others},
  booktitle={Proceedings of the 2018 Conference on Empirical Methods in Natural Language Processing},
  year={2018},
  organization={Association for Computational Linguistics}
}
@article{li2024can,
  title={Can llm already serve as a database interface? a big bench for large-scale database grounded text-to-sqls},
  author={Li, Jinyang and Hui, Binyuan and Qu, Ge and Yang, Jiaxi and Li, Binhua and Li, Bowen and Wang, Bailin and Qin, Bowen and Geng, Ruiying and Huo, Nan and others},
  journal={Advances in Neural Information Processing Systems},
  volume={36},
  year={2024}
}
@article{glm2024chatglm,
  title={ChatGLM: A Family of Large Language Models from GLM-130B to GLM-4 All Tools},
  author={GLM, Team and Zeng, Aohan and Xu, Bin and Wang, Bowen and Zhang, Chenhui and Yin, Da and Rojas, Diego and Feng, Guanyu and Zhao, Hanlin and Lai, Hanyu and others},
  journal={arXiv preprint arXiv:2406.12793},
  year={2024}
}
@article{zhang2023retrieve,
  title={Retrieve anything to augment large language models},
  author={Zhang, Peitian and Xiao, Shitao and Liu, Zheng and Dou, Zhicheng and Nie, Jian-Yun},
  journal={arXiv preprint arXiv:2310.07554},
  year={2023}
}
@article{douze2024faiss,
  title={The faiss library},
  author={Douze, Matthijs and Guzhva, Alexandr and Deng, Chengqi and Johnson, Jeff and Szilvasy, Gergely and Mazar{\'e}, Pierre-Emmanuel and Lomeli, Maria and Hosseini, Lucas and J{\'e}gou, Herv{\'e}},
  journal={arXiv preprint arXiv:2401.08281},
  year={2024}
}
@article{pourreza2024dts,
  title={Dts-sql: Decomposed text-to-sql with small large language models},
  author={Pourreza, Mohammadreza and Rafiei, Davood},
  journal={arXiv preprint arXiv:2402.01117},
  year={2024}
}
@article{li2024codes,
  title={Codes: Towards building open-source language models for text-to-sql},
  author={Li, Haoyang and Zhang, Jing and Liu, Hanbing and Fan, Ju and Zhang, Xiaokang and Zhu, Jun and Wei, Renjie and Pan, Hongyan and Li, Cuiping and Chen, Hong},
  journal={Proceedings of the ACM on Management of Data},
  volume={2},
  number={3},
  pages={1--28},
  year={2024},
  publisher={ACM New York, NY, USA}
}
@article{wang2024mac,
  title={Mac-sql: A multi-agent collaborative framework for text-to-sql},
  author={Wang, Bing and Ren, Changyu and Yang, Jian and Liang, Xinnian and Bai, Jiaqi and Chai, Linzheng and Yan, Zhao and Zhang, Qian-Wen and Yin, Di and Sun, Xing and others},
  journal={arXiv preprint arXiv:2312.11242},
  year={2024}
}