@inproceedings{baik2020duoquest,
  title={Duoquest: A Dual-Specification System for Expressive SQL Queries},
  author={Baik, Christopher and Jin, Zhongjun and Cafarella, Michael and Jagadish, HV},
  booktitle={Proceedings of the 2020 ACM SIGMOD International Conference on Management of Data},
  year={2020},
  organization={ACM}
}

@inproceedings{chang2023prompt,
  title={How to Prompt LLMs for Text-to-SQL: A Study in Zero-shot, Single-domain, and Cross-domain Settings},
  author={Chang, Shuaichen and Fosler-Lussier, Eric},
  booktitle={NeurIPS 2023 Second Table Representation Learning Workshop}
}

@article{gao2024text,
  title={Text-to-SQL Empowered by Large Language Models: A Benchmark Evaluation},
  author={Gao, Dawei and Wang, Haibin and Li, Yaliang and Sun, Xiuyu and Qian, Yichen and Ding, Bolin and Zhou, Jingren},
  journal={Proceedings of the VLDB Endowment},
  volume={17},
  number={5},
  pages={1132--1145},
  year={2024},
  publisher={VLDB Endowment}
}

@inproceedings{li2023resdsql,
  title={Resdsql: Decoupling schema linking and skeleton parsing for text-to-sql},
  author={Li, Haoyang and Zhang, Jing and Li, Cuiping and Chen, Hong},
  booktitle={Proceedings of the AAAI Conference on Artificial Intelligence},
  volume={37},
  number={11},
  pages={13067--13075},
  year={2023}
}

@article{li2024codes,
  title={Codes: Towards building open-source language models for text-to-sql},
  author={Li, Haoyang and Zhang, Jing and Liu, Hanbing and Fan, Ju and Zhang, Xiaokang and Zhu, Jun and Wei, Renjie and Pan, Hongyan and Li, Cuiping and Chen, Hong},
  journal={Proceedings of the ACM on Management of Data},
  volume={2},
  number={3},
  pages={1--28},
  year={2024},
  publisher={ACM New York, NY, USA}
}

@article{li2024dawn,
  title={The Dawn of Natural Language to SQL: Are We Fully Ready?},
  author={Li, Boyan and Luo, Yuyu and Chai, Chengliang and Li, Guoliang and Tang, Nan},
  journal={arXiv preprint arXiv:2406.01265},
  year={2024}
}

@inproceedings{ni2023lever,
  title={Lever: Learning to verify language-to-code generation with execution},
  author={Ni, Ansong and Iyer, Srini and Radev, Dragomir and Stoyanov, Veselin and Yih, Wen-tau and Wang, Sida and Lin, Xi Victoria},
  booktitle={International Conference on Machine Learning},
  pages={26106--26128},
  year={2023},
  organization={PMLR}
}

@article{pourreza2024din,
  title={Din-sql: Decomposed in-context learning of text-to-sql with self-correction},
  author={Pourreza, Mohammadreza and Rafiei, Davood},
  journal={Advances in Neural Information Processing Systems},
  volume={36},
  year={2024}
}

@article{pourreza2024dts,
  title={Dts-sql: Decomposed text-to-sql with small large language models},
  author={Pourreza, Mohammadreza and Rafiei, Davood},
  journal={arXiv preprint arXiv:2402.01117},
  year={2024}
}

@inproceedings{qi2022rasat,
  title={RASAT: Integrating Relational Structures into Pretrained Seq2Seq Model for Text-to-SQL},
  author={Qi, Jiexing and Tang, Jingyao and He, Ziwei and Wan, Xiangpeng and Cheng, Yu and Zhou, Chenghu and Wang, Xinbing and Zhang, Quanshi and Lin, Zhouhan},
  booktitle={Proceedings of the 2022 Conference on Empirical Methods in Natural Language Processing},
  pages={3215--3229},
  year={2022}
}

@article{qu2024before,
  title={Before Generation, Align it! A Novel and Effective Strategy for Mitigating Hallucinations in Text-to-SQL Generation},
  author={Qu, Ge and Li, Jinyang and Li, Bowen and Qin, Bowen and Huo, Nan and Ma, Chenhao and Cheng, Reynold},
  journal={arXiv preprint arXiv:2405.15307},
  year={2024}
}

@article{rajkumar2022evaluating,
  title={Evaluating the text-to-sql capabilities of large language models},
  author={Rajkumar, Nitarshan and Li, Raymond and Bahdanau, Dzmitry},
  journal={arXiv preprint arXiv:2204.00498},
  year={2022}
}

@article{stone2020athena++,
  title={The Athena++ adaptive mesh refinement framework: design and magnetohydrodynamic solvers},
  author={Stone, James M and Tomida, Kengo and White, Christopher J and Felker, Kyle G},
  journal={The Astrophysical Journal Supplement Series},
  volume={249},
  number={1},
  pages={4},
  year={2020},
  publisher={IOP Publishing}
}

@article{sutskever2014sequence,
  title={Sequence to Sequence Learning with Neural Networks},
  author={Sutskever, I},
  journal={arXiv preprint arXiv:1409.3215},
  year={2014}
}

@inproceedings{tai2023exploring,
  title={Exploring Chain of Thought Style Prompting for Text-to-SQL},
  author={Tai, Chang-Yu and Chen, Ziru and ZHANG, TIANSHU and Deng, Xiang and Sun, Huan},
  booktitle={The 2023 Conference on Empirical Methods in Natural Language Processing}
}

