@inproceedings{park2023criteria,
  title={Criteria tell you more than ratings: Criteria preference-aware light graph convolution for effective multi-criteria recommendation},
  author={Park, Jin-Duk and Li, Siqing and Cao, Xin and Shin, Won-Yong},
  booktitle={KDD},
  month={Aug.},
  year={2023},
  pages={1356--1365}
}

% CUDA
@book{sanders2010cuda,
  title={CUDA by example: an introduction to general-purpose GPU programming},
  author={Sanders, Jason and Kandrot, Edward},
  year={2010},
  publisher={Addison-Wesley Professional}
}



@inproceedings{park2024turbo,
  title={Turbo-CF: Matrix decomposition-free graph filtering for fast recommendation},
  author={Park, Jin-Duk and Shin, Yong-Min and Shin, Won-Yong},
  booktitle={SIGIR},
  pages={2672--2676},
  year={2024}
}

% PyTorch
@article{paszke2019pytorch,
  title={Py{T}orch: An imperative style, high-performance deep learning library},
  author={Paszke, Adam and Gross, Sam and Massa, Francisco and Lerer, Adam and Bradbury, James and Chanan, Gregory and Killeen, Trevor and Lin, Zeming and Gimelshein, Natalia and Antiga, Luca and others},
  booktitle={NIPS},
  year={2019}
}
 


@inproceedings{wang2023diffusion,
  title={Diffusion recommender model},
  author={Wang, Wenjie and Xu, Yiyan and Feng, Fuli and Lin, Xinyu and He, Xiangnan and Chua, Tat-Seng},
  booktitle={SIGIR},
  pages={832--841},
  year={2023}
}

@inproceedings{kim2025leveraging,
  title={Leveraging member-group relations via multi-view graph filtering for effective group recommendation},
  author={ Kim, Chaehyun and Choi, Yoonryung  and Park, Jin-Duk and Shin, Won-Yong},
  booktitle={WWW},
  pages={(to appear)},
  year={2025}
}

@article{pereira2018analyzing,
  title={On analyzing user preference dynamics with temporal social networks},
  author={Pereira, Fab{\'\i}ola SF and Gama, Jo{\~a}o and de Amo, Sandra and Oliveira, Gina MB},
  journal={Machine Learning},
  volume={107},
  pages={1745--1773},
  year={2018},
  publisher={Springer}
}

@article{ju2015using,
  title={Using dynamic multi-task non-negative matrix factorization to detect the evolution of user preferences in collaborative filtering},
  author={Ju, Bin and Qian, Yuntao and Ye, Minchao and Ni, Rong and Zhu, Chenxi},
  journal={PLoS One},
  volume={10},
  number={8},
  pages={e0135090},
  year={2015},
  publisher={Public Library of Science San Francisco, CA USA}
}

%GPM
@article{journee2010generalized,
  title={Generalized power method for sparse principal component analysis.},
  author={Journ{\'e}e, Michel and Nesterov, Yurii and Richt{\'a}rik, Peter and Sepulchre, Rodolphe},
  journal={Journal of Machine Learning Research},
  volume={11},
  number={2},
  year={2010}
}

%-------------------------------GF-based -------------------------------------------------------%
% FIRE
@inproceedings{xia2022fire,
  title={FIRE: Fast incremental recommendation with graph signal processing},
  author={Xia, Jiafeng and Li, Dongsheng and Gu, Hansu and Liu, Jiahao and Lu, Tun and Gu, Ning},
  booktitle={WWW},
  pages={1808â€“-1819},
  year={2022}
}
@inproceedings{liu2023personalized,
  title={Personalized graph signal processing for collaborative filtering},
  author={Liu, Jiahao and Li, Dongsheng and Gu, Hansu and Lu, Tun and Zhang, Peng and Shang, Li and Gu, Ning},
  booktitle={WWW},
  pages={1264--1272},
  year={2023}
}

@inproceedings{narang2013signal,
  title={Signal processing techniques for interpolation in graph structured data},
  author={Narang, Sunil K and Gadde, Akshay and Ortega, Antonio},
  booktitle={2013 IEEE International Conference on Acoustics, Speech and Signal Processing},
  pages={5445--5449},
  year={2013},
  organization={IEEE}
}

@inproceedings{shen2021powerful,
  title={How powerful is graph convolution for recommendation?},
  author={Shen, Yifei and Wu, Yongji and Zhang, Yao and Shan, Caihua and Zhang, Jun and Letaief, B Khaled and Li, Dongsheng},
  booktitle={CIKM},
  pages={1619--1629},
  year={2021}
}

% BSPM
@inproceedings{choi2023blurring,
  title={Blurring-sharpening process models for collaborative filtering},
  author={Choi, Jeongwhan and Hong, Seoyoung and Park, Noseong and Cho, Sung-Bae},
  booktitle={SIGIR},
  pages={1096--1106},
  year={2023}
}

% GF concept
@article{shuman2013emerging,
  title={The emerging field of signal processing on graphs: Extending high-dimensional data analysis to networks and other irregular domains},
  author={Shuman, David I and Narang, Sunil K and Frossard, Pascal and Ortega, Antonio and Vandergheynst, Pierre},
  journal={IEEE signal processing magazine},
  volume={30},
  number={3},
  pages={83--98},
  year={2013},
  publisher={IEEE}
}

% GF concept
@article{ortega2018graph,
  title={Graph signal processing: Overview, challenges, and applications},
  author={Ortega, Antonio and Frossard, Pascal and Kova{\v{c}}evi{\'c}, Jelena and Moura, Jos{\'e} MF and Vandergheynst, Pierre},
  journal={Proceedings of the IEEE},
  volume={106},
  number={5},
  pages={808--828},
  year={2018},
  publisher={IEEE}
}

%-------------------------------Section 1 -------------------------------------------------------%



% Grad-Align (Poster)
@inproceedings{park2022grad,
  title={{G}rad-{A}lign: {G}radual network alignment via graph neural networks ({S}tudent {A}bstract)},
  author={Park, Jin-Duk and Tran, Cong and Shin, Won-Yong and Cao, Xin},
  pages ={13027--13028},
  booktitle = {Proc. 36th {AAAI} Conf. on Artif. Intell. (AAAI'22)},
  address = {Virtual Event},
  month = {Feb.},
  year      = {2022}
}




%GLRS survey 1 *F
@article{wu2022graph,
  title={Graph neural networks in recommender systems: A survey},
  author={Wu, Shiwen and Sun, Fei and Zhang, Wentao and Xie, Xu and Cui, Bin},
  journal={ACM Computing Surveys},
  pages={1--37},
  year={2022},
  publisher={ACM New York, NY}
}

% RS general survey *F
@article{isinkaye2015recommendation,
  title={Recommendation systems: Principles, methods and evaluation},
  author={Isinkaye, Folasade Olubusola and Folajimi, Yetunde O and Ojokoh, Bolande Adefowoke},
  journal={Egyptian informatics journal},
  volume={16},
  number={3},
  pages={261--273},
  year={2015},
  publisher={Elsevier}
}
% RS general survey 2 *F
@article{lu2015recommender,
  title={Recommender system application developments: a survey},
  author={Lu, Jie and Wu, Dianshuang and Mao, Mingsong and Wang, Wei and Zhang, Guangquan},
  journal={Decision Support Systems},
  volume={74},
  pages={12--32},
  year={2015},
  publisher={Elsevier}
}

% Intro- social behavior
@inproceedings{jiang2016little,
  title={Little is much: Bridging cross-platform behaviors through overlapped crowds},
  author={Jiang, Meng and Cui, Peng and Yuan, Nicholas Jing and Xie, Xing and Yang, Shiqiang},
  booktitle = {Proc. 30th {AAAI} Conf. on Artif. Intell. (AAAI'16)},
  pages     = {13--19},
  address = {Phoenix, AZ},
  month = {Fab.},
  year      = {2016}
}

%PPI
@inproceedings{ni2014inside,
  title={Inside the atoms: ranking on a network of networks},
  author={Ni, Jingchao and Tong, Hanghang and Fan, Wei and Zhang, Xiang},
  booktitle={Proc. 20th ACM SIGKDD Int. Conf. Knowledge {D}iscovery {\&} {D}ata {M}ining  (KDD'14)},
  month={Aug.},
  year={2014},
  address = {New York City, NY},
  pages={1356--1365}
}
%NA recsys example
@inproceedings{kong2013inferring,
  title={Inferring anchor links across multiple heterogeneous social networks},
  author={Kong, Xiangnan and Zhang, Jiawei and Yu, Philip S},
  booktitle={Proc. 22nd ACM Int. Conf. Inf. Knowl. Manage. (CIKM'13)},
  pages={179--188},
  address = {New York, NY},
  month = {Oct.},
  year={2013}
}
% MF complexity
@inproceedings{he2016fast,
  title={Fast matrix factorization for online recommendation with implicit feedback},
  author={He, Xiangnan and Zhang, Hanwang and Kan, Min-Yen and Chua, Tat-Seng},
  booktitle={Proceedings of the 39th International ACM SIGIR conference on Research and Development in Information Retrieval},
  pages={549--558},
  year={2016}
}

% MCRS survey *F
@article{al2019multi,
  title={Multi-criteria review-based recommender system--the state of the art},
  author={Al-Ghuribi, Sumaia Mohammed and Noah, Shahrul Azman Mohd},
  journal={IEEE Access},
  volume={7},
  pages={169446--169468},
  year={2019},
  publisher={IEEE}
}


%-------------------------------Section 2 -------------------------------------------------------%


% ---- MCRS methods --- %

% DMCF *F
c@article{nassar2020novel,
  title={A novel deep multi-criteria collaborative filtering model for recommendation system},
  author={Nassar, Nour and Jafar, Assef and Rahhal, Yasser},
  journal={Knowledge-Based Systems},
  pages={104811},
  year={2020},
  publisher={Elsevier}
}

%DTF *F
@inproceedings{chen2019deep,
  title={Deep tensor factorization for multi-criteria recommender systems},
  author={Chen, Zhengyu and Gai, Sibo and Wang, Donglin},
  booktitle={BigData},
  pages={1046--1051},
  year={2019}
}

% AEMC *F
@article{shambour2021deep,
  title={A deep learning based algorithm for multi-criteria recommender systems},
  author={Shambour, Qusai},
  journal={Knowledge-Based Systems},
  pages={106545},
  year={2021},
  publisher={Elsevier}
}

% LatentMC
@article{li2020learning,
  title={Learning latent multi-criteria ratings from user reviews for recommendations},
  author={Li, Pan and Tuzhilin, Alexander},
  journal={IEEE Transactions on Knowledge and Data Engineering},
  volume={34},
  number = {8},
  pages={3854 - 3866},
  year={2020}
}


% SVR *F
@inproceedings{jannach2012accuracy,
  title={Accuracy improvements for multi-criteria recommender systems},
  author={Jannach, Dietmar and Karakaya, Zeynep and Gedikli, Fatih},
  booktitle={EC},
  pages={674--689},
  year={2012}
}

% MSVD *F
@inproceedings{li2008improving,
  title={Improving personalized services in mobile commerce by a novel multicriteria rating approach},
  author={Li, Qiudan and Wang, Chunheng and Geng, Guanggang},
  booktitle={WWW},
  pages={1235--1236},
  year={2008}
}

%expensive decomposition
@article{trench1989numerical,
  title={Numerical solution of the eigenvalue problem for Hermitian Toeplitz matrices},
  author={Trench, F William},
  journal={SIAM journal on matrix analysis and applications},
  volume={10},
  number={2},
  pages={135--146},
  year={1989},
  publisher={SIAM}
}

%NeuMF
@inproceedings{he2017neural,
  title={Neural collaborative filtering},
  author={He, Xiangnan and Liao, Lizi and Zhang, Hanwang and Nie, Liqiang and Hu, Xia and Chua, Tat-Seng},
  booktitle={WWW},
  pages={173--182},
  year={2017}
}
%expensive decomposition2
@article{chee2016gpu,
  title={A GPU-parallelized eigen-based clutter filter framework for ultrasound color flow imaging},
  author={Chee, Adrian JY and Yiu, Billy YS and Alfred, CH},
  journal={IEEE transactions on ultrasonics, ferroelectrics, and frequency control},
  volume={64},
  number={1},
  pages={150--163},
  year={2016},
  publisher={IEEE}
}

% MC problem 2
@article{wu2019deep,
  title={A deep latent factor model for high-dimensional and sparse matrices in recommender systems},
  author={Wu, Di and Luo, Xin and Shang, Mingsheng and He, Yi and Wang, Guoyin and Zhou, MengChu},
  journal={IEEE Transactions on Systems, Man, and Cybernetics: Systems},
  volume={51},
  number={7},
  pages={4285--4296},
  year={2019},
  publisher={IEEE}
}
% MC problem
@article{ko2018multi,
  title={Multi-criteria matrix localization and integration for personalized collaborative filtering in IoT environments},
  author={Ko, Han-Gyu and Ko, In-Young and Lee, Dongman},
  journal={Multimedia Tools and Applications},
  volume={77},
  pages={4697--4730},
  year={2018},
  publisher={Springer}
}

% CFM Journal
@article{fan2023improving,
  title={Improving rating prediction in multi-criteria recommender systems Via a collective factor Model},
  author={Fan, Ge and Zhang, Chaoyun and Chen, Junyang and Li, Paul and Li, Yingjie and Leung, Victor CM},
  journal={IEEE Transactions on Network Science and Engineering},
  year={2023},
  publisher={IEEE},
  volume={10},
  number ={6},
  pages={3633 - 3643}
}

% Lowpass filter for node class.
@inproceedings{li2019label,
  title={Label efficient semi-supervised learning via graph filtering},
  author={Li, Qimai and Wu, Xiao-Ming and Liu, Han and Zhang, Xiaotong and Guan, Zhichao},
  booktitle={CVPR},
  pages={9582--9591},
  year={2019}
}
% Low pass definition 1
@article{wai2019blind,
  title={Blind community detection from low-rank excitations of a graph filter},
  author={Wai, Hoi-To and Segarra, Santiago and Ozdaglar, Asuman E and Scaglione, Anna and Jadbabaie, Ali},
  journal={IEEE Transactions on signal processing},
  volume={68},
  pages={436--451},
  year={2019},
  publisher={IEEE}
}

% Low pass definition 2
@article{ramakrishna2020user,
  title={A user guide to low-pass graph signal processing and its applications: Tools and applications},
  author={Ramakrishna, Raksha and Wai, Hoi-To and Scaglione, Anna},
  journal={IEEE Signal Processing Magazine},
  volume={37},
  number={6},
  pages={74--85},
  year={2020},
  publisher={IEEE}
}


% CFM *F, WWW21
@inproceedings{fan2021predicting,
  title={Predicting ratings in multi-criteria recommender systems via a collective factor model},
  author={Fan, Ge and Zhang, Chaoyun and Chen, Junyang and Wu, Kaishun},
  booktitle={DeMal@ The Web Conference},
  pages={1--6},
  year={2021}
}

% Extended SAE
@inproceedings{tallapally2018user,
  title={User preference learning in multi-criteria recommendations using stacked auto encoders},
  author={Tallapally, Dharahas and Sreepada, Rama Syamala and Patra, Bidyut Kr and Babu, Korra Sathya},
  booktitle={RecSys},
  pages={475--479},
  year={2018}
}

% Cri-pref *F
@inproceedings{sreepada2017multi,
  title={Multi-criteria recommendations through preference learning},
  author={Sreepada, Rama Syamala and Patra, Bidyut Kr and Hernando, Antonio},
  booktitle={Proceedings of the 4th ACM IKDD Conferences on Data Sciences},
  pages={1--11},
  year={2017}
}

% Latent MC *F
@inproceedings{li2019latent,
  title={Latent multi-criteria ratings for recommendations},
  author={Li, Pan and Tuzhilin, Alexander},
  booktitle={RecSys},
  pages={428--431},
  year={2019}
}
% UBM *F
@inproceedings{zheng2019utility,
  title={Utility-based multi-criteria recommender systems},
  author={Zheng, Yong},
  booktitle={SAC},
  pages={2529--2531},
  year={2019}
}
% DTTD *F
@inproceedings{chen2021deep,
  title={Deep transfer tensor decomposition with orthogonal constraint for recommender systems},
  author={Chen, Zhengyu and Xu, Ziqing and Wang, Donglin},
  booktitle={AAAI},
  number={5},
  pages={4010--4018},
  year={2021}
}
% ---- GNN-based RS --- %
%NGCF *F
@inproceedings{wang2019neural,
  title={Neural graph collaborative filtering},
  author={Wang, Xiang and He, Xiangnan and Wang, Meng and Feng, Fuli and Chua, Tat-Seng},
  booktitle={SIGIR},
  pages={165--174},
  year={2019}
}

% dynamic user preferences2
@article{wu2017modeling,
  title={Modeling the evolution of usersâ€™ preferences and social links in social networking services},
  author={Wu, Le and Ge, Yong and Liu, Qi and Chen, Enhong and Hong, Richang and Du, Junping and Wang, Meng},
  journal={IEEE Transactions on Knowledge and Data Engineering},
  volume={29},
  number={6},
  pages={1240--1253},
  year={2017},
  publisher={IEEE}
}


% LightGCN *F
@inproceedings{he2020lightgcn,
  title={LightGCN: Simplifying and powering graph convolution network for recommendation},
  author={He, Xiangnan and Deng, Kuan and Wang, Xiang and Li, Yan and Zhang, Yongdong and Wang, Meng},
  booktitle={SIGIR},
  pages={639--648},
  year={2020}
}

% LightGCN complexity
@inproceedings{wu2021self,
  title={Self-supervised graph learning for recommendation},
  author={Wu, Jiancan and Wang, Xiang and Feng, Fuli and He, Xiangnan and Chen, Liang and Lian, Jianxun and Xie, Xing},
  booktitle={SIGIR},
  pages={726--735},
  year={2021}
}

% LightGCN sota 1 *F
@inproceedings{huang2021mixgcf,
  title={MixGCF: An improved training method for graph neural network-based recommender systems},
  author={Huang, Tinglin and Dong, Yuxiao and Ding, Ming and Yang, Zhen and Feng, Wenzheng and Wang, Xinyu and Tang, Jie},
  booktitle={KDD},
  pages={665--674},
  year={2021}
}
% LightGCN sota 2 *F
@inproceedings{hirakawa2021cross,
  title={Cross-domain recommendation method based on multi-layer graph analysis with visual information},
  author={Hirakawa, Taisei and Maeda, Keisuke and Ogawa, Takahiro and Asamizu, Satoshi and Haseyama, Miki},
  booktitle={ICIP},
  pages={2688--2692},
  year={2021}
}

% LightGCN sota 3 *F
@inproceedings{ran2022pm,
  title={PM K-LightGCN: Optimizing for accuracy and popularity match in course recommendation},
  author={Ran, Yiding and Hu, Hengchang and KAN, MINYEN},
  booktitle={MORS},
  pages={2022},
  year={2022}
}
% LightGCN sota 4 *F
@inproceedings{choi2021lt,
  title={LT-OCF: Learnable-time ODE-based collaborative filtering},
  author={Choi, Jeongwhan and Jeon, Jinsung and Park, Noseong},
  booktitle={CIKM},
  pages={251--260},
  year={2021}
}
% GC-MC *F
@article{berg2017graph,
  author       = {Rianne van den Berg and
                  Thomas N. Kipf and
                  Max Welling},
  title        = {Graph convolutional matrix completion},
  journal      = {CoRR},
  volume       = {abs/1706.02263},
  year         = {2017},
}

% PinSAGE *F
@inproceedings{ying2018graph,
  title={Graph convolutional neural networks for web-scale recommender systems},
  author={Ying, Rex and He, Ruining and Chen, Kaifeng and Eksombatchai, Pong and Hamilton, William L and Leskovec, Jure},
  booktitle={KDD},
  pages={974--983},
  year={2018}
}

%LR-GCCF *F
@inproceedings{chen2020revisiting,
  title={Revisiting graph based collaborative filtering: A linear residual graph convolutional network approach},
  author={Chen, Lei and Wu, Le and Hong, Richang and Zhang, Kun and Wang, Meng},
  booktitle={AAAI},
  number={01},
  pages={27--34},
  year={2020}
}

% DGCF *F
@inproceedings{wang2020disentangled,
  title={Disentangled graph collaborative filtering},
  author={Wang, Xiang and Jin, Hongye and Zhang, An and He, Xiangnan and Xu, Tong and Chua, Tat-Seng},
  booktitle={SIGIR},
  pages={1001--1010},
  year={2020}
}
% RGCF *F
@article{liu2022rgcf,
  title={RGCF: Refined graph convolution collaborative filtering with concise and expressive embedding},
  author={Liu, Kang and Xue, Feng and Hong, Richang},
  journal={Intelligent Data Analysis},
  volume={26},
  number={2},
  pages={427--445},
  year={2022},
  publisher={IOS Press}
}

% SpectralCF *F
@inproceedings{zheng2018spectral,
  title={Spectral collaborative filtering},
  author={Zheng, Lei and Lu, Chun-Ta and Jiang, Fei and Zhang, Jiawei and Yu, Philip S},
  booktitle={RecSys},
  pages={311--319},
  year={2018}
}
% Ultra GCN *F
@inproceedings{mao2021ultragcn,
  title={UltraGCN: Ultra simplification of graph convolutional networks for recommendation},
  author={Mao, Kelong and Zhu, Jieming and Xiao, Xi and Lu, Biao and Wang, Zhaowei and He, Xiuqiang},
  booktitle={CIKM},
  pages={1253--1262},
  year={2021}
}

%LINE
@inproceedings{tang2015line,
  title={{LINE}: Large-scale information network embedding},
  author={Tang, Jian and Qu, Meng and Wang, Mingzhe and Zhang, Ming and Yan, Jun and Mei, Qiaozhu},
  booktitle={Proceedings of the 24th international conference on world wide web},
  pages={1067--1077},
  year={2015}
}
%DeepWalk
@inproceedings{perozzi2014deepwalk,
  title={Deep{W}alk: Online learning of social representations},
  author={Perozzi, Bryan and Al-Rfou, Rami and Skiena, Steven},
  booktitle={Proc. 20th ACM SIGKDD Int. Conf. Knowledge {D}iscovery {\&} {D}ata {M}ining  (KDD'14)},
  month={Aug.},
  year={2014},
  address = {New York City, NY},
  pages={701--710},
}
%node2vec
@inproceedings{grover2016node2vec,
  title={node2vec: Scalable feature learning for networks},
  author={Grover, Aditya and Leskovec, Jure},
  booktitle={Proceedings of the 22nd ACM SIGKDD international conference on Knowledge discovery and data mining},
  pages={855--864},
  year={2016}
}
%struc2vec
@inproceedings{ribeiro2017struc2vec,
  title={struc2vec: Learning node representations from structural identity},
  author={Ribeiro, Leonardo FR and Saverese, Pedro HP and Figueiredo, Daniel R},
  booktitle={Proceedings of the 23rd ACM SIGKDD international conference on knowledge discovery and data mining},
  pages={385--394},
  year={2017}
}
%embedding survey paper- journal
@article{cui2018survey,
  title={A survey on network embedding},
  author={Cui, Peng and Wang, Xiao and Pei, Jian and Zhu, Wenwu},
  journal={IEEE Trans. Knowl. Data Eng.},
  volume={31},
  number={5},
  pages={833--852},
  year={2019},
  month = {May},
  publisher={IEEE}
}

%BPR Loss *F

% BPR *F
@inproceedings{rendle2012bpr,
  title={BPR: Bayesian personalized ranking from implicit feedback},
  author={Rendle, Steffen and Freudenthaler, Christoph and Gantner, Zeno and Schmidt-Thieme, Lars},
  booktitle={UAI},
  number={452--461},
  year={2009}
}

% VBPR *F
@inproceedings{he2016vbpr,
  title={VBPR: Visual Bayesian personalized ranking from implicit feedback},
  author={He, Ruining and McAuley, Julian},
  booktitle={AAAI},
  number={1},
  year={2016}
}

%BPR widely used *F
@inproceedings{he2018adversarial,
  title={Adversarial personalized ranking for recommendation},
  author={He, Xiangnan and He, Zhankui and Du, Xiaoyu and Chua, Tat-Seng},
  booktitle={SIGIR},
  pages={355--364},
  year={2018}
}

%KGAT BPR *F
@inproceedings{wang2019kgat,
  title={KGAT: Knowledge graph attention network for recommendation},
  author={Wang, Xiang and He, Xiangnan and Cao, Yixin and Liu, Meng and Chua, Tat-Seng},
  booktitle={KDD},
  pages={950--958},
  year={2019}
}

% kong2022 BPR recsys *F
@inproceedings{kong2022linear,
  title={Linear, or Non-Linear, That is the Question!},
  author={Kong, Taeyong and Kim, Taeri and Jeon, Jinsung and Choi, Jeongwhan and Lee, Yeon-Chang and Park, Noseong and Kim, Sang-Wook},
  booktitle={Proceedings of the Fifteenth ACM International Conference on Web Search and Data Mining},
  pages={517--525},
  year={2022}
}

@article{park2024cf,
  title={CF-KAN: Kolmogorov-Arnold network-based collaborative filtering to mitigate catastrophic forgetting in recommender systems},
  author={Park, Jin-Duk and Kim, Kyung-Min and Shin, Won-Yong},
  journal={arXiv preprint arXiv:2409.05878},
  year={2024}
}

% ---- about general GNN --- %
%GCN
@inproceedings{DBLP:conf/iclr/KipfW17,
  author    = {Thomas N. Kipf and Max Welling},
  title     = {Semi-supervised classification with graph convolutional networks},
  booktitle = {ICLR},
  year  = {2017},
  pages = {1--14}
}

%GCN2
@article{defferrard2016convolutional,
  title={Convolutional neural networks on graphs with fast localized spectral filtering},
  author={Defferrard, Micha{\"e}l and Bresson, Xavier and Vandergheynst, Pierre},
  journal={Advances in neural information processing systems},
  volume={29},
  pages={3844--3852},
  year={2016}
}

%GraphSAGE
@inproceedings{DBLP:conf/nips/HamiltonYL17,
  author    = {Hamilton, Will and Ying, Zhitao and Leskovec, Jure},
  title     = {Inductive representation learning on large graphs},
  booktitle = {NIPS},
  address = {Long Beach, CA},
  pages = {1024--1034},
  month = {Dec.},
  year = {2017}
}
%GIN
@inproceedings{xu2018powerful,
  author    = {Keyulu Xu and Weihua Hu and Jure Leskovec and Stefanie Jegelka},
  title     = {How powerful are graph neural networks?},
  booktitle = {ICLR},
  pages = {1--17},
  year  = {2019},
  month = {May},
}


@inproceedings{hou2024collaborative,
  title={Collaborative filtering based on diffusion models: Unveiling the potential of high-order connectivity},
  author={Hou, Yu and Park, Jin-Duk and Shin, Won-Yong},
  booktitle={SIGIR},
  pages={1360--1369},
  year={2024}
}

%GAT
@inproceedings{velivckovic2017graph,
  author    = {Petar Velickovic and
               Guillem Cucurull and
               Arantxa Casanova and
               Adriana Romero and
               Pietro Li{\`{o}} and
               Yoshua Bengio},
  title     = {Graph Attention Networks},
  booktitle = {Proc. 6th Int. Conf. on Learning Rep., (ICLR'18)},
  address = {Vancouver, Canada},
  month = {Apr.--May},
  year      = {2018}
}
% MPNN %
@inproceedings{gilmer2017neural,
  title={Neural message passing for quantum chemistry},
  author = {Justin Gilmer and Samuel S. Schoenholz and Patrick F. Riley and Oriol Vinyals and George E. Dahl},
  booktitle = {Proc. 34th Int. Conf. Mach. Learn. (ICML'17)},
  address = {Sydney, Australia},
  pages = {1263--1272},
  month = {Aug},
  year={2017}
}

%JK-Net *F
@inproceedings{xu2018representation,
  title={Representation learning on graphs with jumping knowledge networks},
  author={Xu, Keyulu and Li, Chengtao and Tian, Yonglong and Sonobe, Tomohiro and Kawarabayashi, Ken-ichi and Jegelka, Stefanie},
  booktitle={ICML},
  pages={5453--5462},
  year={2018}
}

% R-GCN *F
@inproceedings{schlichtkrull2018modeling,
  title={Modeling relational data with graph convolutional networks},
  author={Schlichtkrull, Michael and Kipf, Thomas N and Bloem, Peter and Berg, Rianne van den and Titov, Ivan and Welling, Max},
  booktitle={ESWC},
  pages={593--607},
  year={2018}
}

% PAIRNORM ICML *F
@inproceedings{zhao2019pairnorm,
  title={Pairnorm: Tackling oversmoothing in GNNs},
  author={Zhao, Lingxiao and Akoglu, Leman},
  booktitle={ICLR},
  year={2019}
}

% Drop Edge ICML *F
@article{rong2019dropedge,
  title={Dropedge: Towards deep graph convolutional networks on node classification},
  author={Rong, Yu and Huang, Wenbing and Xu, Tingyang and Huang, Junzhou},
  journal={arXiv preprint arXiv:1907.10903},
  year={2019}
}
% Skip node oversmoothing *F
@article{lu2021skipnode,
  title={SkipNode: On alleviating over-smoothing for deep graph convolutional networks},
  author={Lu, Weigang and Zhan, Yibing and Guan, Ziyu and Liu, Liu and Yu, Baosheng and Zhao, Wei and Yang, Yaming and Tao, Dacheng},
  journal={arXiv preprint arXiv:2112.11628},
  year={2021}
}

% Deep Infomax ( loss function )%
@article{velickovic2019deep,
  title={Deep Graph Infomax.},
  author={Velickovic, Petar and Fedus, William and Hamilton, William L and Li{\`o}, Pietro and Bengio, Yoshua and Hjelm, R Devon},
  journal={ICLR (Poster)},
  volume={2},
  number={3},
  pages={4},
  year={2019}
}

% GNN survey 
@article{zhang2020deep,
  title={Deep learning on graphs: A survey},
  author={Zhang, Ziwei and Cui, Peng and Zhu, Wenwu},
  journal={IEEE Trans. Knowl. Data Eng.},
  year={2022},
  month = {Jan.},
  volume = {34},
  number={1},
  pages={249--270},
  publisher={IEEE}
}
%high degree over-smoothing 1 *F
@inproceedings{chen2020simple,
  title={Simple and deep graph convolutional networks},
  author={Chen, Ming and Wei, Zhewei and Huang, Zengfeng and Ding, Bolin and Li, Yaliang},
  booktitle={ICML},
  pages={1725--1735},
  year={2020}
}


%Rating to graph 1 *F
@article{musto2021context,
  title={Context-aware graph-based recommendations exploiting Personalized PageRank},
  author={Musto, Cataldo and Lops, Pasquale and de Gemmis, Marco and Semeraro, Giovanni},
  journal={Knowledge-Based Systems},
  volume={216},
  pages={106806},
  year={2021},
  publisher={Elsevier}
}
%Rating to graph 2 *F
@inproceedings{bellogin2011precision,
  title={Precision-oriented evaluation of recommender systems: an algorithmic comparison},
  author={Bellogin, Alejandro and Castells, Pablo and Cantador, Ivan},
  booktitle={Proceedings of the fifth ACM conference on Recommender systems},
  pages={333--336},
  year={2011}
}

%stop gradient *F
@inproceedings{chen2021exploring,
  title={Exploring simple siamese representation learning},
  author={Chen, Xinlei and He, Kaiming},
  booktitle={Proceedings of the IEEE/CVF Conference on Computer Vision and Pattern Recognition},
  pages={15750--15758},
  year={2021}
}
% computation cost MCRS *F
@incollection{adomavicius2010multi,
  title={Multi-criteria recommender systems},
  author={Adomavicius, Gediminas and Manouselis, Nikos and Kwon, YoungOk},
  booktitle={Recommender systems handbook},
  pages={769--803},
  year={2010},
  publisher={Springer}
}

% Sequential GNN surge *F
@inproceedings{chang2021sequential,
  title={Sequential recommendation with graph neural networks},
  author={Chang, Jianxin and Gao, Chen and Zheng, Yu and Hui, Yiqun and Niu, Yanan and Song, Yang and Jin, Depeng and Li, Yong},
  booktitle={SIGIR},
  pages={378--387},
  year={2021}
}
% MBR GNN MBGCN *F
@inproceedings{jin2020multi,
  title={Multi-behavior recommendation with graph convolutional networks},
  author={Jin, Bowen and Gao, Chen and He, Xiangnan and Jin, Depeng and Li, Yong},
  booktitle={SIGIR},
  pages={659--668},
  year={2020}
}
% social rec GNN Diffnet *F
@inproceedings{wu2019neural,
  title={A neural influence diffusion model for social recommendation},
  author={Wu, Le and Sun, Peijie and Fu, Yanjie and Hong, Richang and Wang, Xiting and Wang, Meng},
  booktitle={SIGIR},
  pages={235--244},
  year={2019}
}
%
@inproceedings{wu2019session,
  title={Session-based recommendation with graph neural networks},
  author={Wu, Shu and Tang, Yuyuan and Zhu, Yanqiao and Wang, Liang and Xie, Xing and Tan, Tieniu},
  booktitle={AAAI},
  pages={346--353},
  year={2019}
}


% intro CF *F
@article{fu2018novel,
  title={A novel deep learning-based collaborative filtering model for recommendation system},
  author={Fu, Mingsheng and Qu, Hong and Yi, Zhang and Lu, Li and Liu, Yongsheng},
  journal={IEEE Trans. Cybern.},
  pages={1084--1096},
  year={2018},
  publisher={IEEE}
}

% rating thresh 1 *F
@article{wu2020diffnet++,
  title={Diffnet++: A neural influence and interest diffusion network for social recommendation},
  author={Wu, Le and Li, Junwei and Sun, Peijie and Hong, Richang and Ge, Yong and Wang, Meng},
  journal={IEEE Transactions on Knowledge and Data Engineering
},
  pages={4753--4766},
  year={2020},
  publisher={IEEE}
}

% rating thresh 3 *F
@inproceedings{chen2019collaborative,
  title={Collaborative similarity embedding for recommender systems},
  author={Chen, Chih-Ming and Wang, Chuan-Ju and Tsai, Ming-Feng and Yang, Yi-Hsuan},
  booktitle={The World Wide Web Conference},
  pages={2637--2643},
  year={2019}
}

% HAN *F
@inproceedings{wang2019heterogeneous,
  title={Heterogeneous graph attention network},
  author={Wang, Xiao and Ji, Houye and Shi, Chuan and Wang, Bai and Ye, Yanfang and Cui, Peng and Yu, Philip S},
  booktitle={WWW},
  pages={2022--2032},
  year={2019}
}
%KG Recsys survey *F
@article{guo2020survey,
  title={A survey on knowledge graph-based recommender systems},
  author={Guo, Qingyu and Zhuang, Fuzhen and Qin, Chuan and Zhu, Hengshu and Xie, Xing and Xiong, Hui and He, Qing},
  journal={IEEE Transactions on Knowledge and Data Engineering
},
  pages={3549--3568},
  year={2020},
  publisher={IEEE}
}
% Are we making progess Hetero GNN (HGNN) *F 
@inproceedings{lv2021we,
  title={Are we really making much progress? Revisiting, benchmarking and refining heterogeneous graph neural networks},
  author={Lv, Qingsong and Ding, Ming and Liu, Qiang and Chen, Yuxiang and Feng, Wenzheng and He, Siming and Zhou, Chang and Jiang, Jianguo and Dong, Yuxiao and Tang, Jie},
  booktitle={KDD},
  pages={1150--1160},
  year={2021}
}

@article{seo2022siren,
  title={SiReN: Sign-aware recommendation using graph neural networks},
  author={Seo, Changwon and Jeong, Kyeong-Joong and Lim, Sungsu and Shin, Won-Yong},
  journal={IEEE Transactions on Neural Networks and Learning Systems},
  year={2023},
  publisher={IEEE}
}

@article{wu2020comprehensive,
  title={A comprehensive survey on graph neural networks},
  author={Wu, Zonghan and Pan, Shirui and Chen, Fengwen and Long, Guodong and Zhang, Chengqi and Philip, S Yu},
  journal={IEEE Trans. Neural Netw. Learn. Syst.},
  volume={32},
  number={1},
  pages={4--24},
  year={2020},
  month={Mar.},
  publisher={IEEE}
}

@article{zhou2020graph,
  title={Graph neural networks: A review of methods and applications},
  author={Zhou, Jie and Cui, Ganqu and Hu, Shengding and Zhang, Zhengyan and Yang, Cheng and Liu, Zhiyuan and Wang, Lifeng and Li, Changcheng and Sun, Maosong},
  journal={AI Open},
  volume={1},
  pages={57--81},
  year={2020},
  publisher={Elsevier}
}

%Skip-gram
@inproceedings{mikolov2013distributed,
  title={Distributed representations of words and phrases and their compositionality},
  author={Mikolov, Tomas and Sutskever, Ilya and Chen, Kai and Corrado, Greg S and Dean, Jeff},
  booktitle={Proc. 27th Conf. Neural Inf. Processing Systems (NIPS'13)},
  pages     = {3111--3119},
  year      = {2013},
  month = {Dec.},
  address = {Lake Tahoe, NV}
}

%Greedy selection
@article{kollias2011network,
  title={Network similarity decomposition (nsd): A fast and scalable approach to network alignment},
  author={Kollias, Giorgos and Mohammadi, Shahin and Grama, Ananth},
  journal={IEEE Trans. Knowl. Data Eng.},
  volume={24},
  number={12},
  pages={2232--2243},
  year={2011},
  publisher={IEEE}
}

%Tversky
@article{tversky1977features,
  title={Features of similarity.},
  author={Tversky, Amos},
  journal={Psychol. Rev.},
  volume={84},
  number={4},
  pages={327--352},
  year={1977},
  publisher={American Psychological Association}
}

%Graph Isomorphism
@article{mckay2014practical,
  title={Practical graph isomorphism, II},
  author={McKay, Brendan D and Piperno, Adolfo},
  journal={J. Symbolic Comput.},
  volume={60},
  pages={94--112},
  month = {Jan.},
  year={2014},
  publisher={Elsevier}
}

% Power of adjacency = walk length
@book{stevanovic2014spectral,
  title={Spectral radius of graphs},
  author={Stevanovic, Dragan},
  year={2014},
  publisher={Academic Press}
}

% dataset-facebook /twitter
@inproceedings{cao2016bass,
  title={{BASS}: A bootstrapping approach for aligning heterogenous social networks},
  author={Cao, Xuezhi and Yu, Yong},
  booktitle={Proc. Joint Eur. Conf. Mach. Learn. Knowl. Discovery Databases (ECML-PKDD'16)},
  address={Riva del Garda, Italy},
  pages={459--475},
  year={2016},
}
% dataset-douban
@inproceedings{zhong2012comsoc,
  title={Com{S}oc: adaptive transfer of user behaviors over composite social network},
  author={Zhong, Erheng and Fan, Wei and Wang, Junwei and Xiao, Lei and Li, Yong},
  booktitle={Proc. 18th ACM SIGKDD Int. Conf. Knowl. Discovery {\&} Data Mining (KDD'12)},
  pages={696--704},
  year={2012},
  month = {Aug.},
  address= {Beijing, China}
  
}
% dataset- dblp
@article{prado2012mining,
  title={Mining graph topological patterns: Finding covariations among vertex descriptors},
  author={Prado, Adriana and Plantevit, Marc and Robardet, C{\'e}line and Boulicaut, Jean-Francois},
  journal={IEEE Trans. Knowl. Data Eng.},
  volume={25},
  number={9},
  pages={2090--2104},
  year={2013},
  month = {Sept.},
  publisher={IEEE}
}
%dataset - econ
@inproceedings{rossi2015network,
  title={The network data repository with interactive graph analytics and visualization},
  author={Rossi, Ryan and Ahmed, Nesreen},
  booktitle={Proc. 29th {AAAI} Conf. on Artif. Intell. (AAAI'15)},
  year={2015},
  pages = {4292-4293},
  address = {Austin, Texas},
  month = {Jan.}
}

% Adam 
@inproceedings{kingma2015adam,
  author    = {Diederik P. Kingma and
               Jimmy Ba},
  title     = {Adam: {A} method for stochastic optimization},
  booktitle = {ICLR},
  year      = {2015},
  pages  = {1--15}
}

% Pytorch Geometric %
@inproceedings{fey2019pyg,
  author    = {Matthias Fey and
               Jan Eric Lenssen},
  title     = {Fast Graph Representation Learning with PyTorch Geometric},
  booktitle   = {Proc. ICLR Workshop on Representation Learning on Graphs and Manifolds},
  address = {New Orleans, LA},
  month = {May},
  year      = {2019}
}

% ReLU %
@inproceedings{DBLP:conf/icml/NairH10,
  author    = {Vinod Nair and
               Geoffrey E. Hinton},
  title     = {Rectified Linear Units Improve Restricted {B}oltzmann Machines},
  booktitle = {Proc. 27th Int. Conf. Mach. Learn. (ICML'10)},
  pages     = {807--814},
  address = {Haifa, Israel},
  month = {Jun.},
  year      = {2010}
}


% oversmoothing GNN %
@inproceedings{chen2020measuring,
  title={Measuring and relieving the over-smoothing problem for graph neural networks from the topological view},
  author={Chen, Deli and Lin, Yankai and Li, Wei and Li, Peng and Zhou, Jie and Sun, Xu},
  booktitle={Proc. 34th {AAAI} Conf. on Artif. Intell. (AAAI'20)},
  volume={34},
  number={04},
  pages={3438--3445},
  year={2020},
  month={Feb},
  address = {New York City, NY}
}

%oversmoothing GNN 2 % *F
@inproceedings{li2019deepgcns,
  title={Deepgcns: Can gcns go as deep as cnns?},
  author={Li, Guohao and Muller, Matthias and Thabet, Ali and Ghanem, Bernard},
  booktitle={Proceedings of the IEEE/CVF international conference on computer vision},
  pages={9267--9276},
  year={2019}
}

% oversmoothing GNN 3 *F
@inproceedings{li2018deeper,
  title={Deeper insights into graph convolutional networks for semi-supervised learning},
  author={Li, Qimai and Han, Zhichao and Wu, Xiao-Ming},
  booktitle={AAAI},
  year={2018}
}
% DGN oversmoothing *F
@inproceedings{zhou2020towards,
  title={Towards deeper graph neural networks with differentiable group normalization},
  author={Zhou, Kaixiong and Huang, Xiao and Li, Yuening and Zha, Daochen and Chen, Rui and Hu, Xia},
  booktitle={NIPS},
  pages={4917--4928},
  year={2020}
}


%-----Centralities ------%

% Khop cent%
@inproceedings{niu2014k,
  title={$k$-hop centrality metric for identifying influential spreaders in dynamic large-scale social networks},
  author={Niu, Jianwei and Fan, JinYang and Wang, Lei and Stojinenovic, Milica},
  booktitle={Proc. {IEEE} Global Commun. Conf. (GLOBECOM'14)},
  pages={2954--2959},
  year={2014},
  month = {Dec},
  address = {Austin, Texas}
}

%Katz Cent%
@article{katz1953new,
  title={A new status index derived from sociometric analysis},
  author={Katz, Leo},
  journal={Psychometrika},
  volume={18},
  number={1},
  pages={39--43},
  year={1953},
  month = {Mar.},
  publisher={Springer}
}
%eigen-vector-cent
@article{bonacich1972factoring,
  title={Factoring and weighting approaches to status scores and clique identification},
  author={Bonacich, Phillip},
  journal={J. Math. Soc},
  volume={2},
  number={1},
  pages={113--120},
  year={1972},
  publisher={Taylor \& Francis}
}
% Equal width binning
@inproceedings{catlett1991changing,
  title={On changing continuous attributes into ordered discrete attributes},
  author={Catlett, Jason},
  booktitle={Proc. Eur. Working Session on Learning. (EWSL)},
  pages={164--178},
  year={1991},
  month = {Mar.},
  address = {Porto, Portugal},
}

% Min-max normalization
@article{patro2015normalization,
  title={Normalization: A preprocessing stage},
  author={Patro, S and Sahu, Kishore Kumar},
  journal={arXiv preprint arXiv:1503.06462},
  year={2015}
}

%att_not_available
@inproceedings{hsu2017unsupervised,
author = {Hsu, Chin-Chi and Lai, Yi-An and Chen, Wen-Hao and Feng, Ming-Han and Lin, Shou-De},
title = {Unsupervised ranking using graph structures and node attributes},
year = {2017},
booktitle = {Proc. 10th ACM Int. Conf. Web Search Data Min. (WSDM)},
pages = {771â€“779},
address = {New York, NY},
month = {Feb.}
}

@inproceedings{ren2019meta,
  title={Meta diagram based active social networks alignment},
  author={Ren, Yuxiang and Aggarwal, Charu C and Zhang, Jiawei},
  booktitle={Proc. 35th Int. Conf. Data {E}ng. (ICDE'19)},
  pages={1690--1693},
  year={2019},
  month={Apr.},
  address={Macao, China},
}

@article{emmert2016fifty,
  title={Fifty years of graph matching, network alignment and network comparison},
  author={Emmert-Streib, Frank and Dehmer, Matthias and Shi, Yongtang},
  journal={Inf. Sci.},
  volume={346},
  pages={180--197},
  year={2016},
  month = {Jun.},
  publisher={Elsevier}
}

% Xavier *F
@inproceedings{glorot2010understanding,
  title={Understanding the difficulty of training deep feedforward neural networks},
  author={Glorot, Xavier and Bengio, Yoshua},
  booktitle={AISTATS},
  pages={249--256},
  year={2010},
}

% ------------------ Experiments, MC datasets
% tripadvisor *F
@inproceedings{wang2011latent,
  title={Latent aspect rating analysis without aspect keyword supervision},
  author={Wang, Hongning and Lu, Yue and Zhai, ChengXiang},
  booktitle={KDD},
  pages={618--626},
  year={2011}
}

%yahoo!movie *F
@article{jannach2014leveraging,
  title={Leveraging multi-criteria customer feedback for satisfaction analysis and improved recommendations},
  author={Jannach, Dietmar and Zanker, Markus and Fuchs, Matthias},
  journal={Information Technology \& Tourism},
  pages={119--149},
  year={2014},
  publisher={Springer}
}

% RateBeer 1
@inproceedings{mcauley2012learning,
  title={Learning attitudes and attributes from multi-aspect reviews},
  author={McAuley, Julian and Leskovec, Jure and Jurafsky, Dan},
  booktitle={ICDM},
  pages={1020--1025},
  year={2012}
}

% RateBeer 2
@inproceedings{mcauley2013amateurs,
  title={From amateurs to connoisseurs: Modeling the evolution of user expertise through online reviews},
  author={McAuley, Julian John and Leskovec, Jure},
  booktitle={WWW},
  pages={897--908},
  year={2013}
}

%Sparsematrix multiplication complexity
@article{yavits2014sparse,
  title={Sparse matrix multiplication on an associative processor},
  author={Yavits, Leonid and Morad, Amir and Ginosar, Ran},
  journal={IEEE Transactions on Parallel and Distributed Systems},
  volume={26},
  number={11},
  pages={3175--3183},
  year={2014},
  publisher={IEEE}
}

%Recbole *F
@inproceedings{zhao2021recbole,
  title={RecBole: Towards a unified, comprehensive and efficient framework for recommendation algorithms},
  author={Zhao, Wayne Xin and Mu, Shanlei and Hou, Yupeng and Lin, Zihan and Chen, Yushuo and Pan, Xingyu and Li, Kaiyuan and Lu, Yujie and Wang, Hui and Tian, Changxin and others},
  booktitle={CIKM},
  pages={4653--4664},
  year={2021}
}


% High dim overfitting *F
@article{domingos2012few,
  title={A few useful things to know about machine learning},
  author={Domingos, Pedro},
  journal={Communications of the ACM},
  pages={78--87},
  year={2012},
  publisher={ACM New York, NY, USA}
}