@inproceedings{DBLP:conf/iclr/KipfW17,
  author    = {Thomas N. Kipf and Max Welling},
  title     = {Semi-supervised classification with graph convolutional networks},
  booktitle = {ICLR},
  year  = {2017},
  pages = {1--14}
}

@inproceedings{chen2021deep,
  title={Deep transfer tensor decomposition with orthogonal constraint for recommender systems},
  author={Chen, Zhengyu and Xu, Ziqing and Wang, Donglin},
  booktitle={AAAI},
  number={5},
  pages={4010--4018},
  year={2021}
}

@inproceedings{fan2021predicting,
  title={Predicting ratings in multi-criteria recommender systems via a collective factor model},
  author={Fan, Ge and Zhang, Chaoyun and Chen, Junyang and Wu, Kaishun}

@inproceedings{he2020lightgcn,
  title={LightGCN: Simplifying and powering graph convolution network for recommendation},
  author={He, Xiangnan and Deng, Kuan and Wang, Xiang and Li, Yan and Zhang, Yongdong and Wang, Meng},
  booktitle={SIGIR},
  pages={639--648},
  year={2020}
}

@inproceedings{jannach2012accuracy,
  title={Accuracy improvements for multi-criteria recommender systems},
  author={Jannach, Dietmar and Karakaya, Zeynep and Gedikli, Fatih},
  booktitle={EC},
  pages={674--689},
  year={2012}
}

@inproceedings{kim2025leveraging,
  title={Leveraging member-group relations via multi-view graph filtering for effective group recommendation},
  author={ Kim, Chaehyun and Choi, Yoonryung  and Park, Jin-Duk and Shin, Won-Yong},
  booktitle={WWW},
  pages={(to appear)},
  year={2025}
}

@inproceedings{li2019latent,
  title={Latent multi-criteria ratings for recommendations},
  author={Li, Pan and Tuzhilin, Alexander},
  booktitle={RecSys},
  pages={428--431},
  year={2019}
}

@inproceedings{liu2023personalized,
  title={Personalized graph signal processing for collaborative filtering},
  author={Liu, Jiahao and Li, Dongsheng and Gu, Hansu and Lu, Tun and Zhang, Peng and Shang, Li and Gu, Ning},
  booktitle={WWW},
  pages={1264--1272},
  year={2023}
}

@article{nassar2020novel,
  title={A novel deep multi-criteria collaborative filtering model for recommendation system},
  author={Nassar, Nour and Jafar, Assef and Rahhal, Yasser},
  journal={Knowledge-Based Systems},
  pages={104811},
  year={2020},
  publisher={Elsevier}
}

@inproceedings{park2023criteria,
  title={Criteria tell you more than ratings: Criteria preference-aware light graph convolution for effective multi-criteria recommendation},
  author={Park, Jin-Duk and Li, Siqing and Cao, Xin and Shin, Won-Yong},
  booktitle={KDD},
  month={Aug.},
  year={2023},
  pages={1356--1365}
}

@inproceedings{park2024turbo,
  title={Turbo-CF: Matrix decomposition-free graph filtering for fast recommendation},
  author={Park, Jin-Duk and Shin, Yong-Min and Shin, Won-Yong},
  booktitle={SIGIR},
  pages={2672--2676},
  year={2024}
}

@article{shambour2021deep,
  title={A deep learning based algorithm for multi-criteria recommender systems},
  author={Shambour, Qusai},
  journal={Knowledge-Based Systems},
  pages={106545},
  year={2021},
  publisher={Elsevier}
}

@inproceedings{shen2021powerful,
  title={How powerful is graph convolution for recommendation?},
  author={Shen, Yifei and Wu, Yongji and Zhang, Yao and Shan, Caihua and Zhang, Jun and Letaief, B Khaled and Li, Dongsheng},
  booktitle={CIKM},
  pages={1619--1629},
  year={2021}
}

@inproceedings{tallapally2018user,
  title={User preference learning in multi-criteria recommendations using stacked auto encoders},
  author={Tallapally, Dharahas and Sreepada, Rama Syamala and Patra, Bidyut Kr and Babu, Korra Sathya},
  booktitle={RecSys},
  pages={475--479},
  year={2018}
}

@inproceedings{wang2019neural,
  title={Neural graph collaborative filtering},
  author={Wang, Xiang and He, Xiangnan and Wang, Meng and Feng, Fuli and Chua, Tat-Seng},
  booktitle={SIGIR},
  pages={165--174},
  year={2019}
}

