@article{aibias,
	author = {Peters, Uwe},
	doi = {10.1007/s13347-022-00512-8},
	journal = {Philosophy \& Technology},
	title = {{Algorithmic Political Bias in Artificial Intelligence Systems}},
	volume = {35},
	year = {2022},
	bdsk-url-1 = {https://doi.org/10.1007/s13347-022-00512-8}}

@article{gupta2025comparative,
  title={Comparative Analysis of DeepSeek R1, ChatGPT, Gemini, Alibaba, and LLaMA: Performance, Reasoning Capabilities, and Political Bias},
  author={Gupta, Ragav},
  journal={Authorea Preprints},
  year={2025},
  publisher={Authorea}
}

@article{hartmann2023political,
  title={{The Political Ideology of Conversational AI: Converging Evidence on ChatGPT's Pro-environmental, Left-libertarian Orientation}},
  author={Hartmann, Jochen and Schwenzow, Jasper and Witte, Maximilian},
  journal={arXiv:2301.01768},
  year={2023}
}

@article{liu2022quantifying,
  title={{Quantifying and Alleviating Political Bias in Language Models}},
  author={Liu, Ruibo and Jia, Chenyan and Wei, Jason and Xu, Guangxuan and Vosoughi, Soroush},
  journal={Artificial Intelligence},
  volume={304},
  year={2022},
  publisher={Elsevier}
}

@article{mcgee2023chat,
  title={{Is Chat GPT Biased against Conservatives? An Empirical Study}},
  author={McGee, Robert W},
  year={2023}
}

@article{mcgee2023were,
  title={{Who Were the 10 Best and 10 Worst US Presidents? The Opinion of Chat GPT (Artificial Intelligence)}},
  author={McGee, Robert W},
  year={2023}
}

@article{motoki2023more,
  title={{More Human than Human: Measuring ChatGPT Political Bias}},
  author={Motoki, Fabio and Pinho Neto, Valdemar and Rodrigues, Victor},
  journal={Social Sciences Research Network 4372349},
  year={2023}
}

@article{rettenberger2024assessing,
  title={Assessing Political Bias in Large Language Models},
  author={Rettenberger, Luca and Reischl, Markus and Schutera, Mark},
  journal={arXiv preprint arXiv:2405.13041},
  year={2024}
}

@article{rozado2023danger,
  title={{Danger in the Machine: The Perils of Political and Demographic Biases Embedded in AI Systems}},
  author={Rozado, David},
  year={2023}
}

@article{rozado2023political,
  title={{The Political Biases of ChatGPT}},
  author={Rozado, David},
  journal={Social Sciences},
  volume={12},
  number={3},
  pages={148},
  year={2023},
  publisher={MDPI}
}

@article{rutinowski2024self,
  title={The Self-Perception and Political Biases of ChatGPT},
  author={Rutinowski, J{\'e}r{\^o}me and Franke, Sven and Endendyk, Jan and Dormuth, Ina and Roidl, Moritz and Pauly, Markus},
  journal={Human Behavior and Emerging Technologies},
  volume={2024},
  number={1},
  pages={7115633},
  year={2024},
  publisher={Wiley Online Library}
}

@article{van2023chatgpt,
  title={{ChatGPTâ€™s Left-leaning Liberal Bias}},
  author={van den Broek, Merel},
  journal={University of Leiden},
  year={2023}
}

