@misc{bpb2025,
  author       = {{Bundeszentrale f\"ur politische Bildung (BpB)}},
  title        = {Wahl-O-Mat},
  year         = {2025},
  url          = {https://www.bpb.de/themen/wahl-o-mat/},
  note         = {Retrieved February 13, 2025}
}

@article{liu2025turning,
  title={“Turning right”? An experimental study on the political value shift in large language models},
  author={Liu, Yifei and Panwang, Yuang and Gu, Chao},
  journal={Humanities and Social Sciences Communications},
  volume={12},
  number={1},
  pages={1--10},
  year={2025},
  publisher={Palgrave}
}

@misc{wahlomat2025,
  author       = {{Bundeszentrale f\"ur politische Bildung (BpB)}},
  title        = {{Wahl-O-Mat - Deine Wahlhilfe}},
  year         = {2025},
  url          = {https://www.wahl-o-mat.de/},
  note         = {Retrieved between February 6 and 21, 2025}
}

@inproceedings{lunardi2024elusiveness,
  title={The Elusiveness of Detecting Political Bias in Language Models},
  author={Lunardi, Riccardo and La Barbera, David and Roitero, Kevin},
  booktitle={Proceedings of the 33rd ACM International Conference on Information and Knowledge Management},
  pages={3922--3926},
  year={2024}
}

@misc{wahlweise2025,
  author       = {WAHLWEISE},
  title        = {{WAHLWEISE - Dein intelligenter Assistent für Wahlen und Politik}},
  year         = {2025},
  url          = {https://wahlweise.info/},
  note         = {Retrieved February 14, 2025}
}

@article{hurst2024gpt,
  title={Gpt-4o system card},
  author={Hurst, Aaron and Lerer, Adam and Goucher, Adam P and Perelman, Adam and Ramesh, Aditya and Clark, Aidan and Ostrow, AJ and Welihinda, Akila and Hayes, Alan and Radford, Alec and others},
  journal={arXiv preprint arXiv:2410.21276},
  year={2024}
}

@article{achiam2023gpt,
  title={Gpt-4 technical report},
  author={Achiam, Josh and Adler, Steven and Agarwal, Sandhini and Ahmad, Lama and Akkaya, Ilge and Aleman, Florencia Leoni and Almeida, Diogo and Altenschmidt, Janko and Altman, Sam and Anadkat, Shyamal},
  journal={arXiv preprint arXiv:2303.08774},
  year={2023}
}

@article{bang2024measuring,
  title={Measuring political bias in large language models: What is said and how it is said},
  author={Bang, Yejin and Chen, Delong and Lee, Nayeon and Fung, Pascale},
  journal={arXiv preprint arXiv:2403.18932},
  year={2024}
}

@article{rettenberger2024assessing,
  title={Assessing Political Bias in Large Language Models},
  author={Rettenberger, Luca and Reischl, Markus and Schutera, Mark},
  journal={arXiv preprint arXiv:2405.13041},
  year={2024}
}

@misc{wahlchat2025,
  author       = {Wahl.Chat},
  title        = {{Wahl.Chat - Dein KI-Tool zur Bundestagswahl 2025}},
  year         = {2025},
  url          = {https://wahl.chat/},
  note         = {Retrieved February 14, 2025}
}

@article{schiele2024voting,
  author    = {Martin Schiele and Yannick Gittmann and Stefan Ilchmann and Ante Gojsalic and  Dominik Jurincic and Phylis Klempt},
  title     = {Voting Advice Applications: Implementation of RAG-supported LLMs},
  journal   = {TechRxiv},
  year      = {2024},
  month     = {July},
  day       = {16},
  doi       = {10.36227/techrxiv.172115156.64500701/v1}
}

@article{lewis2020retrieval,
  title={Retrieval-augmented generation for knowledge-intensive nlp tasks},
  author={Lewis, Patrick and Perez, Ethan and Piktus, Aleksandra and Petroni, Fabio and Karpukhin, Vladimir and Goyal, Naman and K{\"u}ttler, Heinrich and Lewis, Mike and Yih, Wen-tau and Rockt{\"a}schel, Tim and others},
  journal={Advances in neural information processing systems},
  volume={33},
  pages={9459--9474},
  year={2020}
}

@article{rozado2023political,
  title={{The Political Biases of ChatGPT}},
  author={Rozado, David},
  journal={Social Sciences},
  volume={12},
  number={3},
  pages={148},
  year={2023},
  publisher={MDPI}
}

@article{motoki2023more,
  title={{More Human than Human: Measuring ChatGPT Political Bias}},
  author={Motoki, Fabio and Pinho Neto, Valdemar and Rodrigues, Victor},
  journal={Social Sciences Research Network 4372349},
  year={2023}
}

@article{van2023chatgpt,
  title={{ChatGPT’s Left-leaning Liberal Bias}},
  author={van den Broek, Merel},
  journal={University of Leiden},
  year={2023}
}

@article{luo2023perspectival,
  title={A Perspectival Mirror of the Elephant: Investigating Language Bias on Google, ChatGPT, Wikipedia, and YouTube},
  author={Luo, Queenie and Puett, Michael J and Smith, Michael D},
  journal={arXiv preprint arXiv:2303.16281},
  year={2023}
}

@article{hartmann2023political,
  title={{The Political Ideology of Conversational AI: Converging Evidence on ChatGPT's Pro-environmental, Left-libertarian Orientation}},
  author={Hartmann, Jochen and Schwenzow, Jasper and Witte, Maximilian},
  journal={arXiv:2301.01768},
  year={2023}
}

@article{rozado2023danger,
  title={{Danger in the Machine: The Perils of Political and Demographic Biases Embedded in AI Systems}},
  author={Rozado, David},
  year={2023}
}

@article{lecun23,
  title={{Do Large Language Models Need Sensory Grounding for Meaning and Understanding?}},
  author={LeCun, Yann},
  year={2023},
  journal={Courant Institute \& Center for Data Science, New York University}
}

@article{mcgee2023chat,
  title={{Is Chat GPT Biased against Conservatives? An Empirical Study}},
  author={McGee, Robert W},
  year={2023}
}

@article{mcgee2023were,
  title={{Who Were the 10 Best and 10 Worst US Presidents? The Opinion of Chat GPT (Artificial Intelligence)}},
  author={McGee, Robert W},
  year={2023}
}

@article{rutinowski2024self,
  title={The Self-Perception and Political Biases of ChatGPT},
  author={Rutinowski, J{\'e}r{\^o}me and Franke, Sven and Endendyk, Jan and Dormuth, Ina and Roidl, Moritz and Pauly, Markus},
  journal={Human Behavior and Emerging Technologies},
  volume={2024},
  number={1},
  pages={7115633},
  year={2024},
  publisher={Wiley Online Library}
}

@article{gupta2025comparative,
  title={Comparative Analysis of DeepSeek R1, ChatGPT, Gemini, Alibaba, and LLaMA: Performance, Reasoning Capabilities, and Political Bias},
  author={Gupta, Ragav},
  journal={Authorea Preprints},
  year={2025},
  publisher={Authorea}
}

@misc{ChatGPT2025,
  author = {{ChatGPT}},
  title = {Response on Convolutional Neural Networks (CNNs)},
  year = {2025},
  howpublished = {Conversation with {OpenAI}'s ChatGPT (Version Feb 12, 2025)},
  note = {Accessed: 2025-02-12}
}

@misc{deepseek2025,
  author = {{DeepSeek}},
  title = {DeepSeek: Open-Source Large Language Model},
  year = {2025},
  url = {https://deepseek.com},
  note = {Accessed: 2025-02-14}
}

@article{aibias,
	author = {Peters, Uwe},
	doi = {10.1007/s13347-022-00512-8},
	journal = {Philosophy \& Technology},
	title = {{Algorithmic Political Bias in Artificial Intelligence Systems}},
	volume = {35},
	year = {2022},
	bdsk-url-1 = {https://doi.org/10.1007/s13347-022-00512-8}}

@article{guo2025deepseek,
  title={Deepseek-r1: Incentivizing reasoning capability in llms via reinforcement learning},
  author={Guo, Daya and Yang, Dejian and Zhang, Haowei and Song, Junxiao and Zhang, Ruoyu and Xu, Runxin and Zhu, Qihao and Ma, Shirong and Wang, Peiyi and Bi, Xiao and others},
  journal={arXiv preprint arXiv:2501.12948},
  year={2025}
}

@article{liu2022quantifying,
  title={{Quantifying and Alleviating Political Bias in Language Models}},
  author={Liu, Ruibo and Jia, Chenyan and Wei, Jason and Xu, Guangxuan and Vosoughi, Soroush},
  journal={Artificial Intelligence},
  volume={304},
  year={2022},
  publisher={Elsevier}
}