@article{cain2010start,
  title={When to start treatment? A systematic approach to the comparison of dynamic regimes using observational data},
  author={Cain, Lauren E and Robins, James M and Lanoy, Emilie and Logan, Roger and Costagliola, Dominique and Hern{\'a}n, Miguel A},
  journal={The international journal of biostatistics},
  volume={6},
  number={2},
  year={2010},
  publisher={De Gruyter}
}

@article{dong2018banditsum,
  title={Banditsum: Extractive summarization as a contextual bandit},
  author={Dong, Yue and Shen, Yikang and Crawford, Eric and van Hoof, Herke and Cheung, Jackie Chi Kit},
  journal={arXiv preprint arXiv:1809.09672},
  year={2018}
}

@article{egami2022make,
  title={How to make causal inferences using texts},
  author={Egami, Naoki and Fong, Christian J and Grimmer, Justin and Roberts, Margaret E and Stewart, Brandon M},
  journal={Science Advances},
  volume={8},
  number={42},
  pages={eabg2652},
  year={2022},
  publisher={American Association for the Advancement of Science}
}

@article{gu2021memsum,
  title={MemSum: Extractive summarization of long documents using multi-step episodic Markov decision processes},
  author={Gu, Nianlong and Ash, Elliott and Hahnloser, Richard HR},
  journal={arXiv preprint arXiv:2107.08929},
  year={2021}
}

@article{he2015deep,
  title={Deep reinforcement learning with a natural language action space},
  author={He, Ji and Chen, Jianshu and He, Xiaodong and Gao, Jianfeng and Li, Lihong and Deng, Li and Ostendorf, Mari},
  journal={arXiv preprint arXiv:1511.04636},
  year={2015}
}

@article{huang2021transmart,
  title={Transmart: A practical interactive machine translation system},
  author={Huang, Guoping and Liu, Lemao and Wang, Xing and Wang, Longyue and Li, Huayang and Tu, Zhaopeng and Huang, Chengyan and Shi, Shuming},
  journal={arXiv preprint arXiv:2105.13072},
  year={2021}
}

@article{imai2024causal,
  title={Causal Representation Learning with Generative Artificial Intelligence: Application to Texts as Treatments},
  author={Imai, Kosuke and Nakamura, Kentaro},
  journal={arXiv preprint arXiv:2410.00903},
  year={2024}
}

@inproceedings{kim2021counterfactual,
  title={Counterfactual fairness with disentangled causal effect variational autoencoder},
  author={Kim, Hyemi and Shin, Seungjae and Jang, JoonHo and Song, Kyungwoo and Joo, Weonyoung and Kang, Wanmo and Moon, Il-Chul},
  booktitle={Proceedings of the AAAI Conference on Artificial Intelligence},
  volume={35},
  number={9},
  pages={8128--8136},
  year={2021}
}

@article{lam2019interactive,
  title={Interactive-predictive neural machine translation through reinforcement and imitation},
  author={Lam, Tsz Kin and Schamoni, Shigehiko and Riezler, Stefan},
  journal={arXiv preprint arXiv:1907.02326},
  year={2019}
}

@article{lei2012smart,
  title={A" SMART" design for building individualized treatment sequences},
  author={Lei, Huitan and Nahum-Shani, Inbal and Lynch, Kevin and Oslin, David and Murphy, Susan A},
  journal={Annual review of clinical psychology},
  volume={8},
  number={1},
  pages={21--48},
  year={2012},
  publisher={Annual Reviews}
}

@article{louizos2017causal,
  title={Causal effect inference with deep latent-variable models},
  author={Louizos, Christos and Shalit, Uri and Mooij, Joris M and Sontag, David and Zemel, Richard and Welling, Max},
  journal={Advances in neural information processing systems},
  volume={30},
  year={2017}
}

@article{moodie2012q,
  title={Q-learning for estimating optimal dynamic treatment rules from observational data},
  author={Moodie, Erica EM and Chakraborty, Bibhas and Kramer, Michael S},
  journal={Canadian Journal of Statistics},
  volume={40},
  number={4},
  pages={629--645},
  year={2012},
  publisher={Wiley Online Library}
}

@article{peng2017composite,
  title={Composite task-completion dialogue policy learning via hierarchical deep reinforcement learning},
  author={Peng, Baolin and Li, Xiujun and Li, Lihong and Gao, Jianfeng and Celikyilmaz, Asli and Lee, Sungjin and Wong, Kam-Fai},
  journal={arXiv preprint arXiv:1704.03084},
  year={2017}
}

@article{pryzant2020causal,
  title={Causal effects of linguistic properties},
  author={Pryzant, Reid and Card, Dallas and Jurafsky, Dan and Veitch, Victor and Sridhar, Dhanya},
  journal={arXiv preprint arXiv:2010.12919},
  year={2020}
}

@inproceedings{veitch2020adapting,
  title={Adapting text embeddings for causal inference},
  author={Veitch, Victor and Sridhar, Dhanya and Blei, David},
  booktitle={Conference on Uncertainty in Artificial Intelligence},
  pages={919--928},
  year={2020},
  organization={PMLR}
}

@article{wahed2004optimal,
  title={Optimal estimator for the survival distribution and related quantities for treatment policies in two-stage randomization designs in clinical trials},
  author={Wahed, Abdus S and Tsiatis, Anastasios A},
  journal={Biometrics},
  volume={60},
  number={1},
  pages={124--133},
  year={2004},
  publisher={Oxford University Press}
}

@article{wang2021desiderata,
  title={Desiderata for representation learning: A causal perspective},
  author={Wang, Yixin and Jordan, Michael I},
  journal={Journal of Machine Learning Research},
  volume={25},
  number={275},
  pages={1--65},
  year={2024}
}

@inproceedings{wang2024language,
  title={Language Model Adaption for Reinforcement Learning with Natural Language Action Space},
  author={Wang, Jiangxing and Li, Jiachen and Han, Xiao and Ye, Deheng and Lu, Zongqing},
  booktitle={Proceedings of the 62nd Annual Meeting of the Association for Computational Linguistics (Volume 1: Long Papers)},
  pages={1620--1634},
  year={2024}
}

@article{zhang2019budgeted,
  title={Budgeted policy learning for task-oriented dialogue systems},
  author={Zhang, Zhirui and Li, Xiujun and Gao, Jianfeng and Chen, Enhong},
  journal={arXiv preprint arXiv:1906.00499},
  year={2019}
}

@inproceedings{zhang2024causal,
  title={Causal Inference for Human-Language Model Collaboration},
  author={Zhang, Bohan and Wang, Yixin and Dhillon, Paramveer S},
  booktitle={Proceedings of the 2024 Conference of the North American Chapter of the Association for Computational Linguistics: Human Language Technologies (Volume 1: Long Papers)},
  pages={1630--1647},
  year={2024}
}

