@article{jiang2024mixtral,
  title={Mixtral of experts},
  author={Jiang, Albert Q and Sablayrolles, Alexandre and Roux, Antoine and Mensch, Arthur and Savary, Blanche and Bamford, Chris and Chaplot, Devendra Singh and Casas, Diego de las and Hanna, Emma Bou and Bressand, Florian and others},
  journal={arXiv preprint arXiv:2401.04088},
  year={2024}
}

@article{chen2021evaluating,
  title={Evaluating large language models trained on code},
  author={Chen, Mark and Tworek, Jerry and Jun, Heewoo and Yuan, Qiming and Pinto, Henrique Ponde de Oliveira and Kaplan, Jared and Edwards, Harri and Burda, Yuri and Joseph, Nicholas and Brockman, Greg and others},
  journal={arXiv preprint arXiv:2107.03374},
  year={2021}
}

@misc{eval-harness,
  author       = {Gao, Leo and Tow, Jonathan and Abbasi, Baber and Biderman, Stella and Black, Sid and DiPofi, Anthony and Foster, Charles and Golding, Laurence and Hsu, Jeffrey and Le Noac'h, Alain and Li, Haonan and McDonell, Kyle and Muennighoff, Niklas and Ociepa, Chris and Phang, Jason and Reynolds, Laria and Schoelkopf, Hailey and Skowron, Aviya and Sutawika, Lintang and Tang, Eric and Thite, Anish and Wang, Ben and Wang, Kevin and Zou, Andy},
  title        = {A framework for few-shot language model evaluation},
  month        = 12,
  year         = 2023,
  publisher    = {Zenodo},
  version      = {v0.4.0},
  doi          = {10.5281/zenodo.10256836},
  url          = {https://zenodo.org/records/10256836}
}

@article{groeneveld2024olmo,
  title={Olmo: Accelerating the science of language models},
  author={Groeneveld, Dirk and Beltagy, Iz and Walsh, Pete and Bhagia, Akshita and Kinney, Rodney and Tafjord, Oyvind and Jha, Ananya Harsh and Ivison, Hamish and Magnusson, Ian and Wang, Yizhong and others},
  journal={arXiv preprint arXiv:2402.00838},
  year={2024}
}

@article{liu2023llm360,
  title={Llm360: Towards fully transparent open-source llms},
  author={Liu, Zhengzhong and Qiao, Aurick and Neiswanger, Willie and Wang, Hongyi and Tan, Bowen and Tao, Tianhua and Li, Junbo and Wang, Yuqi and Sun, Suqi and Pangarkar, Omkar and others},
  journal={arXiv preprint arXiv:2312.06550},
  year={2023}
}

@article{bloom,
  author       = {Teven Le Scao and
                  Angela Fan and
                  Christopher Akiki and
                  Ellie Pavlick and
                  Suzana Ilic and
                  Daniel Hesslow and
                  Roman Castagn{\'{e}} and
                  Alexandra Sasha Luccioni and
                  Fran{\c{c}}ois Yvon and
                  Matthias Gall{\'{e}} and
                  Jonathan Tow and
                  Alexander M. Rush and
                  Stella Biderman and
                  Albert Webson and
                  Pawan Sasanka Ammanamanchi and
                  Thomas Wang and
                  Beno{\^{\i}}t Sagot and
                  Niklas Muennighoff and
                  Albert Villanova del Moral and
                  Olatunji Ruwase and
                  Rachel Bawden and
                  Stas Bekman and
                  Angelina McMillan{-}Major and
                  Iz Beltagy and
                  Huu Nguyen and
                  Lucile Saulnier and
                  Samson Tan and
                  Pedro Ortiz Suarez and
                  Victor Sanh and
                  Hugo Lauren{\c{c}}on and
                  Yacine Jernite and
                  Julien Launay and
                  Margaret Mitchell and
                  Colin Raffel and
                  Aaron Gokaslan and
                  Adi Simhi and
                  Aitor Soroa and
                  Alham Fikri Aji and
                  Amit Alfassy and
                  Anna Rogers and
                  Ariel Kreisberg Nitzav and
                  Canwen Xu and
                  Chenghao Mou and
                  Chris Emezue and
                  Christopher Klamm and
                  Colin Leong and
                  Daniel van Strien and
                  David Ifeoluwa Adelani and
                  et al.},
  title        = {{BLOOM:} {A} 176B-Parameter Open-Access Multilingual Language Model},
  journal      = {CoRR},
  volume       = {abs/2211.05100},
  year         = {2022},
  url          = {https://doi.org/10.48550/arXiv.2211.05100},
  doi          = {10.48550/arXiv.2211.05100},
  eprinttype    = {arXiv},
  eprint       = {2211.05100},
  timestamp    = {Wed, 07 Dec 2022 23:00:56 +0100},
  biburl       = {https://dblp.org/rec/journals/corr/abs-2211-05100.bib},
  bibsource    = {dblp computer science bibliography, https://dblp.org}
}


@software{gpt-neox-library,
  title = {{GPT-NeoX: Large Scale Autoregressive Language Modeling in PyTorch}},
  author = {Andonian, Alex and Anthony, Quentin and Biderman, Stella and Black, Sid and Gali, Preetham and Gao, Leo and Hallahan, Eric and Levy-Kramer, Josh and Leahy, Connor and Nestler, Lucas and Parker, Kip and Pieler, Michael and Phang, Jason and Purohit, Shivanshu and Schoelkopf, Hailey and Stander, Dashiell and Songz, Tri and Tigges, Curt and Thérien, Benjamin and Wang, Phil and Weinbach, Samuel},
  url = {https://www.github.com/eleutherai/gpt-neox},
  doi = {10.5281/zenodo.5879544},
  month = {9},
  year = {2023},
  version = {2.0.0},
}

@misc{claude21, title = {Our latest model, Claude 2.1, is now available over API in our Console and is powering our claude.ai chat experience}, author = {Claude}, year = {2023}, url = {https://claude.ai/blog/claude-2-1} }

@techreport{claude21modelcard, title = {Claude 2.1 Model Card}, author = {Claude}, year = {2023}, institution = {Claude Inc.}, url = {https://claude.ai/model-card/claude-2-1} }

@article{jiang2023mistral,
  title={Mistral 7B},
  author={Jiang, Albert Q and Sablayrolles, Alexandre and Mensch, Arthur and Bamford, Chris and Chaplot, Devendra Singh and Casas, Diego de las and Bressand, Florian and Lengyel, Gianna and Lample, Guillaume and Saulnier, Lucile and others},
  journal={arXiv preprint arXiv:2310.06825},
  year={2023}
}

@article{bai2023qwen,
  title={Qwen technical report},
  author={Bai, Jinze and Bai, Shuai and Chu, Yunfei and Cui, Zeyu and Dang, Kai and Deng, Xiaodong and Fan, Yang and Ge, Wenbin and Han, Yu and Huang, Fei and others},
  journal={arXiv preprint arXiv:2309.16609},
  year={2023}
}

@article{carlini2022quantifying,
  title={Quantifying memorization across neural language models},
  author={Carlini, Nicholas and Ippolito, Daphne and Jagielski, Matthew and Lee, Katherine and Tramer, Florian and Zhang, Chiyuan},
  journal={arXiv preprint arXiv:2202.07646},
  year={2022}
}

@inproceedings{sainz-etal-2023-nlp,
    title = "{NLP} Evaluation in trouble: On the Need to Measure {LLM} Data Contamination for each Benchmark",
    author = "Sainz, Oscar  and
      Campos, Jon  and
      Garc{\'\i}a-Ferrero, Iker  and
      Etxaniz, Julen  and
      de Lacalle, Oier Lopez  and
      Agirre, Eneko",
    editor = "Bouamor, Houda  and
      Pino, Juan  and
      Bali, Kalika",
    booktitle = "Findings of the Association for Computational Linguistics: EMNLP 2023",
    month = dec,
    year = "2023",
    address = "Singapore",
    publisher = "Association for Computational Linguistics",
    url = "https://aclanthology.org/2023.findings-emnlp.722",
    doi = "10.18653/v1/2023.findings-emnlp.722",
    pages = "10776--10787",
}

@article{zhang2022opt,
  title={Opt: Open pre-trained transformer language models},
  author={Zhang, Susan and Roller, Stephen and Goyal, Naman and Artetxe, Mikel and Chen, Moya and Chen, Shuohui and Dewan, Christopher and Diab, Mona and Li, Xian and Lin, Xi Victoria and others},
  journal={arXiv preprint arXiv:2205.01068},
  year={2022}
}

@misc{open-llm-leaderboard,
  author = {Edward Beeching and Clémentine Fourrier and Nathan Habib and Sheon Han and Nathan Lambert and Nazneen Rajani and Omar Sanseviero and Lewis Tunstall and Thomas Wolf},
  title = {Open LLM Leaderboard},
  year = {2023},
  publisher = {Hugging Face},
  howpublished = "\url{https://huggingface.co/spaces/HuggingFaceH4/open_llm_leaderboard}"
}

@inproceedings{biderman2023pythia,
  title={Pythia: A suite for analyzing large language models across training and scaling},
  author={Biderman, Stella and Schoelkopf, Hailey and Anthony, Quentin Gregory and Bradley, Herbie and O’Brien, Kyle and Hallahan, Eric and Khan, Mohammad Aflah and Purohit, Shivanshu and Prashanth, USVSN Sai and Raff, Edward and others},
  booktitle={International Conference on Machine Learning},
  pages={2397--2430},
  year={2023},
  organization={PMLR}
}

@article{sengupta2023jais,
  title={Jais and jais-chat: Arabic-centric foundation and instruction-tuned open generative large language models},
  author={Sengupta, Neha and Sahu, Sunil Kumar and Jia, Bokang and Katipomu, Satheesh and Li, Haonan and Koto, Fajri and Afzal, Osama Mohammed and Kamboj, Samta and Pandit, Onkar and Pal, Rahul and others},
  journal={arXiv preprint arXiv:2308.16149},
  year={2023}
}

@article{touvron2023llama,
  title={Llama: Open and efficient foundation language models},
  author={Touvron, Hugo and Lavril, Thibaut and Izacard, Gautier and Martinet, Xavier and Lachaux, Marie-Anne and Lacroix, Timoth{\'e}e and Rozi{\`e}re, Baptiste and Goyal, Naman and Hambro, Eric and Azhar, Faisal and others},
  journal={arXiv preprint arXiv:2302.13971},
  year={2023}
}

@article{touvron2023llama2,
  title={Llama 2: Open foundation and fine-tuned chat models},
  author={Touvron, Hugo and Martin, Louis and Stone, Kevin and Albert, Peter and Almahairi, Amjad and Babaei, Yasmine and Bashlykov, Nikolay and Batra, Soumya and Bhargava, Prajjwal and Bhosale, Shruti and others},
  journal={arXiv preprint arXiv:2307.09288},
  year={2023}
}

@article{penedo2023refinedweb,
  title={The RefinedWeb dataset for Falcon LLM: outperforming curated corpora with web data, and web data only},
  author={Penedo, Guilherme and Malartic, Quentin and Hesslow, Daniel and Cojocaru, Ruxandra and Cappelli, Alessandro and Alobeidli, Hamza and Pannier, Baptiste and Almazrouei, Ebtesam and Launay, Julien},
  journal={arXiv preprint arXiv:2306.01116},
  year={2023}
}
@article{zeng2023glm130b,
      title={GLM-130B: An Open Bilingual Pre-trained Model}, 
      author={Aohan Zeng and Xiao Liu and Zhengxiao Du and Zihan Wang and Hanyu Lai and Ming Ding and Zhuoyi Yang and Yifan Xu and Wendi Zheng and Xiao Xia and Weng Lam Tam and Zixuan Ma and Yufei Xue and Jidong Zhai and Wenguang Chen and Peng Zhang and Yuxiao Dong and Jie Tang},
      journal={arXiv preprint arXiv:2210.02414},
      year={2023},
      eprint={2210.02414},
      archivePrefix={arXiv},
      primaryClass={cs.CL}
}
@misc{openai2023gpt4,
      title={GPT-4 Technical Report}, 
      author={OpenAI},
      year={2023},
      eprint={2303.08774},
      archivePrefix={arXiv},
      primaryClass={cs.CL}
}

@misc{openai2024openaio1card,
      title={OpenAI o1 System Card}, 
      author={OpenAI and : and Aaron Jaech and Adam Kalai and Adam Lerer and Adam Richardson and Ahmed El-Kishky and Aiden Low and Alec Helyar and Aleksander Madry and Alex Beutel and Alex Carney and Alex Iftimie and Alex Karpenko and Alex Tachard Passos and Alexander Neitz and Alexander Prokofiev and Alexander Wei and Allison Tam and Ally Bennett and Ananya Kumar and Andre Saraiva and Andrea Vallone and Andrew Duberstein and Andrew Kondrich and Andrey Mishchenko and Andy Applebaum and Angela Jiang and Ashvin Nair and Barret Zoph and Behrooz Ghorbani and Ben Rossen and Benjamin Sokolowsky and Boaz Barak and Bob McGrew and Borys Minaiev and Botao Hao and others},
      year={2024},
      eprint={2412.16720},
      archivePrefix={arXiv},
      primaryClass={cs.AI},
      url={https://arxiv.org/abs/2412.16720}, 
}

@misc{aime,
      title={American invitational mathematics examination - aime.}, 
      author={MMA.},
      year={2024},
      month={Feburary},
      journal={American Invitational Mathematics Examination - AIME 2024},
      url = {https://maa.org/math-competitions/american-invitational-mathematics-examination-aime},
}

@misc{zhou2023dont,
      title={Don't Make Your LLM an Evaluation Benchmark Cheater}, 
      author={Kun Zhou and Yutao Zhu and Zhipeng Chen and Wentong Chen and Wayne Xin Zhao and Xu Chen and Yankai Lin and Ji-Rong Wen and Jiawei Han},
      year={2023},
      eprint={2311.01964},
      archivePrefix={arXiv},
      primaryClass={cs.CL}
}

@misc{liu2020logiqachallengedatasetmachine,
      title={LogiQA: A Challenge Dataset for Machine Reading Comprehension with Logical Reasoning}, 
      author={Jian Liu and Leyang Cui and Hanmeng Liu and Dandan Huang and Yile Wang and Yue Zhang},
      year={2020},
      eprint={2007.08124},
      archivePrefix={arXiv},
      primaryClass={cs.CL},
      url={https://arxiv.org/abs/2007.08124}, 
}

@misc{liu2023evaluatinglogicalreasoningability,
      title={Evaluating the Logical Reasoning Ability of ChatGPT and GPT-4}, 
      author={Hanmeng Liu and Ruoxi Ning and Zhiyang Teng and Jian Liu and Qiji Zhou and Yue Zhang},
      year={2023},
      eprint={2304.03439},
      archivePrefix={arXiv},
      primaryClass={cs.CL},
      url={https://arxiv.org/abs/2304.03439}, 
}

@misc{almazrouei2023falcon,
      title={The Falcon Series of Open Language Models}, 
      author={Ebtesam Almazrouei and Hamza Alobeidli and Abdulaziz Alshamsi and Alessandro Cappelli and Ruxandra Cojocaru and Mérouane Debbah and Étienne Goffinet and Daniel Hesslow and Julien Launay and Quentin Malartic and Daniele Mazzotta and Badreddine Noune and Baptiste Pannier and Guilherme Penedo},
      year={2023},
      eprint={2311.16867},
      archivePrefix={arXiv},
      primaryClass={cs.CL}
}

@software{01ai2023yi,
  author = {01.ai},
  title = {01-ai/Yi: A series of large language models trained from scratch by developers @01-ai},
  month = November,
  year = 2023,
  url = {https://github.com/01-ai/Yi}
}

@misc{black2022gptneox20b,
      title={GPT-NeoX-20B: An Open-Source Autoregressive Language Model}, 
      author={Sid Black and Stella Biderman and Eric Hallahan and Quentin Anthony and Leo Gao and Laurence Golding and Horace He and Connor Leahy and Kyle McDonell and Jason Phang and Michael Pieler and USVSN Sai Prashanth and Shivanshu Purohit and Laria Reynolds and Jonathan Tow and Ben Wang and Samuel Weinbach},
      year={2022},
      eprint={2204.06745},
      archivePrefix={arXiv},
      primaryClass={cs.CL}
}


@misc{zheng2023judging,
      title={Judging LLM-as-a-judge with MT-Bench and Chatbot Arena},
      author={Lianmin Zheng and Wei-Lin Chiang and Ying Sheng and Siyuan Zhuang and Zhanghao Wu and Yonghao Zhuang and Zi Lin and Zhuohan Li and Dacheng Li and Eric. P Xing and Hao Zhang and Joseph E. Gonzalez and Ion Stoica},
      year={2023},
      eprint={2306.05685},
      archivePrefix={arXiv},
      primaryClass={cs.CL}
}
@misc{snowflakearcticweb,
    title = {Snowflake Arctic: The Best LLM for Enterprise AI - Efficiently Intelligent, Truly Open},
    url = {https://www.snowflake.com/blog/arctic-open-efficient-foundation-language-models-snowflake/},
    author = {Snowflake, AI Research Team},
    year = {2024},
    note = {Accessed on May 28, 2024}
}


@inproceedings{mmlu,
  author       = {Dan Hendrycks and
                  Collin Burns and
                  Steven Basart and
                  Andy Zou and
                  Mantas Mazeika and
                  Dawn Song and
                  Jacob Steinhardt},
  title        = {Measuring Massive Multitask Language Understanding},
  booktitle    = {9th International Conference on Learning Representations, {ICLR} 2021,
                  Virtual Event, Austria, May 3-7, 2021},
  publisher    = {OpenReview.net},
  year         = {2021},
  url          = {https://openreview.net/forum?id=d7KBjmI3GmQ},
  timestamp    = {Wed, 23 Jun 2021 17:36:39 +0200},
  biburl       = {https://dblp.org/rec/conf/iclr/HendrycksBBZMSS21.bib},
  bibsource    = {dblp computer science bibliography, https://dblp.org}
}

@article{cmmlu,
      title={CMMLU: Measuring massive multitask language understanding in Chinese}, 
      author={Haonan Li and Yixuan Zhang and Fajri Koto and Yifei Yang and Hai Zhao and Yeyun Gong and Nan Duan and Timothy Baldwin},
      year={2023},
      journal      = {CoRR},
      eprint={2306.09212},
      archivePrefix={arXiv},
      primaryClass={cs.CL}
}

@article{gsm8k,
  author       = {Karl Cobbe and
                  Vineet Kosaraju and
                  Mohammad Bavarian and
                  Jacob Hilton and
                  Reiichiro Nakano and
                  Christopher Hesse and
                  John Schulman},
  title        = {Training Verifiers to Solve Math Word Problems},
  journal      = {CoRR},
  volume       = {abs/2110.14168},
  year         = {2021},
  url          = {https://arxiv.org/abs/2110.14168},
  eprinttype    = {arXiv},
  eprint       = {2110.14168},
  timestamp    = {Fri, 29 Oct 2021 10:49:32 +0200},
  biburl       = {https://dblp.org/rec/journals/corr/abs-2110-14168.bib},
  bibsource    = {dblp computer science bibliography, https://dblp.org}
}

% DBLP:journals/corr/abs-2108-07732
@article{mbpp,
  author       = {Jacob Austin and
                  Augustus Odena and
                  Maxwell I. Nye and
                  Maarten Bosma and
                  Henryk Michalewski and
                  David Dohan and
                  Ellen Jiang and
                  Carrie J. Cai and
                  Michael Terry and
                  Quoc V. Le and
                  Charles Sutton},
  title        = {Program Synthesis with Large Language Models},
  journal      = {CoRR},
  volume       = {abs/2108.07732},
  year         = {2021},
  url          = {https://arxiv.org/abs/2108.07732},
  eprinttype    = {arXiv},
  eprint       = {2108.07732},
  timestamp    = {Fri, 29 Apr 2022 17:42:58 +0200},
  biburl       = {https://dblp.org/rec/journals/corr/abs-2108-07732.bib},
  bibsource    = {dblp computer science bibliography, https://dblp.org}
}


@inproceedings{du2022glm,
  title={{GLM}: General Language Model Pretraining with Autoregressive Blank Infilling},
  author={Du, Zhengxiao and Qian, Yujie and Liu, Xiao and Ding, Ming and Qiu, Jiezhong and Yang, Zhilin and Tang, Jie},
  booktitle={Proceedings of the 60th Annual Meeting of the Association for Computational Linguistics (Volume 1: Long Papers)},
  pages={320--335},
  year={2022}
}
% DBLP:conf/acl/LinHE22
@inproceedings{truthfulqa,
  author       = {Stephanie Lin and
                  Jacob Hilton and
                  Owain Evans},
  editor       = {Smaranda Muresan and
                  Preslav Nakov and
                  Aline Villavicencio},
  title        = {TruthfulQA: Measuring How Models Mimic Human Falsehoods},
  booktitle    = {Proceedings of the 60th Annual Meeting of the Association for Computational
                  Linguistics (Volume 1: Long Papers), {ACL} 2022, Dublin, Ireland,
                  May 22-27, 2022},
  pages        = {3214--3252},
  publisher    = {Association for Computational Linguistics},
  year         = {2022},
  url          = {https://doi.org/10.18653/v1/2022.acl-long.229},
  doi          = {10.18653/v1/2022.acl-long.229},
  timestamp    = {Mon, 01 Aug 2022 16:27:45 +0200},
  biburl       = {https://dblp.org/rec/conf/acl/LinHE22.bib},
  bibsource    = {dblp computer science bibliography, https://dblp.org}
}

% DBLP:conf/acl/ZellersHBFC19
@inproceedings{hellaswag,
  author       = {Rowan Zellers and
                  Ari Holtzman and
                  Yonatan Bisk and
                  Ali Farhadi and
                  Yejin Choi},
  editor       = {Anna Korhonen and
                  David R. Traum and
                  Llu{\'{\i}}s M{\`{a}}rquez},
  title        = {HellaSwag: Can a Machine Really Finish Your Sentence?},
  booktitle    = {Proceedings of the 57th Conference of the Association for Computational
                  Linguistics, {ACL} 2019, Florence, Italy, July 28- August 2, 2019,
                  Volume 1: Long Papers},
  pages        = {4791--4800},
  publisher    = {Association for Computational Linguistics},
  year         = {2019},
  url          = {https://doi.org/10.18653/v1/p19-1472},
  doi          = {10.18653/v1/p19-1472},
  timestamp    = {Sat, 29 Apr 2023 10:09:26 +0200},
  biburl       = {https://dblp.org/rec/conf/acl/ZellersHBFC19.bib},
  bibsource    = {dblp computer science bibliography, https://dblp.org}
}

% DBLP:conf/nips/HendrycksBKABTS21
@inproceedings{math,
  author       = {Dan Hendrycks and
                  Collin Burns and
                  Saurav Kadavath and
                  Akul Arora and
                  Steven Basart and
                  Eric Tang and
                  Dawn Song and
                  Jacob Steinhardt},
  editor       = {Joaquin Vanschoren and
                  Sai{-}Kit Yeung},
  title        = {Measuring Mathematical Problem Solving With the {MATH} Dataset},
  booktitle    = {Proceedings of the Neural Information Processing Systems Track on
                  Datasets and Benchmarks 1, NeurIPS Datasets and Benchmarks 2021, December
                  2021, virtual},
  year         = {2021},
  url          = {https://datasets-benchmarks-proceedings.neurips.cc/paper/2021/hash/be83ab3ecd0db773eb2dc1b0a17836a1-Abstract-round2.html},
  timestamp    = {Thu, 05 May 2022 16:53:59 +0200},
  biburl       = {https://dblp.org/rec/conf/nips/HendrycksBKABTS21.bib},
  bibsource    = {dblp computer science bibliography, https://dblp.org}
}

@misc{wang2024innovativethinkinginfinitehumor,
      title={Innovative Thinking, Infinite Humor: Humor Research of Large Language Models through Structured Thought Leaps}, 
      author={Han Wang and Yilin Zhao and Dian Li and Xiaohan Wang and Gang Liu and Xuguang Lan and Hui Wang},
      year={2024},
      eprint={2410.10370},
      archivePrefix={arXiv},
      primaryClass={cs.AI},
      url={https://arxiv.org/abs/2410.10370}, 
}

@misc{phan2025humanitysexam,
      title={Humanity's Last Exam}, 
      author={Long Phan and Alice Gatti and Ziwen Han and Nathaniel Li and Josephina Hu and Hugh Zhang and Chen Bo Calvin Zhang and Mohamed Shaaban and John Ling and Sean Shi and Michael Choi and Anish Agrawal and Arnav Chopra and Adam Khoja and Ryan Kim and Richard Ren and Jason Hausenloy and Oliver Zhang and Mantas Mazeika and Tung Nguyen and Daron Anderson and Imad Ali Shah and Mikhail Doroshenko and Alun Cennyth Stokes and Mobeen Mahmood and others},
      year={2025},
      eprint={2501.14249},
      archivePrefix={arXiv},
      primaryClass={cs.LG},
      url={https://arxiv.org/abs/2501.14249}, 
}

% DBLP:journals/corr/abs-2107-03374
@article{humaneval,
  author       = {Mark Chen and
                  Jerry Tworek and
                  Heewoo Jun and
                  Qiming Yuan and
                  Henrique Pond{\'{e}} de Oliveira Pinto and
                  Jared Kaplan and
                  Harrison Edwards and
                  Yuri Burda and
                  Nicholas Joseph and
                  Greg Brockman and
                  Alex Ray and
                  Raul Puri and
                  Gretchen Krueger and
                  Michael Petrov and
                  Heidy Khlaaf and
                  Girish Sastry and
                  Pamela Mishkin and
                  Brooke Chan and
                  Scott Gray and
                  Nick Ryder and
                  Mikhail Pavlov and
                  Alethea Power and
                  Lukasz Kaiser and
                  Mohammad Bavarian and
                  Clemens Winter and
                  Philippe Tillet and
                  Felipe Petroski Such and
                  Dave Cummings and
                  Matthias Plappert and
                  Fotios Chantzis and
                  Elizabeth Barnes and
                  Ariel Herbert{-}Voss and
                  William Hebgen Guss and
                  Alex Nichol and
                  Alex Paino and
                  Nikolas Tezak and
                  Jie Tang and
                  Igor Babuschkin and
                  Suchir Balaji and
                  Shantanu Jain and
                  William Saunders and
                  Christopher Hesse and
                  Andrew N. Carr and
                  Jan Leike and
                  Joshua Achiam and
                  Vedant Misra and
                  Evan Morikawa and
                  Alec Radford and
                  Matthew Knight and
                  Miles Brundage and
                  Mira Murati and
                  Katie Mayer and
                  Peter Welinder and
                  Bob McGrew and
                  Dario Amodei and
                  Sam McCandlish and
                  Ilya Sutskever and
                  Wojciech Zaremba},
  title        = {Evaluating Large Language Models Trained on Code},
  journal      = {CoRR},
  volume       = {abs/2107.03374},
  year         = {2021},
  url          = {https://arxiv.org/abs/2107.03374},
  eprinttype    = {arXiv},
  eprint       = {2107.03374},
  timestamp    = {Thu, 25 May 2023 10:38:31 +0200},
  biburl       = {https://dblp.org/rec/journals/corr/abs-2107-03374.bib},
  bibsource    = {dblp computer science bibliography, https://dblp.org}
}

%DBLP:journals/corr/abs-1803-05457
@article{arc,
  author       = {Peter Clark and
                  Isaac Cowhey and
                  Oren Etzioni and
                  Tushar Khot and
                  Ashish Sabharwal and
                  Carissa Schoenick and
                  Oyvind Tafjord},
  title        = {Think you have Solved Question Answering? Try ARC, the {AI2} Reasoning
                  Challenge},
  journal      = {CoRR},
  volume       = {abs/1803.05457},
  year         = {2018},
  url          = {http://arxiv.org/abs/1803.05457},
  eprinttype    = {arXiv},
  eprint       = {1803.05457},
  timestamp    = {Mon, 13 Aug 2018 16:48:43 +0200},
  biburl       = {https://dblp.org/rec/journals/corr/abs-1803-05457.bib},
  bibsource    = {dblp computer science bibliography, https://dblp.org}
}

@inproceedings{commonsenseqa,
    title = "{C}ommonsense{QA}: A Question Answering Challenge Targeting Commonsense Knowledge",
    author = "Talmor, Alon  and
      Herzig, Jonathan  and
      Lourie, Nicholas  and
      Berant, Jonathan",
    booktitle = "Proceedings of the 2019 Conference of the North {A}merican Chapter of the Association for Computational Linguistics: Human Language Technologies, Volume 1 (Long and Short Papers)",
    month = jun,
    year = "2019",
    address = "Minneapolis, Minnesota",
    publisher = "Association for Computational Linguistics",
    url = "https://aclanthology.org/N19-1421",
    doi = "10.18653/v1/N19-1421",
    pages = "4149--4158",

}

@inproceedings{winogrande,
  author       = {Keisuke Sakaguchi and
                  Ronan Le Bras and
                  Chandra Bhagavatula and
                  Yejin Choi},
  title        = {WinoGrande: An Adversarial Winograd Schema Challenge at Scale},
  booktitle    = {The Thirty-Fourth {AAAI} Conference on Artificial Intelligence, {AAAI}
                  2020, The Thirty-Second Innovative Applications of Artificial Intelligence
                  Conference, {IAAI} 2020, The Tenth {AAAI} Symposium on Educational
                  Advances in Artificial Intelligence, {EAAI} 2020, New York, NY, USA,
                  February 7-12, 2020},
  pages        = {8732--8740},
  publisher    = {{AAAI} Press},
  year         = {2020},
  url          = {https://ojs.aaai.org/index.php/AAAI/article/view/6399},
  timestamp    = {Sat, 29 Apr 2023 10:09:26 +0200},
  biburl       = {https://dblp.org/rec/conf/aaai/SakaguchiBBC20.bib},
  bibsource    = {dblp computer science bibliography, https://dblp.org}
}


@inproceedings{Bisk2020,
  author = {Yonatan Bisk and Rowan Zellers and
            Ronan Le Bras and Jianfeng Gao
            and Yejin Choi},
  title = {PIQA: Reasoning about Physical Commonsense in
           Natural Language},
  booktitle = {Thirty-Fourth AAAI Conference on
               Artificial Intelligence},
  year = {2020},
}

@article{reddy-etal-2019-coqa,
    title = "{C}o{QA}: A Conversational Question Answering Challenge",
    author = "Reddy, Siva  and
      Chen, Danqi  and
      Manning, Christopher D.",
    journal = "Transactions of the Association for Computational Linguistics",
    volume = "7",
    year = "2019",
    address = "Cambridge, MA",
    publisher = "MIT Press",
    url = "https://aclanthology.org/Q19-1016",
    doi = "10.1162/tacl_a_00266",
    pages = "249--266",
}
@inproceedings{clark2019boolq,
  title =     {BoolQ: Exploring the Surprising Difficulty of Natural Yes/No Questions},
  author =    {Christopher Clark and Kenton Lee and Ming-Wei Chang and Tom Kwiatkowski and Michael Collins and Kristina Toutanova},
  booktitle = {NAACL},
  year =      {2019},
}

@article{lai2017large,
    title={RACE: Large-scale ReAding Comprehension Dataset From Examinations},
    author={Lai, Guokun and Xie, Qizhe and Liu, Hanxiao and Yang, Yiming and Hovy, Eduard},
    journal={arXiv preprint arXiv:1704.04683},  
    year={2017}
}

@inproceedings{OpenBookQA2018,
 title={Can a Suit of Armor Conduct Electricity? A New Dataset for Open Book Question Answering},
 author={Todor Mihaylov and Peter Clark and Tushar Khot and Ashish Sabharwal},
 booktitle={EMNLP},
 year={2018}
}
@misc{suzgun2022challenging,
      title={Challenging BIG-Bench Tasks and Whether Chain-of-Thought Can Solve Them}, 
      author={Mirac Suzgun and Nathan Scales and Nathanael Schärli and Sebastian Gehrmann and Yi Tay and Hyung Won Chung and Aakanksha Chowdhery and Quoc V. Le and Ed H. Chi and Denny Zhou and Jason Wei},
      year={2022},
      eprint={2210.09261},
      archivePrefix={arXiv},
      primaryClass={cs.CL}
}
@ARTICLE{logiqa2,
  author={Liu, Hanmeng and Liu, Jian and Cui, Leyang and Teng, Zhiyang and Duan, Nan and Zhou, Ming and Zhang, Yue},
  journal={IEEE/ACM Transactions on Audio, Speech, and Language Processing}, 
  title={LogiQA 2.0—An Improved Dataset for Logical Reasoning in Natural Language Understanding}, 
  year={2023},
  volume={31},
  number={},
  pages={2947-2962},
  keywords={Cognition;Task analysis;Lifting equipment;Remuneration;Education;Rain;Benchmark testing;Reading comprehension;logical reasoning;natural language inference;textual inference},
  doi={10.1109/TASLP.2023.3293046}}

@misc{amini2019mathqa,
      title={MathQA: Towards Interpretable Math Word Problem Solving with Operation-Based Formalisms}, 
      author={Aida Amini and Saadia Gabriel and Peter Lin and Rik Koncel-Kedziorski and Yejin Choi and Hannaneh Hajishirzi},
      year={2019},
      eprint={1905.13319},
      archivePrefix={arXiv},
      primaryClass={cs.CL}
}
@misc{paster2023openwebmath,
      title={OpenWebMath: An Open Dataset of High-Quality Mathematical Web Text}, 
      author={Keiran Paster and Marco Dos Santos and Zhangir Azerbayev and Jimmy Ba},
      year={2023},
      eprint={2310.06786},
      archivePrefix={arXiv},
      primaryClass={cs.AI}
}

@inproceedings{nangia2020crows,
    title = "{CrowS-Pairs: A Challenge Dataset for Measuring Social Biases in Masked Language Models}",
    author = "Nangia, Nikita  and
      Vania, Clara  and
      Bhalerao, Rasika  and
      Bowman, Samuel R.",
    booktitle = "Proceedings of the 2020 Conference on Empirical Methods in Natural Language Processing",
    month = nov,
    year = "2020",
    address = "Online",
    publisher = "Association for Computational Linguistics"
}

@misc{bai2023qwenRepeated,
      title={Qwen Technical Report}, 
      author={Jinze Bai and Shuai Bai and Yunfei Chu and Zeyu Cui and Kai Dang and Xiaodong Deng and Yang Fan and Wenbin Ge and Yu Han and Fei Huang and Binyuan Hui and Luo Ji and Mei Li and Junyang Lin and Runji Lin and Dayiheng Liu and Gao Liu and Chengqiang Lu and Keming Lu and Jianxin Ma and Rui Men and Xingzhang Ren and Xuancheng Ren and Chuanqi Tan and Sinan Tan and Jianhong Tu and Peng Wang and Shijie Wang and Wei Wang and Shengguang Wu and Benfeng Xu and Jin Xu and An Yang and Hao Yang and Jian Yang and Shusheng Yang and Yang Yao and Bowen Yu and Hongyi Yuan and Zheng Yuan and Jianwei Zhang and Xingxuan Zhang and Yichang Zhang and Zhenru Zhang and Chang Zhou and Jingren Zhou and Xiaohuan Zhou and Tianhang Zhu},
      year={2023},
      eprint={2309.16609},
      archivePrefix={arXiv},
      primaryClass={cs.CL}
}

@article{deepseek-llm,
  author = {DeepSeek-AI},
  title = {DeepSeek LLM: Scaling Open-Source Language Models with Longtermism},
  journal = {arXiv preprint arXiv:2401.02954},
  year = {2024},
  url = {https://github.com/deepseek-ai/DeepSeek-LLM}
}

@misc{llama3,
  author = {{Meta AI}},
  title = {Introducing Meta Llama 3: The most capable openly available LLM to date},
  year = {2024},
  url = {https://ai.meta.com/blog/meta-llama-3/}
}

@misc{bai2024coigcqia,
      title={COIG-CQIA: Quality is All You Need for Chinese Instruction Fine-tuning}, 
      author={Yuelin Bai and Xinrun Du and Yiming Liang and Yonggang Jin and Ziqiang Liu and Junting Zhou and Tianyu Zheng and Xincheng Zhang and Nuo Ma and Zekun Wang and Ruibin Yuan and Haihong Wu and Hongquan Lin and Wenhao Huang and Jiajun Zhang and Wenhu Chen and Chenghua Lin and Jie Fu and Min Yang and Shiwen Ni and Ge Zhang},
      year={2024},
      eprint={2403.18058},
      archivePrefix={arXiv},
      primaryClass={cs.CL}
}

@misc{alpaca_eval,
  author = {Xuechen Li and Tianyi Zhang and Yann Dubois and Rohan Taori and Ishaan Gulrajani and Carlos Guestrin and Percy Liang and Tatsunori B. Hashimoto },
  title = {AlpacaEval: An Automatic Evaluator of Instruction-following Models},
  year = {2023},
  month = {5},
  publisher = {GitHub},
  journal = {GitHub repository},
  howpublished = {\url{https://github.com/tatsu-lab/alpaca_eval}}
}

@misc{deepseekai2025deepseekr1incentivizingreasoningcapability,
      title={DeepSeek-R1: Incentivizing Reasoning Capability in LLMs via Reinforcement Learning}, 
      author={DeepSeek-AI and Daya Guo and Dejian Yang and Haowei Zhang and Junxiao Song and Ruoyu Zhang and Runxin Xu and Qihao Zhu and Shirong Ma and Peiyi Wang and Xiao Bi and Xiaokang Zhang and Xingkai Yu and Yu Wu and Z. F. Wu and Zhibin Gou and Zhihong Shao and Zhuoshu Li and Ziyi Gao and Aixin Liu and Bing Xue and Bingxuan Wang and Bochao Wu and Bei Feng and Chengda Lu and Chenggang Zhao and Chengqi Deng and Chenyu Zhang and Chong Ruan and Damai Dai and Deli Chen and Dongjie Ji and Erhang Li and Fangyun Lin and Fucong Dai and Fuli Luo and Guangbo Hao and Guanting Chen and Guowei Li and H. Zhang and Han Bao and Hanwei Xu and Haocheng Wang and Honghui Ding and Huajian Xin and Huazuo Gao and Hui Qu and Hui Li and Jianzhong Guo and Jiashi Li and Jiawei Wang and Jingchang Chen and Jingyang Yuan and Junjie Qiu and Junlong Li and J. L. Cai and Jiaqi Ni and Jian Liang and Jin Chen and Kai Dong and Kai Hu and Kaige Gao and Kang Guan and Kexin Huang and Kuai Yu and Lean Wang and Lecong Zhang and Liang Zhao and Litong Wang and Liyue Zhang and Lei Xu and Leyi Xia and Mingchuan Zhang and Minghua Zhang and Minghui Tang and Meng Li and Miaojun Wang and Mingming Li and Ning Tian and Panpan Huang and Peng Zhang and Qiancheng Wang and Qinyu Chen and Qiushi Du and Ruiqi Ge and Ruisong Zhang and Ruizhe Pan and Runji Wang and R. J. Chen and R. L. Jin and Ruyi Chen and Shanghao Lu and Shangyan Zhou and Shanhuang Chen and Shengfeng Ye and Shiyu Wang and Shuiping Yu and Shunfeng Zhou and Shuting Pan and S. S. Li and Shuang Zhou and Shaoqing Wu and Shengfeng Ye and Tao Yun and Tian Pei and Tianyu Sun and T. Wang and Wangding Zeng and Wanjia Zhao and Wen Liu and Wenfeng Liang and Wenjun Gao and Wenqin Yu and Wentao Zhang and W. L. Xiao and Wei An and Xiaodong Liu and Xiaohan Wang and Xiaokang Chen and Xiaotao Nie and Xin Cheng and Xin Liu and Xin Xie and Xingchao Liu and Xinyu Yang and Xinyuan Li and Xuecheng Su and Xuheng Lin and X. Q. Li and Xiangyue Jin and Xiaojin Shen and Xiaosha Chen and Xiaowen Sun and Xiaoxiang Wang and Xinnan Song and Xinyi Zhou and Xianzu Wang and Xinxia Shan and Y. K. Li and Y. Q. Wang and Y. X. Wei and Yang Zhang and Yanhong Xu and Yao Li and Yao Zhao and Yaofeng Sun and Yaohui Wang and Yi Yu and Yichao Zhang and Yifan Shi and Yiliang Xiong and Ying He and Yishi Piao and Yisong Wang and Yixuan Tan and Yiyang Ma and Yiyuan Liu and Yongqiang Guo and Yuan Ou and Yuduan Wang and Yue Gong and Yuheng Zou and Yujia He and Yunfan Xiong and Yuxiang Luo and Yuxiang You and Yuxuan Liu and Yuyang Zhou and Y. X. Zhu and Yanhong Xu and Yanping Huang and Yaohui Li and Yi Zheng and Yuchen Zhu and Yunxian Ma and Ying Tang and Yukun Zha and Yuting Yan and Z. Z. Ren and Zehui Ren and Zhangli Sha and Zhe Fu and Zhean Xu and Zhenda Xie and Zhengyan Zhang and Zhewen Hao and Zhicheng Ma and Zhigang Yan and Zhiyu Wu and Zihui Gu and Zijia Zhu and Zijun Liu and Zilin Li and Ziwei Xie and Ziyang Song and Zizheng Pan and Zhen Huang and Zhipeng Xu and Zhongyu Zhang and Zhen Zhang},
      year={2025},
      eprint={2501.12948},
      archivePrefix={arXiv},
      primaryClass={cs.CL},
      url={https://arxiv.org/abs/2501.12948}, 
}


@misc{lin2024baichuanalignmenttechnicalreport,
      title={Baichuan Alignment Technical Report}, 
      author={Mingan Lin and Fan Yang and Yanjun Shen and Haoze Sun and Tianpeng Li and Tao Zhang and Chenzheng Zhu and Tao Zhang and Miao Zheng and Xu Li and Yijie Zhou and Mingyang Chen and Yanzhao Qin and Youquan Li and Hao Liang and Fei Li and Yadong Li and Mang Wang and Guosheng Dong and Kun Fang and Jianhua Xu and Bin Cui and Wentao Zhang and Zenan Zhou and Weipeng Chen},
      year={2024},
      eprint={2410.14940},
      archivePrefix={arXiv},
      primaryClass={cs.LG},
      url={https://arxiv.org/abs/2410.14940}, 
}

@inproceedings{
li2024when,
title={When {LLM}s Meet Cunning Texts: A Fallacy Understanding Benchmark for Large Language Models},
author={Yinghui Li and Qingyu Zhou and Yuanzhen Luo and Shirong Ma and Yangning Li and Hai-Tao Zheng and Xuming Hu and Philip S. Yu},
booktitle={The Thirty-eight Conference on Neural Information Processing Systems Datasets and Benchmarks Track},
year={2024},
url={https://openreview.net/forum?id=Jaye8aWpmZ}
}


@misc{gemini,
      title={Gemini: A Family of Highly Capable Multimodal Models}, 
      author={Gemini Team},
      year={2024},
      eprint={2312.11805},
      archivePrefix={arXiv},
      primaryClass={cs.CL},
      url={https://arxiv.org/abs/2312.11805}, 
}

@inproceedings{lei-huang-2024-boosting,
    title = "Boosting Logical Fallacy Reasoning in {LLM}s via Logical Structure Tree",
    author = "Lei, Yuanyuan  and
      Huang, Ruihong",
    editor = "Al-Onaizan, Yaser  and
      Bansal, Mohit  and
      Chen, Yun-Nung",
    booktitle = "Proceedings of the 2024 Conference on Empirical Methods in Natural Language Processing",
    month = nov,
    year = "2024",
    address = "Miami, Florida, USA",
    publisher = "Association for Computational Linguistics",
    url = "https://aclanthology.org/2024.emnlp-main.730/",
    doi = "10.18653/v1/2024.emnlp-main.730",
    pages = "13157--13173",
}

@misc{payandeh2023susceptiblellmslogicalfallacies,
      title={How susceptible are LLMs to Logical Fallacies?}, 
      author={Amirreza Payandeh and Dan Pluth and Jordan Hosier and Xuesu Xiao and Vijay K. Gurbani},
      year={2023},
      eprint={2308.09853},
      archivePrefix={arXiv},
      primaryClass={cs.CL},
      url={https://arxiv.org/abs/2308.09853}, 
}

@misc{li2024reasonfallacyenhancinglarge,
      title={Reason from Fallacy: Enhancing Large Language Models' Logical Reasoning through Logical Fallacy Understanding}, 
      author={Yanda Li and Dixuan Wang and Jiaqing Liang and Guochao Jiang and Qianyu He and Yanghua Xiao and Deqing Yang},
      year={2024},
      eprint={2404.04293},
      archivePrefix={arXiv},
      primaryClass={cs.CL},
      url={https://arxiv.org/abs/2404.04293}, 
}