@inproceedings{Bisk2020,
  author = {Yonatan Bisk and Rowan Zellers and
            Ronan Le Bras and Jianfeng Gao
            and Yejin Choi},
  title = {PIQA: Reasoning about Physical Commonsense in
           Natural Language},
  booktitle = {Thirty-Fourth AAAI Conference on
               Artificial Intelligence},
  year = {2020},
}

@misc{aime,
      title={American invitational mathematics examination - aime.}, 
      author={MMA.},
      year={2024},
      month={Feburary},
      journal={American Invitational Mathematics Examination - AIME 2024},
      url = {https://maa.org/math-competitions/american-invitational-mathematics-examination-aime},
}

@article{arc,
  author       = {Peter Clark and
                  Isaac Cowhey and
                  Oren Etzioni and
                  Tushar Khot and
                  Ashish Sabharwal and
                  Carissa Schoenick and
                  Oyvind Tafjord},
  title        = {Think you have Solved Question Answering? Try ARC, the {AI2} Reasoning
                  Challenge},
  journal      = {CoRR},
  volume       = {abs/1803.05457},
  year         = {2018},
  url          = {http://arxiv.org/abs/1803.05457},
  eprinttype    = {arXiv},
  eprint       = {1803.05457},
  timestamp    = {Mon, 13 Aug 2018 16:48:43 +0200},
  biburl       = {https://dblp.org/rec/journals/corr/abs-1803-05457.bib},
  bibsource    = {dblp computer science bibliography, https://dblp.org}
}

@misc{bai2024coigcqia,
      title={COIG-CQIA: Quality is All You Need for Chinese Instruction Fine-tuning}, 
      author={Yuelin Bai and Xinrun Du and Yiming Liang and Yonggang Jin and Ziqiang Liu and Junting Zhou and Tianyu Zheng and Xincheng Zhang and Nuo Ma and Zekun Wang and Ruibin Yuan and Haihong Wu and Hongquan Lin and Wenhao Huang and Jiajun Zhang and Wenhu Chen and Chenghua Lin and Jie Fu and Min Yang and Shiwen Ni and Ge Zhang},
      year={2024},
      eprint={2403.18058},
      archivePrefix={arXiv},
      primaryClass={cs.CL}
}

@inproceedings{commonsenseqa,
    title = "{C}ommonsense{QA}: A Question Answering Challenge Targeting Commonsense Knowledge",
    author = "Talmor, Alon  and
      Herzig, Jonathan  and
      Lourie, Nicholas  and
      Berant, Jonathan",
    booktitle = "Proceedings of the 2019 Conference of the North {A}merican Chapter of the Association for Computational Linguistics: Human Language Technologies, Volume 1 (Long and Short Papers)",
    month = jun,
    year = "2019",
    address = "Minneapolis, Minnesota",
    publisher = "Association for Computational Linguistics",
    url = "https://aclanthology.org/N19-1421",
    doi = "10.18653/v1/N19-1421",
    pages = "4149--4158",

}

@misc{deepseekai2025deepseekr1incentivizingreasoningcapability,
      title={DeepSeek-R1: Incentivizing Reasoning Capability in LLMs via Reinforcement Learning}, 
      author={DeepSeek-AI and Daya Guo and Dejian Yang and Haowei Zhang and Junxiao Song and Ruoyu Zhang and Runxin Xu and Qihao Zhu and Shirong Ma and Peiyi Wang and Xiao Bi and Xiaokang Zhang and Xingkai Yu and Yu Wu and Z. F. Wu and Zhibin Gou and Zhihong Shao and Zhuoshu Li and Ziyi Gao and Aixin Liu and Bing Xue and Bingxuan Wang and Bochao Wu and Bei Feng and Chengda Lu and Chenggang Zhao and Chengqi Deng and Chenyu Zhang and Chong Ruan and Damai Dai and Deli Chen and Dongjie Ji and Erhang Li and Fangyun Lin and Fucong Dai and Fuli Luo and Guangbo Hao and Guanting Chen and Guowei Li and H. Zhang and Han Bao and Hanwei Xu and Haocheng Wang and Honghui Ding and Huajian Xin and Huazuo Gao and Hui Qu and Hui Li and Jianzhong Guo and Jiashi Li and Jiawei Wang and Jingchang Chen and Jingyang Yuan and Junjie Qiu and Junlong Li and J. L. Cai and Jiaqi Ni and Jian Liang and Jin Chen and Kai Dong and Kai Hu and Kaige Gao and Kang Guan and Kexin Huang and Kuai Yu and Lean Wang and Lecong Zhang and Liang Zhao and Litong Wang and Liyue Zhang and Lei Xu and Leyi Xia and Mingchuan Zhang and Minghua Zhang and Minghui Tang and Meng Li and Miaojun Wang and Mingming Li and Ning Tian and Panpan Huang and Peng Zhang and Qiancheng Wang and Qinyu Chen and Qiushi Du and Ruiqi Ge and Ruisong Zhang and Ruizhe Pan and Runji Wang and R. J. Chen and R. L. Jin and Ruyi Chen and Shanghao Lu and Shangyan Zhou and Shanhuang Chen and Shengfeng Ye and Shiyu Wang and Shuiping Yu and Shunfeng Zhou and Shuting Pan and S. S. Li and Shuang Zhou and Shaoqing Wu and Shengfeng Ye and Tao Yun and Tian Pei and Tianyu Sun and T. Wang and Wangding Zeng and Wanjia Zhao and Wen Liu and Wenfeng Liang and Wenjun Gao and Wenqin Yu and Wentao Zhang and W. L. Xiao and Wei An and Xiaodong Liu and Xiaohan Wang and Xiaokang Chen and Xiaotao Nie and Xin Cheng and Xin Liu and Xin Xie and Xingchao Liu and Xinyu Yang and Xinyuan Li and Xuecheng Su and Xuheng Lin and X. Q. Li and Xiangyue Jin and Xiaojin Shen and Xiaosha Chen and Xiaowen Sun and Xiaoxiang Wang and Xinnan Song and Xinyi Zhou and Xianzu Wang and Xinxia Shan and Y. K. Li and Y. Q. Wang and Y. X. Wei and Yang Zhang and Yanhong Xu and Yao Li and Yao Zhao and Yaofeng Sun and Yaohui Wang and Yi Yu and Yichao Zhang and Yifan Shi and Yiliang Xiong and Ying He and Yishi Piao and Yisong Wang and Yixuan Tan and Yiyang Ma and Yiyuan Liu and Yongqiang Guo and Yuan Ou and Yuduan Wang and Yue Gong and Yuheng Zou and Yujia He and Yunfan Xiong and Yuxiang Luo and Yuxiang You and Yuxuan Liu and Yuyang Zhou and Y. X. Zhu and Yanhong Xu and Yanping Huang and Yaohui Li and Yi Zheng and Yuchen Zhu and Yunxian Ma and Ying Tang and Yukun Zha and Yuting Yan and Z. Z. Ren and Zehui Ren and Zhangli Sha and Zhe Fu and Zhean Xu and Zhenda Xie and Zhengyan Zhang and Zhewen Hao and Zhicheng Ma and Zhigang Yan and Zhiyu Wu and Zihui Gu and Zijia Zhu and Zijun Liu and Zilin Li and Ziwei Xie and Ziyang Song and Zizheng Pan and Zhen Huang and Zhipeng Xu and Zhongyu Zhang and Zhen Zhang},
      year={2025},
      eprint={2501.12948},
      archivePrefix={arXiv},
      primaryClass={cs.CL},
      url={https://arxiv.org/abs/2501.12948}, 
}

@article{gsm8k,
  author       = {Karl Cobbe and
                  Vineet Kosaraju and
                  Mohammad Bavarian and
                  Jacob Hilton and
                  Reiichiro Nakano and
                  Christopher Hesse and
                  John Schulman},
  title        = {Training Verifiers to Solve Math Word Problems},
  journal      = {CoRR},
  volume       = {abs/2110.14168},
  year         = {2021},
  url          = {https://arxiv.org/abs/2110.14168},
  eprinttype    = {arXiv},
  eprint       = {2110.14168},
  timestamp    = {Fri, 29 Oct 2021 10:49:32 +0200},
  biburl       = {https://dblp.org/rec/journals/corr/abs-2110-14168.bib},
  bibsource    = {dblp computer science bibliography, https://dblp.org}
}

@inproceedings{hellaswag,
  author       = {Rowan Zellers and
                  Ari Holtzman and
                  Yonatan Bisk and
                  Ali Farhadi and
                  Yejin Choi},
  editor       = {Anna Korhonen and
                  David R. Traum and
                  Llu{\'{\i}}s M{\`{a}}rquez},
  title        = {HellaSwag: Can a Machine Really Finish Your Sentence?},
  booktitle    = {Proceedings of the 57th Conference of the Association for Computational
                  Linguistics, {ACL} 2019, Florence, Italy, July 28- August 2, 2019,
                  Volume 1: Long Papers},
  pages        = {4791--4800},
  publisher    = {Association for Computational Linguistics},
  year         = {2019},
  url          = {https://doi.org/10.18653/v1/p19-1472},
  doi          = {10.18653/v1/p19-1472},
  timestamp    = {Sat, 29 Apr 2023 10:09:26 +0200},
  biburl       = {https://dblp.org/rec/conf/acl/ZellersHBFC19.bib},
  bibsource    = {dblp computer science bibliography, https://dblp.org}
}

@article{humaneval,
  author       = {Mark Chen and
                  Jerry Tworek and
                  Heewoo Jun and
                  Qiming Yuan and
                  Henrique Pond{\'{e}} de Oliveira Pinto and
                  Jared Kaplan and
                  Harrison Edwards and
                  Yuri Burda and
                  Nicholas Joseph and
                  Greg Brockman and
                  Alex Ray and
                  Raul Puri and
                  Gretchen Krueger and
                  Michael Petrov and
                  Heidy Khlaaf and
                  Girish Sastry and
                  Pamela Mishkin and
                  Brooke Chan and
                  Scott Gray and
                  Nick Ryder and
                  Mikhail Pavlov and
                  Alethea Power and
                  Lukasz Kaiser and
                  Mohammad Bavarian and
                  Clemens Winter and
                  Philippe Tillet and
                  Felipe Petroski Such and
                  Dave Cummings and
                  Matthias Plappert and
                  Fotios Chantzis and
                  Elizabeth Barnes and
                  Ariel Herbert{-}Voss and
                  William Hebgen Guss and
                  Alex Nichol and
                  Alex Paino and
                  Nikolas Tezak and
                  Jie Tang and
                  Igor Babuschkin and
                  Suchir Balaji and
                  Shantanu Jain and
                  William Saunders and
                  Christopher Hesse and
                  Andrew N. Carr and
                  Jan Leike and
                  Joshua Achiam and
                  Vedant Misra and
                  Evan Morikawa and
                  Alec Radford and
                  Matthew Knight and
                  Miles Brundage and
                  Mira Murati and
                  Katie Mayer and
                  Peter Welinder and
                  Bob McGrew and
                  Dario Amodei and
                  Sam McCandlish and
                  Ilya Sutskever and
                  Wojciech Zaremba},
  title        = {Evaluating Large Language Models Trained on Code},
  journal      = {CoRR},
  volume       = {abs/2107.03374},
  year         = {2021},
  url          = {https://arxiv.org/abs/2107.03374},
  eprinttype    = {arXiv},
  eprint       = {2107.03374},
  timestamp    = {Thu, 25 May 2023 10:38:31 +0200},
  biburl       = {https://dblp.org/rec/journals/corr/abs-2107-03374.bib},
  bibsource    = {dblp computer science bibliography, https://dblp.org}
}

@inproceedings{lei-huang-2024-boosting,
    title = "Boosting Logical Fallacy Reasoning in {LLM}s via Logical Structure Tree",
    author = "Lei, Yuanyuan  and
      Huang, Ruihong",
    editor = "Al-Onaizan, Yaser  and
      Bansal, Mohit  and
      Chen, Yun-Nung",
    booktitle = "Proceedings of the 2024 Conference on Empirical Methods in Natural Language Processing",
    month = nov,
    year = "2024",
    address = "Miami, Florida, USA",
    publisher = "Association for Computational Linguistics",
    url = "https://aclanthology.org/2024.emnlp-main.730/",
    doi = "10.18653/v1/2024.emnlp-main.730",
    pages = "13157--13173",
}

@misc{li2024reasonfallacyenhancinglarge,
      title={Reason from Fallacy: Enhancing Large Language Models' Logical Reasoning through Logical Fallacy Understanding}, 
      author={Yanda Li and Dixuan Wang and Jiaqing Liang and Guochao Jiang and Qianyu He and Yanghua Xiao and Deqing Yang},
      year={2024},
      eprint={2404.04293},
      archivePrefix={arXiv},
      primaryClass={cs.CL},
      url={https://arxiv.org/abs/2404.04293}, 
}

@misc{lin2024baichuanalignmenttechnicalreport,
      title={Baichuan Alignment Technical Report}, 
      author={Mingan Lin and Fan Yang and Yanjun Shen and Haoze Sun and Tianpeng Li and Tao Zhang and Chenzheng Zhu and Tao Zhang and Miao Zheng and Xu Li and Yijie Zhou and Mingyang Chen and Yanzhao Qin and Youquan Li and Hao Liang and Fei Li and Yadong Li and Mang Wang and Guosheng Dong and Kun Fang and Jianhua Xu and Bin Cui and Wentao Zhang and Zenan Zhou and Weipeng Chen},
      year={2024},
      eprint={2410.14940},
      archivePrefix={arXiv},
      primaryClass={cs.LG},
      url={https://arxiv.org/abs/2410.14940}, 
}

@misc{liu2020logiqachallengedatasetmachine,
      title={LogiQA: A Challenge Dataset for Machine Reading Comprehension with Logical Reasoning}, 
      author={Jian Liu and Leyang Cui and Hanmeng Liu and Dandan Huang and Yile Wang and Yue Zhang},
      year={2020},
      eprint={2007.08124},
      archivePrefix={arXiv},
      primaryClass={cs.CL},
      url={https://arxiv.org/abs/2007.08124}, 
}

@misc{liu2023evaluatinglogicalreasoningability,
      title={Evaluating the Logical Reasoning Ability of ChatGPT and GPT-4}, 
      author={Hanmeng Liu and Ruoxi Ning and Zhiyang Teng and Jian Liu and Qiji Zhou and Yue Zhang},
      year={2023},
      eprint={2304.03439},
      archivePrefix={arXiv},
      primaryClass={cs.CL},
      url={https://arxiv.org/abs/2304.03439}, 
}

@ARTICLE{logiqa2,
  author={Liu, Hanmeng and Liu, Jian and Cui, Leyang and Teng, Zhiyang and Duan, Nan and Zhou, Ming and Zhang, Yue},
  journal={IEEE/ACM Transactions on Audio, Speech, and Language Processing}, 
  title={LogiQA 2.0—An Improved Dataset for Logical Reasoning in Natural Language Understanding}, 
  year={2023},
  volume={31},
  number={},
  pages={2947-2962},
  keywords={Cognition;Task analysis;Lifting equipment;Remuneration;Education;Rain;Benchmark testing;Reading comprehension;logical reasoning;natural language inference;textual inference},
  doi={10.1109/TASLP.2023.3293046}}

@inproceedings{math,
  author       = {Dan Hendrycks and
                  Collin Burns and
                  Saurav Kadavath and
                  Akul Arora and
                  Steven Basart and
                  Eric Tang and
                  Dawn Song and
                  Jacob Steinhardt},
  editor       = {Joaquin Vanschoren and
                  Sai{-}Kit Yeung},
  title        = {Measuring Mathematical Problem Solving With the {MATH} Dataset},
  booktitle    = {Proceedings of the Neural Information Processing Systems Track on
                  Datasets and Benchmarks 1, NeurIPS Datasets and Benchmarks 2021, December
                  2021, virtual},
  year         = {2021},
  url          = {https://datasets-benchmarks-proceedings.neurips.cc/paper/2021/hash/be83ab3ecd0db773eb2dc1b0a17836a1-Abstract-round2.html},
  timestamp    = {Thu, 05 May 2022 16:53:59 +0200},
  biburl       = {https://dblp.org/rec/conf/nips/HendrycksBKABTS21.bib},
  bibsource    = {dblp computer science bibliography, https://dblp.org}
}

@article{mbpp,
  author       = {Jacob Austin and
                  Augustus Odena and
                  Maxwell I. Nye and
                  Maarten Bosma and
                  Henryk Michalewski and
                  David Dohan and
                  Ellen Jiang and
                  Carrie J. Cai and
                  Michael Terry and
                  Quoc V. Le and
                  Charles Sutton},
  title        = {Program Synthesis with Large Language Models},
  journal      = {CoRR},
  volume       = {abs/2108.07732},
  year         = {2021},
  url          = {https://arxiv.org/abs/2108.07732},
  eprinttype    = {arXiv},
  eprint       = {2108.07732},
  timestamp    = {Fri, 29 Apr 2022 17:42:58 +0200},
  biburl       = {https://dblp.org/rec/journals/corr/abs-2108-07732.bib},
  bibsource    = {dblp computer science bibliography, https://dblp.org}
}

@misc{openai2024openaio1card,
      title={OpenAI o1 System Card}, 
      author={OpenAI and : and Aaron Jaech and Adam Kalai and Adam Lerer and Adam Richardson and Ahmed El-Kishky and Aiden Low and Alec Helyar and Aleksander Madry and Alex Beutel and Alex Carney and Alex Iftimie and Alex Karpenko and Alex Tachard Passos and Alexander Neitz and Alexander Prokofiev and Alexander Wei and Allison Tam and Ally Bennett and Ananya Kumar and Andre Saraiva and Andrea Vallone and Andrew Duberstein and Andrew Kondrich and Andrey Mishchenko and Andy Applebaum and Angela Jiang and Ashvin Nair and Barret Zoph and Behrooz Ghorbani and Ben Rossen and Benjamin Sokolowsky and Boaz Barak and Bob McGrew and Borys Minaiev and Botao Hao and others},
      year={2024},
      eprint={2412.16720},
      archivePrefix={arXiv},
      primaryClass={cs.AI},
      url={https://arxiv.org/abs/2412.16720}, 
}

@misc{payandeh2023susceptiblellmslogicalfallacies,
      title={How susceptible are LLMs to Logical Fallacies?}, 
      author={Amirreza Payandeh and Dan Pluth and Jordan Hosier and Xuesu Xiao and Vijay K. Gurbani},
      year={2023},
      eprint={2308.09853},
      archivePrefix={arXiv},
      primaryClass={cs.CL},
      url={https://arxiv.org/abs/2308.09853}, 
}

@misc{phan2025humanitysexam,
      title={Humanity's Last Exam}, 
      author={Long Phan and Alice Gatti and Ziwen Han and Nathaniel Li and Josephina Hu and Hugh Zhang and Chen Bo Calvin Zhang and Mohamed Shaaban and John Ling and Sean Shi and Michael Choi and Anish Agrawal and Arnav Chopra and Adam Khoja and Ryan Kim and Richard Ren and Jason Hausenloy and Oliver Zhang and Mantas Mazeika and Tung Nguyen and Daron Anderson and Imad Ali Shah and Mikhail Doroshenko and Alun Cennyth Stokes and Mobeen Mahmood and others},
      year={2025},
      eprint={2501.14249},
      archivePrefix={arXiv},
      primaryClass={cs.LG},
      url={https://arxiv.org/abs/2501.14249}, 
}

