@InProceedings{Cao_2017_CVPR,
author = {Cao, Zhe and Simon, Tomas and Wei, Shih-En and Sheikh, Yaser},
title = {Realtime Multi-Person 2D Pose Estimation Using Part Affinity Fields},
booktitle = {Proceedings of the IEEE Conference on Computer Vision and Pattern Recognition (CVPR)},
month = {July},
year = {2017}
}

@inproceedings{bertasius2019learning,
  title={Learning temporal pose estimation from sparsely-labeled videos},
  author={Bertasius, Gedas and Feichtenhofer, Christoph and Tran, Du and Shi, Jianbo and Torresani, Lorenzo},
  booktitle={Advances in Neural Information Processing Systems},
  pages={3027--3038},
  year={2019}
}

@inproceedings{cheng2022tallformer,
  title={Tallformer: Temporal action localization with a long-memory transformer},
  author={Cheng, Feng and Bertasius, Gedas},
  booktitle={European Conference on Computer Vision},
  pages={503--521},
  year={2022},
  organization={Springer}
}

@article{dosovitskiy2020image,
  title={An image is worth 16x16 words: Transformers for image recognition at scale},
  author={Dosovitskiy, Alexey and Beyer, Lucas and Kolesnikov, Alexander and Weissenborn, Dirk and Zhai, Xiaohua and Unterthiner, Thomas and Dehghani, Mostafa and Minderer, Matthias and Heigold, Georg and Gelly, Sylvain and others},
  journal={arXiv preprint arXiv:2010.11929},
  year={2020}
}

@article{du2022hierarchical,
  title={Hierarchical Associative Encoding and Decoding for Bottom-Up Human Pose Estimation},
  author={Du, Congju and Yan, Zengqiang and Yu, Han and Yu, Li and Xiong, Zixiang},
  journal={IEEE Transactions on Circuits and Systems for Video Technology},
  volume={33},
  number={4},
  pages={1762--1775},
  year={2022},
  publisher={IEEE}
}

@inproceedings{fang2017rmpe,
  title={Rmpe: Regional multi-person pose estimation},
  author={Fang, Hao-Shu and Xie, Shuqin and Tai, Yu-Wing and Lu, Cewu},
  booktitle={Proceedings of the IEEE International Conference on Computer Vision},
  pages={2334--2343},
  year={2017}
}

@inproceedings{feng2023mutual,
  title={Mutual Information-Based Temporal Difference Learning for Human Pose Estimation in Video},
  author={Feng, Runyang and Gao, Yixing and Ma, Xueqing and Tse, Tze Ho Elden and Chang, Hyung Jin},
  booktitle={Proceedings of the IEEE/CVF Conference on Computer Vision and Pattern Recognition},
  pages={17131--17141},
  year={2023}
}

@inproceedings{he2016deep,
  title={Deep residual learning for image recognition},
  author={He, Kaiming and Zhang, Xiangyu and Ren, Shaoqing and Sun, Jian},
  booktitle={Proceedings of the IEEE conference on computer vision and pattern recognition},
  pages={770--778},
  year={2016}
}

@inproceedings{kreiss2019pifpaf,
  title={Pifpaf: Composite fields for human pose estimation},
  author={Kreiss, Sven and Bertoni, Lorenzo and Alahi, Alexandre},
  booktitle={Proceedings of the IEEE Conference on Computer Vision and Pattern Recognition},
  pages={11977--11986},
  year={2019}
}

@inproceedings{li2021tokenpose,
  title={Tokenpose: Learning keypoint tokens for human pose estimation},
  author={Li, Yanjie and Zhang, Shoukui and Wang, Zhicheng and Yang, Sen and Yang, Wankou and Xia, Shu-Tao and Zhou, Erjin},
  booktitle={Proceedings of the IEEE/CVF International Conference on Computer Vision},
  pages={11313--11322},
  year={2021}
}

@inproceedings{liu2021deep,
  title={Deep Dual Consecutive Network for Human Pose Estimation},
  author={Liu, Zhenguang and Chen, Haoming and Feng, Runyang and Wu, Shuang and Ji, Shouling and Yang, Bailin and Wang, Xun},
  booktitle={Proceedings of the IEEE/CVF Conference on Computer Vision and Pattern Recognition},
  pages={525--534},
  year={2021}
}

@inproceedings{liu2022temporal,
  title={Temporal Feature Alignment and Mutual Information Maximization for Video-Based Human Pose Estimation},
  author={Liu, Zhenguang and Feng, Runyang and Chen, Haoming and Wu, Shuang and Gao, Yixing and Gao, Yunjun and Wang, Xiang},
  booktitle={Proceedings of the IEEE/CVF Conference on Computer Vision and Pattern Recognition},
  pages={11006--11016},
  year={2022}
}

@article{liu2023distilling,
  title={Distilling knowledge from super-resolution for efficient remote sensing salient object detection},
  author={Liu, Yanfeng and Xiong, Zhitong and Yuan, Yuan and Wang, Qi},
  journal={IEEE Transactions on Geoscience and Remote Sensing},
  volume={61},
  pages={1--16},
  year={2023},
  publisher={IEEE}
}

@article{liu2023transcending,
  title={Transcending pixels: boosting saliency detection via scene understanding from aerial imagery},
  author={Liu, Yanfeng and Xiong, Zhitong and Yuan, Yuan and Wang, Qi},
  journal={IEEE Transactions on Geoscience and Remote Sensing},
  year={2023},
  publisher={IEEE}
}

@inproceedings{pfister2015flowing,
  title={Flowing convnets for human pose estimation in videos},
  author={Pfister, Tomas and Charles, James and Zisserman, Andrew},
  booktitle={Proceedings of the IEEE International Conference on Computer Vision},
  pages={1913--1921},
  year={2015}
}

@inproceedings{song2017thin,
  title={Thin-slicing network: A deep structured model for pose estimation in videos},
  author={Song, Jie and Wang, Limin and Van Gool, Luc and Hilliges, Otmar},
  booktitle={Proceedings of the IEEE conference on computer vision and pattern recognition},
  pages={4220--4229},
  year={2017}
}

@inproceedings{vaswani2017attention,
  title={Attention is all you need},
  author={Vaswani, Ashish and Shazeer, Noam and Parmar, Niki and Uszkoreit, Jakob and Jones, Llion and Gomez, Aidan N and Kaiser, {\L}ukasz and Polosukhin, Illia},
  booktitle={Advances in neural information processing systems},
  pages={5998--6008},
  year={2017}
}

@inproceedings{wang2020combining,
  title={Combining detection and tracking for human pose estimation in videos},
  author={Wang, Manchen and Tighe, Joseph and Modolo, Davide},
  booktitle={Proceedings of the IEEE/CVF Conference on Computer Vision and Pattern Recognition},
  pages={11088--11096},
  year={2020}
}

@article{wang2020deep,
  title={Deep high-resolution representation learning for visual recognition},
  author={Wang, Jingdong and Sun, Ke and Cheng, Tianheng and Jiang, Borui and Deng, Chaorui and Zhao, Yang and Liu, Dong and Mu, Yadong and Tan, Mingkui and Wang, Xinggang and others},
  journal={IEEE transactions on pattern analysis and machine intelligence},
  year={2020},
  publisher={IEEE}
}

@article{wang2022hybrid,
  title={Hybrid feature aligned network for salient object detection in optical remote sensing imagery},
  author={Wang, Qi and Liu, Yanfeng and Xiong, Zhitong and Yuan, Yuan},
  journal={IEEE transactions on geoscience and remote sensing},
  volume={60},
  pages={1--15},
  year={2022},
  publisher={IEEE}
}

@article{xu2021sunnet,
  title={SUNNet: A novel framework for simultaneous human parsing and pose estimation},
  author={Xu, Yanyu and Piao, Zhixin and Zhang, Ziheng and Liu, Wen and Gao, Shenghua},
  journal={Neurocomputing},
  volume={444},
  pages={349--355},
  year={2021},
  publisher={Elsevier}
}

@article{xu2023can,
  title={Can relearning local representation help small networks for human pose estimation?},
  author={Xu, Dingning and Guo, Lijun and Zhang, Rong and Qian, Jiangbo and Gao, Shangce},
  journal={Neurocomputing},
  volume={518},
  pages={418--430},
  year={2023},
  publisher={Elsevier}
}

@article{xu2023vitpose++,
  title={Vitpose++: Vision transformer for generic body pose estimation},
  author={Xu, Yufei and Zhang, Jing and Zhang, Qiming and Tao, Dacheng},
  journal={IEEE Transactions on Pattern Analysis and Machine Intelligence},
  year={2023},
  publisher={IEEE}
}

@article{yuan2024multi,
  title={Multi-supervision transformer combining bounding box and mask for data-limited pose estimation},
  author={Yuan, Xinyang and Cheng, Peng and Han, Songchen},
  journal={Neurocomputing},
  volume={571},
  pages={127209},
  year={2024},
  publisher={Elsevier}
}

@article{zhou2024human,
  title={Human pose estimation based on frequency domain and attention module},
  author={Zhou, Shuren and Duan, Xinlan and Zhou, Jiarui},
  journal={Neurocomputing},
  volume={604},
  pages={128318},
  year={2024},
  publisher={Elsevier}
}

