@inproceedings{li2021tokenpose,
  title={Tokenpose: Learning keypoint tokens for human pose estimation},
  author={Li, Yanjie and Zhang, Shoukui and Wang, Zhicheng and Yang, Sen and Yang, Wankou and Xia, Shu-Tao and Zhou, Erjin},
  booktitle={Proceedings of the IEEE/CVF International Conference on Computer Vision},
  pages={11313--11322},
  year={2021}
}

@inproceedings{cheng2022tallformer,
  title={Tallformer: Temporal action localization with a long-memory transformer},
  author={Cheng, Feng and Bertasius, Gedas},
  booktitle={European Conference on Computer Vision},
  pages={503--521},
  year={2022},
  organization={Springer}
}

@article{paszke2019pytorch,
  title={Pytorch: An imperative style, high-performance deep learning library},
  author={Paszke, Adam and Gross, Sam and Massa, Francisco and Lerer, Adam and Bradbury, James and Chanan, Gregory and Killeen, Trevor and Lin, Zeming and Gimelshein, Natalia and Antiga, Luca and others},
  journal={Advances in neural information processing systems},
  volume={32},
  year={2019}
}

@inproceedings{cai2020learning,
  title={Learning delicate local representations for multi-person pose estimation},
  author={Cai, Yuanhao and Wang, Zhicheng and Luo, Zhengxiong and Yin, Binyi and Du, Angang and Wang, Haoqian and Zhang, Xiangyu and Zhou, Xinyu and Zhou, Erjin and Sun, Jian},
  booktitle={Computer Vision--ECCV 2020: 16th European Conference, Glasgow, UK, August 23--28, 2020, Proceedings, Part III 16},
  pages={455--472},
  year={2020},
  organization={Springer}
}

@article{wang2022hybrid,
  title={Hybrid feature aligned network for salient object detection in optical remote sensing imagery},
  author={Wang, Qi and Liu, Yanfeng and Xiong, Zhitong and Yuan, Yuan},
  journal={IEEE transactions on geoscience and remote sensing},
  volume={60},
  pages={1--15},
  year={2022},
  publisher={IEEE}
}

@article{liu2023distilling,
  title={Distilling knowledge from super-resolution for efficient remote sensing salient object detection},
  author={Liu, Yanfeng and Xiong, Zhitong and Yuan, Yuan and Wang, Qi},
  journal={IEEE Transactions on Geoscience and Remote Sensing},
  volume={61},
  pages={1--16},
  year={2023},
  publisher={IEEE}
}

@article{liu2023transcending,
  title={Transcending pixels: boosting saliency detection via scene understanding from aerial imagery},
  author={Liu, Yanfeng and Xiong, Zhitong and Yuan, Yuan and Wang, Qi},
  journal={IEEE Transactions on Geoscience and Remote Sensing},
  year={2023},
  publisher={IEEE}
}

@article{tian2024rgb,
  title={RGB oralscan video-based orthodontic treatment monitoring},
  author={Tian, Yan and Fu, Hanshi and Wang, Hao and Liu, Yuqi and Xu, Zhaocheng and Chen, Hong and Li, Jianyuan and Wang, Ruili},
  journal={Science China Information Sciences},
  volume={67},
  number={1},
  pages={112107},
  year={2024},
  publisher={Springer}
}

@article{tian2023revised,
  title={A revised approach to orthodontic treatment monitoring from oralscan video},
  author={Tian, Yan and Jian, Guotang and Wang, Jialei and Chen, Hong and Pan, Lei and Xu, Zhaocheng and Li, Jianyuan and Wang, Ruili},
  journal={IEEE Journal of Biomedical and Health Informatics},
  year={2023},
  publisher={IEEE}
}

@article{wang2020improving,
  title={Improving multiperson pose estimation by mask-aware deep reinforcement learning},
  author={Wang, Xun and Tian, Yan and Zhao, Xuran and Yang, Tao and Gelernter, Judith and Wang, Jialei and Cheng, Guohua and Hu, Wei},
  journal={ACM Transactions on Multimedia Computing, Communications, and Applications (TOMM)},
  volume={16},
  number={3},
  pages={1--18},
  year={2020},
  publisher={ACM New York, NY, USA}
}

@article{tian2019densely,
  title={Densely connected attentional pyramid residual network for human pose estimation},
  author={Tian, Yan and Hu, Wei and Jiang, Hangsen and Wu, Jiachen},
  journal={Neurocomputing},
  volume={347},
  pages={13--23},
  year={2019},
  publisher={Elsevier}
}

@article{yuan2024multi,
  title={Multi-supervision transformer combining bounding box and mask for data-limited pose estimation},
  author={Yuan, Xinyang and Cheng, Peng and Han, Songchen},
  journal={Neurocomputing},
  volume={571},
  pages={127209},
  year={2024},
  publisher={Elsevier}
}

@inproceedings{yuan2020object,
  title={Object-contextual representations for semantic segmentation},
  author={Yuan, Yuhui and Chen, Xilin and Wang, Jingdong},
  booktitle={Computer Vision--ECCV 2020: 16th European Conference, Glasgow, UK, August 23--28, 2020, Proceedings, Part VI 16},
  pages={173--190},
  year={2020},
  organization={Springer}
}



@article{du2022hierarchical,
  title={Hierarchical Associative Encoding and Decoding for Bottom-Up Human Pose Estimation},
  author={Du, Congju and Yan, Zengqiang and Yu, Han and Yu, Li and Xiong, Zixiang},
  journal={IEEE Transactions on Circuits and Systems for Video Technology},
  volume={33},
  number={4},
  pages={1762--1775},
  year={2022},
  publisher={IEEE}
}

@article{xu2021sunnet,
  title={SUNNet: A novel framework for simultaneous human parsing and pose estimation},
  author={Xu, Yanyu and Piao, Zhixin and Zhang, Ziheng and Liu, Wen and Gao, Shenghua},
  journal={Neurocomputing},
  volume={444},
  pages={349--355},
  year={2021},
  publisher={Elsevier}
}

@article{xu2023can,
  title={Can relearning local representation help small networks for human pose estimation?},
  author={Xu, Dingning and Guo, Lijun and Zhang, Rong and Qian, Jiangbo and Gao, Shangce},
  journal={Neurocomputing},
  volume={518},
  pages={418--430},
  year={2023},
  publisher={Elsevier}
}

@article{niu2023convpose,
  title={Convpose: A modern pure convnet for human pose estimation},
  author={Niu, Yue and Wang, Annan and Wang, Xuewu and Wu, Shengxi},
  journal={Neurocomputing},
  volume={544},
  pages={126301},
  year={2023},
  publisher={Elsevier}
}

@article{zhou2024human,
  title={Human pose estimation based on frequency domain and attention module},
  author={Zhou, Shuren and Duan, Xinlan and Zhou, Jiarui},
  journal={Neurocomputing},
  volume={604},
  pages={128318},
  year={2024},
  publisher={Elsevier}
}

@inproceedings{zhao2020towards,
  title={Towards better generalization: Joint depth-pose learning without posenet},
  author={Zhao, Wang and Liu, Shaohui and Shu, Yezhi and Liu, Yong-Jin},
  booktitle={Proceedings of the IEEE/CVF Conference on Computer Vision and Pattern Recognition},
  pages={9151--9161},
  year={2020}
}

@inproceedings{xie2022simmim,
  title={Simmim: A simple framework for masked image modeling},
  author={Xie, Zhenda and Zhang, Zheng and Cao, Yue and Lin, Yutong and Bao, Jianmin and Yao, Zhuliang and Dai, Qi and Hu, Han},
  booktitle={Proceedings of the IEEE/CVF conference on computer vision and pattern recognition},
  pages={9653--9663},
  year={2022}
}

@article{loshchilov2017decoupled,
  title={Decoupled weight decay regularization},
  author={Loshchilov, Ilya and Hutter, Frank},
  journal={arXiv preprint arXiv:1711.05101},
  year={2017}
}

@inproceedings{he2024video,
  title={Video-Based Human Pose Regression via Decoupled Space-Time Aggregation},
  author={He, Jijie and Yang, Wenwu},
  booktitle={Proceedings of the IEEE/CVF Conference on Computer Vision and Pattern Recognition},
  pages={1022--1031},
  year={2024}
}

@article{gai2023spatiotemporal,
  title={Spatiotemporal Learning Transformer for Video-Based Human Pose Estimation},
  author={Gai, Di and Feng, Runyang and Min, Weidong and Yang, Xiaosong and Su, Pengxiang and Wang, Qi and Han, Qing},
  journal={IEEE Transactions on Circuits and Systems for Video Technology},
  year={2023},
  publisher={IEEE}
}

@inproceedings{feng2023diffpose,
  title={DiffPose: SpatioTemporal diffusion model for video-based human pose estimation},
  author={Feng, Runyang and Gao, Yixing and Tse, Tze Ho Elden and Ma, Xueqing and Chang, Hyung Jin},
  booktitle={Proceedings of the IEEE/CVF International Conference on Computer Vision},
  pages={14861--14872},
  year={2023}
}

@inproceedings{sun2022coarse,
  title={Coarse-to-fine feature mining for video semantic segmentation},
  author={Sun, Guolei and Liu, Yun and Ding, Henghui and Probst, Thomas and Van Gool, Luc},
  booktitle={Proceedings of the IEEE/CVF Conference on Computer Vision and Pattern Recognition},
  pages={3126--3137},
  year={2022}
}

@inproceedings{jiang2019stm,
  title={Stm: Spatiotemporal and motion encoding for action recognition},
  author={Jiang, Boyuan and Wang, MengMeng and Gan, Weihao and Wu, Wei and Yan, Junjie},
  booktitle={Proceedings of the IEEE/CVF International Conference on Computer Vision},
  pages={2000--2009},
  year={2019}
}

@inproceedings{choi2021beyond,
  title={Beyond static features for temporally consistent 3d human pose and shape from a video},
  author={Choi, Hongsuk and Moon, Gyeongsik and Chang, Ju Yong and Lee, Kyoung Mu},
  booktitle={Proceedings of the IEEE/CVF conference on computer vision and pattern recognition},
  pages={1964--1973},
  year={2021}
}

@inproceedings{bertasius2021space,
  title={Is space-time attention all you need for video understanding?},
  author={Bertasius, Gedas and Wang, Heng and Torresani, Lorenzo},
  booktitle={ICML},
  volume={2},
  number={3},
  pages={4},
  year={2021}
}

@inproceedings{he2022masked,
  title={Masked autoencoders are scalable vision learners},
  author={He, Kaiming and Chen, Xinlei and Xie, Saining and Li, Yanghao and Doll{\'a}r, Piotr and Girshick, Ross},
  booktitle={Proceedings of the IEEE/CVF conference on computer vision and pattern recognition},
  pages={16000--16009},
  year={2022}
}

@inproceedings{wang2023videomae,
  title={Videomae v2: Scaling video masked autoencoders with dual masking},
  author={Wang, Limin and Huang, Bingkun and Zhao, Zhiyu and Tong, Zhan and He, Yinan and Wang, Yi and Wang, Yali and Qiao, Yu},
  booktitle={Proceedings of the IEEE/CVF Conference on Computer Vision and Pattern Recognition},
  pages={14549--14560},
  year={2023}
}

@article{tong2022videomae,
  title={Videomae: Masked autoencoders are data-efficient learners for self-supervised video pre-training},
  author={Tong, Zhan and Song, Yibing and Wang, Jue and Wang, Limin},
  journal={Advances in neural information processing systems},
  volume={35},
  pages={10078--10093},
  year={2022}
}

@article{devlin2018bert,
  title={Bert: Pre-training of deep bidirectional transformers for language understanding},
  author={Devlin, Jacob and Chang, Ming-Wei and Lee, Kenton and Toutanova, Kristina},
  journal={arXiv preprint arXiv:1810.04805},
  year={2018}
}

@article{greff2016lstm,
  title={LSTM: A search space odyssey},
  author={Greff, Klaus and Srivastava, Rupesh K and Koutn{\'\i}k, Jan and Steunebrink, Bas R and Schmidhuber, J{\"u}rgen},
  journal={IEEE transactions on neural networks and learning systems},
  volume={28},
  number={10},
  pages={2222--2232},
  year={2016},
  publisher={IEEE}
}

@article{zhu2020deformable,
  title={Deformable detr: Deformable transformers for end-to-end object detection},
  author={Zhu, Xizhou and Su, Weijie and Lu, Lewei and Li, Bin and Wang, Xiaogang and Dai, Jifeng},
  journal={arXiv preprint arXiv:2010.04159},
  year={2020}
}

@inproceedings{xiao2018video,
  title={Video object detection with an aligned spatial-temporal memory},
  author={Xiao, Fanyi and Lee, Yong Jae},
  booktitle={Proceedings of the European Conference on Computer Vision (ECCV)},
  pages={485--501},
  year={2018}
}

@inproceedings{deng2019object,
  title={Object guided external memory network for video object detection},
  author={Deng, Hanming and Hua, Yang and Song, Tao and Zhang, Zongpu and Xue, Zhengui and Ma, Ruhui and Robertson, Neil and Guan, Haibing},
  booktitle={Proceedings of the IEEE/CVF International Conference on Computer Vision},
  pages={6678--6687},
  year={2019}
}

@InProceedings{Tian_2020_CVPR,
author = {Tian, Yapeng and Zhang, Yulun and Fu, Yun and Xu, Chenliang},
title = {TDAN: Temporally-Deformable Alignment Network for Video Super-Resolution},
booktitle = {Proceedings of the IEEE/CVF Conference on Computer Vision and Pattern Recognition (CVPR)},
month = {June},
year = {2020}
}

@inproceedings{xiang2020zooming,
  title={Zooming slow-mo: Fast and accurate one-stage space-time video super-resolution},
  author={Xiang, Xiaoyu and Tian, Yapeng and Zhang, Yulun and Fu, Yun and Allebach, Jan P and Xu, Chenliang},
  booktitle={Proceedings of the IEEE/CVF conference on computer vision and pattern recognition},
  pages={3370--3379},
  year={2020}
}

@inproceedings{wang2019edvr,
  title={Edvr: Video restoration with enhanced deformable convolutional networks},
  author={Wang, Xintao and Chan, Kelvin CK and Yu, Ke and Dong, Chao and Change Loy, Chen},
  booktitle={Proceedings of the IEEE/CVF conference on computer vision and pattern recognition workshops},
  pages={0--0},
  year={2019}
}



@article{dosovitskiy2020image,
  title={An image is worth 16x16 words: Transformers for image recognition at scale},
  author={Dosovitskiy, Alexey and Beyer, Lucas and Kolesnikov, Alexander and Weissenborn, Dirk and Zhai, Xiaohua and Unterthiner, Thomas and Dehghani, Mostafa and Minderer, Matthias and Heigold, Georg and Gelly, Sylvain and others},
  journal={arXiv preprint arXiv:2010.11929},
  year={2020}
}

@article{xu2023vitpose++,
  title={Vitpose++: Vision transformer for generic body pose estimation},
  author={Xu, Yufei and Zhang, Jing and Zhang, Qiming and Tao, Dacheng},
  journal={IEEE Transactions on Pattern Analysis and Machine Intelligence},
  year={2023},
  publisher={IEEE}
}

@article{xu2022vitpose,
  title={Vitpose: Simple vision transformer baselines for human pose estimation},
  author={Xu, Yufei and Zhang, Jing and Zhang, Qiming and Tao, Dacheng},
  journal={Advances in Neural Information Processing Systems},
  volume={35},
  pages={38571--38584},
  year={2022}
}

@inproceedings{feng2023mutual,
  title={Mutual Information-Based Temporal Difference Learning for Human Pose Estimation in Video},
  author={Feng, Runyang and Gao, Yixing and Ma, Xueqing and Tse, Tze Ho Elden and Chang, Hyung Jin},
  booktitle={Proceedings of the IEEE/CVF Conference on Computer Vision and Pattern Recognition},
  pages={17131--17141},
  year={2023}
}

@inproceedings{aich2021spatio,
  title={Spatio-temporal representation factorization for video-based person re-identification},
  author={Aich, Abhishek and Zheng, Meng and Karanam, Srikrishna and Chen, Terrence and Roy-Chowdhury, Amit K and Wu, Ziyan},
  booktitle={Proceedings of the IEEE/CVF international conference on computer vision},
  pages={152--162},
  year={2021}
}

@inproceedings{rafi2020self,
  title={Self-supervised keypoint correspondences for multi-person pose estimation and tracking in videos},
  author={Rafi, Umer and Doering, Andreas and Leibe, Bastian and Gall, Juergen},
  booktitle={European Conference on Computer Vision},
  pages={36--52},
  year={2020},
  organization={Springer}
}

@inproceedings{bergmann2019tracking,
  title={Tracking without bells and whistles},
  author={Bergmann, Philipp and Meinhardt, Tim and Leal-Taixe, Laura},
  booktitle={Proceedings of the IEEE/CVF International Conference on Computer Vision},
  pages={941--951},
  year={2019}
}

@inproceedings{hu2018squeeze,
  title={Squeeze-and-excitation networks},
  author={Hu, Jie and Shen, Li and Sun, Gang},
  booktitle={Proceedings of the IEEE conference on computer vision and pattern recognition},
  pages={7132--7141},
  year={2018}
}

@inproceedings{hou2021disentangled,
  title={Disentangled Representation for Age-Invariant Face Recognition: A Mutual Information Minimization Perspective},
  author={Hou, Xuege and Li, Yali and Wang, Shengjin},
  booktitle={Proceedings of the IEEE/CVF International Conference on Computer Vision},
  pages={3692--3701},
  year={2021}
}


@article{song2021multi,
  title={Multi-stage feature fusion network for video super-resolution},
  author={Song, Huihui and Xu, Wenjie and Liu, Dong and Liu, Bo and Liu, Qingshan and Metaxas, Dimitris N},
  journal={IEEE Transactions on Image Processing},
  volume={30},
  pages={2923--2934},
  year={2021},
  publisher={IEEE}
}

@inproceedings{pang2019towards,
  title={Towards bridging semantic gap to improve semantic segmentation},
  author={Pang, Yanwei and Li, Yazhao and Shen, Jianbing and Shao, Ling},
  booktitle={Proceedings of the IEEE/CVF International Conference on Computer Vision},
  pages={4230--4239},
  year={2019}
}

@inproceedings{wang2016temporal,
  title={Temporal segment networks: Towards good practices for deep action recognition},
  author={Wang, Limin and Xiong, Yuanjun and Wang, Zhe and Qiao, Yu and Lin, Dahua and Tang, Xiaoou and Van Gool, Luc},
  booktitle={European conference on computer vision},
  pages={20--36},
  year={2016},
  organization={Springer}
}

@inproceedings{zhao2018recognize,
  title={Recognize actions by disentangling components of dynamics},
  author={Zhao, Yue and Xiong, Yuanjun and Lin, Dahua},
  booktitle={Proceedings of the IEEE Conference on Computer Vision and Pattern Recognition},
  pages={6566--6575},
  year={2018}
}

@inproceedings{ng2018temporal,
  title={Temporal difference networks for video action recognition},
  author={Ng, Joe Yue-Hei and Davis, Larry S},
  booktitle={2018 IEEE Winter Conference on Applications of Computer Vision (WACV)},
  pages={1587--1596},
  year={2018},
  organization={IEEE}
}

@inproceedings{wang2021tdn,
  title={Tdn: Temporal difference networks for efficient action recognition},
  author={Wang, Limin and Tong, Zhan and Ji, Bin and Wu, Gangshan},
  booktitle={Proceedings of the IEEE/CVF Conference on Computer Vision and Pattern Recognition},
  pages={1895--1904},
  year={2021}
}

@inproceedings{jiang2019stm,
  title={Stm: Spatiotemporal and motion encoding for action recognition},
  author={Jiang, Boyuan and Wang, MengMeng and Gan, Weihao and Wu, Wei and Yan, Junjie},
  booktitle={Proceedings of the IEEE/CVF International Conference on Computer Vision},
  pages={2000--2009},
  year={2019}
}

@inproceedings{liu2020teinet,
  title={Teinet: Towards an efficient architecture for video recognition},
  author={Liu, Zhaoyang and Luo, Donghao and Wang, Yabiao and Wang, Limin and Tai, Ying and Wang, Chengjie and Li, Jilin and Huang, Feiyue and Lu, Tong},
  booktitle={Proceedings of the AAAI Conference on Artificial Intelligence},
  volume={34},
  number={07},
  pages={11669--11676},
  year={2020}
}

@inproceedings{li2020tea,
  title={Tea: Temporal excitation and aggregation for action recognition},
  author={Li, Yan and Ji, Bin and Shi, Xintian and Zhang, Jianguo and Kang, Bin and Wang, Limin},
  booktitle={Proceedings of the IEEE/CVF conference on computer vision and pattern recognition},
  pages={909--918},
  year={2020}
}

@article{lin2020human,
  title={Human in events: A large-scale benchmark for human-centric video analysis in complex events},
  author={Lin, Weiyao and Liu, Huabin and Liu, Shizhan and Li, Yuxi and Qian, Rui and Wang, Tao and Xu, Ning and Xiong, Hongkai and Qi, Guo-Jun and Sebe, Nicu},
  journal={arXiv preprint arXiv:2005.04490},
  year={2020}
}

@inproceedings{kiefel2014human,
  title={Human pose estimation with fields of parts},
  author={Kiefel, Martin and Gehler, Peter Vincent},
  booktitle={European conference on computer vision},
  pages={331--346},
  year={2014},
  organization={Springer}
}

@inproceedings{hara2013computationally,
  title={Computationally efficient regression on a dependency graph for human pose estimation},
  author={Hara, Kota and Chellappa, Rama},
  booktitle={Proceedings of the IEEE conference on computer vision and pattern recognition},
  pages={3390--3397},
  year={2013}
}

@inproceedings{doering2022posetrack21,
  title={PoseTrack21: A Dataset for Person Search, Multi-Object Tracking and Multi-Person Pose Tracking},
  author={Doering, Andreas and Chen, Di and Zhang, Shanshan and Schiele, Bernt and Gall, Juergen},
  booktitle={Proceedings of the IEEE/CVF Conference on Computer Vision and Pattern Recognition},
  pages={20963--20972},
  year={2022}
}


@inproceedings{xiao2022learning,
  title={Learning from temporal gradient for semi-supervised action recognition},
  author={Xiao, Junfei and Jing, Longlong and Zhang, Lin and He, Ju and She, Qi and Zhou, Zongwei and Yuille, Alan and Li, Yingwei},
  booktitle={Proceedings of the IEEE/CVF Conference on Computer Vision and Pattern Recognition},
  pages={3252--3262},
  year={2022}
}

@inproceedings{huang2021self,
  title={Self-supervised motion learning from static images},
  author={Huang, Ziyuan and Zhang, Shiwei and Jiang, Jianwen and Tang, Mingqian and Jin, Rong and Ang, Marcelo H},
  booktitle={Proceedings of the IEEE/CVF Conference on Computer Vision and Pattern Recognition},
  pages={1276--1285},
  year={2021}
}

@inproceedings{zeng2022not,
  title={Not All Tokens Are Equal: Human-centric Visual Analysis via Token Clustering Transformer},
  author={Zeng, Wang and Jin, Sheng and Liu, Wentao and Qian, Chen and Luo, Ping and Ouyang, Wanli and Wang, Xiaogang},
  booktitle={Proceedings of the IEEE/CVF Conference on Computer Vision and Pattern Recognition},
  pages={11101--11111},
  year={2022}
}


@inproceedings{cao2020few,
  title={Few-shot video classification via temporal alignment},
  author={Cao, Kaidi and Ji, Jingwei and Cao, Zhangjie and Chang, Chien-Yi and Niebles, Juan Carlos},
  booktitle={Proceedings of the IEEE/CVF Conference on Computer Vision and Pattern Recognition},
  pages={10618--10627},
  year={2020}
}

@inproceedings{wu2022motion,
  title={Motion-Modulated Temporal Fragment Alignment Network for Few-Shot Action Recognition},
  author={Wu, Jiamin and Zhang, Tianzhu and Zhang, Zhe and Wu, Feng and Zhang, Yongdong},
  booktitle={Proceedings of the IEEE/CVF Conference on Computer Vision and Pattern Recognition},
  pages={9151--9160},
  year={2022}
}

@inproceedings{liu2022temporal,
  title={Temporal Feature Alignment and Mutual Information Maximization for Video-Based Human Pose Estimation},
  author={Liu, Zhenguang and Feng, Runyang and Chen, Haoming and Wu, Shuang and Gao, Yixing and Gao, Yunjun and Wang, Xiang},
  booktitle={Proceedings of the IEEE/CVF Conference on Computer Vision and Pattern Recognition},
  pages={11006--11016},
  year={2022}
}

@inproceedings{teed2020raft,
  title={Raft: Recurrent all-pairs field transforms for optical flow},
  author={Teed, Zachary and Deng, Jia},
  booktitle={European conference on computer vision},
  pages={402--419},
  year={2020},
  organization={Springer}
}

@inproceedings{isobe2022look,
  title={Look Back and Forth: Video Super-Resolution with Explicit Temporal Difference Modeling},
  author={Isobe, Takashi and Jia, Xu and Tao, Xin and Li, Changlin and Li, Ruihuang and Shi, Yongjie and Mu, Jing and Lu, Huchuan and Tai, Yu-Wing},
  booktitle={Proceedings of the IEEE/CVF Conference on Computer Vision and Pattern Recognition},
  pages={17411--17420},
  year={2022}
}

@article{yuan2021hrformer,
  title={Hrformer: High-resolution vision transformer for dense predict},
  author={Yuan, Yuhui and Fu, Rao and Huang, Lang and Lin, Weihong and Zhang, Chao and Chen, Xilin and Wang, Jingdong},
  journal={Advances in Neural Information Processing Systems},
  volume={34},
  pages={7281--7293},
  year={2021}
}

@inproceedings{yang2021transpose,
  title={Transpose: Keypoint localization via transformer},
  author={Yang, Sen and Quan, Zhibin and Nie, Mu and Yang, Wankou},
  booktitle={Proceedings of the IEEE/CVF International Conference on Computer Vision},
  pages={11802--11812},
  year={2021}
}

@InProceedings{Cao_2017_CVPR,
author = {Cao, Zhe and Simon, Tomas and Wei, Shih-En and Sheikh, Yaser},
title = {Realtime Multi-Person 2D Pose Estimation Using Part Affinity Fields},
booktitle = {Proceedings of the IEEE Conference on Computer Vision and Pattern Recognition (CVPR)},
month = {July},
year = {2017}
}

@inproceedings{fan2021motion,
  title={Motion Adaptive Pose Estimation From Compressed Videos},
  author={Fan, Zhipeng and Liu, Jun and Wang, Yao},
  booktitle={Proceedings of the IEEE/CVF International Conference on Computer Vision},
  pages={11719--11728},
  year={2021}
}

@article{bao2020pose,
  title={Pose-guided tracking-by-detection: Robust multi-person pose tracking},
  author={Bao, Qian and Liu, Wu and Cheng, Yuhao and Zhou, Boyan and Mei, Tao},
  journal={IEEE Transactions on Multimedia},
  volume={23},
  pages={161--175},
  year={2020},
  publisher={IEEE}
}

@inproceedings{raaj2019efficient,
  title={Efficient online multi-person 2d pose tracking with recurrent spatio-temporal affinity fields},
  author={Raaj, Yaadhav and Idrees, Haroon and Hidalgo, Gines and Sheikh, Yaser},
  booktitle={Proceedings of the IEEE/CVF Conference on Computer Vision and Pattern Recognition},
  pages={4620--4628},
  year={2019}
}

@inproceedings{belghazi2018mutual,
  title={Mutual information neural estimation},
  author={Belghazi, Mohamed Ishmael and Baratin, Aristide and Rajeshwar, Sai and Ozair, Sherjil and Bengio, Yoshua and Courville, Aaron and Hjelm, Devon},
  booktitle={International Conference on Machine Learning},
  pages={531--540},
  year={2018},
  organization={PMLR}
}

@inproceedings{tian2021farewell,
  title={Farewell to Mutual Information: Variational Distillation for Cross-Modal Person Re-Identification},
  author={Tian, Xudong and Zhang, Zhizhong and Lin, Shaohui and Qu, Yanyun and Xie, Yuan and Ma, Lizhuang},
  booktitle={Proceedings of the IEEE/CVF Conference on Computer Vision and Pattern Recognition},
  pages={1522--1531},
  year={2021}
}

@inproceedings{hjelm2018learning,
  title={Learning deep representations by mutual information estimation and maximization},
  author={Hjelm, R Devon and Fedorov, Alex and Lavoie-Marchildon, Samuel and Grewal, Karan and Bachman, Phil and Trischler, Adam and Bengio, Yoshua},
  booktitle={International Conference on Learning Representations},
  year={2018}
}

@inproceedings{wu2019sequence,
  title={Sequence level semantics aggregation for video object detection},
  author={Wu, Haiping and Chen, Yuntao and Wang, Naiyan and Zhang, Zhaoxiang},
  booktitle={Proceedings of the IEEE/CVF International Conference on Computer Vision},
  pages={9217--9225},
  year={2019}
}

@inproceedings{lu2019indices,
  title={Indices matter: Learning to index for deep image matting},
  author={Lu, Hao and Dai, Yutong and Shen, Chunhua and Xu, Songcen},
  booktitle={Proceedings of the IEEE/CVF International Conference on Computer Vision},
  pages={3266--3275},
  year={2019}
}
@inproceedings{huang2021fapn,
  title={FaPN: Feature-Aligned Pyramid Network for Dense Image Prediction},
  author={Huang, Shihua and Lu, Zhichao and Cheng, Ran and He, Cheng},
  booktitle={Proceedings of the IEEE/CVF International Conference on Computer Vision},
  pages={864--873},
  year={2021}
}

@article{huang2021alignseg,
  title={Alignseg: Feature-aligned segmentation networks},
  author={Huang, Zilong and Wei, Yunchao and Wang, Xinggang and Shi, Humphrey and Liu, Wenyu and Huang, Thomas S},
  journal={IEEE Transactions on Pattern Analysis and Machine Intelligence},
  year={2021},
  publisher={IEEE}
}

@article{liu2021combining,
  title={Combining graph neural networks with expert knowledge for smart contract vulnerability detection},
  author={Liu, Zhenguang and Qian, Peng and Wang, Xiaoyang and Zhuang, Yuan and Qiu, Lin and Wang, Xun},
  journal={IEEE Transactions on Knowledge and Data Engineering},
  year={2021},
  publisher={IEEE}
}

@article{li2021human,
  title={Human Pose Regression with Residual Log-likelihood Estimation},
  author={Li, Jiefeng and Bian, Siyuan and Zeng, Ailing and Wang, Can and Pang, Bo and Liu, Wentao and Lu, Cewu},
  journal={arXiv preprint arXiv:2107.11291},
  year={2021}
}

@article{li2021online,
  title={Online Knowledge Distillation for Efficient Pose Estimation},
  author={Li, Zheng and Ye, Jingwen and Song, Mingli and Huang, Ying and Pan, Zhigeng},
  journal={arXiv preprint arXiv:2108.02092},
  year={2021}
}


@article{zeng2021learning,
  title={Learning Skeletal Graph Neural Networks for Hard 3D Pose Estimation},
  author={Zeng, Ailing and Sun, Xiao and Yang, Lei and Zhao, Nanxuan and Liu, Minhao and Xu, Qiang},
  journal={arXiv preprint arXiv:2108.07181},
  year={2021}
}

@article{zou2021eventhpe,
  title={EventHPE: Event-based 3D Human Pose and Shape Estimation},
  author={Zou, Shihao and Guo, Chuan and Zuo, Xinxin and Wang, Sen and Wang, Pengyu and Hu, Xiaoqin and Chen, Shoushun and Gong, Minglun and Cheng, Li},
  journal={arXiv preprint arXiv:2108.06819},
  year={2021}
}

@article{garau2021deca,
  title={DECA: Deep viewpoint-Equivariant human pose estimation using Capsule Autoencoders},
  author={Garau, Nicola and Bisagno, Niccol{\`o} and Br{\'o}dka, Piotr and Conci, Nicola},
  journal={arXiv preprint arXiv:2108.08557},
  year={2021}
}

@article{wehrbein2021probabilistic,
  title={Probabilistic Monocular 3D Human Pose Estimation with Normalizing Flows},
  author={Wehrbein, Tom and Rudolph, Marco and Rosenhahn, Bodo and Wandt, Bastian},
  journal={arXiv preprint arXiv:2107.13788},
  year={2021}
}

@article{ Our,
  author = "Zhenguang Liu and
               Pengxiang Su and
               Shuang Wu and
               Xuanjing Shen and
               Haipeng Chen and
               Yanbin Hao and
               Meng Wang",
  title = "Motion Prediction using Trajectory Cues",
  journal = "IEEE International Conference on Computer Vision",
  month = "October",
  year = "2021"
}

@inproceedings{liu2021aggregated,
  title={Aggregated Multi-GANs for Controlled 3D Human Motion Prediction},
  author={Liu, Zhenguang and Lyu, Kedi and Wu, Shuang and Chen, Haipeng and Hao, Yanbin and Ji, Shouling},
  booktitle={Proceedings of the AAAI Conference on Artificial Intelligence},
  volume={35},
  pages={2225--2232},
  year={2021}
}

@inproceedings{sandler2018mobilenetv2,
  title={Mobilenetv2: Inverted residuals and linear bottlenecks},
  author={Sandler, Mark and Howard, Andrew and Zhu, Menglong and Zhmoginov, Andrey and Chen, Liang-Chieh},
  booktitle={Proceedings of the IEEE conference on computer vision and pattern recognition},
  pages={4510--4520},
  year={2018}
}

@inproceedings{ma2018shufflenet,
  title={Shufflenet v2: Practical guidelines for efficient cnn architecture design},
  author={Ma, Ningning and Zhang, Xiangyu and Zheng, Hai-Tao and Sun, Jian},
  booktitle={Proceedings of the European conference on computer vision (ECCV)},
  pages={116--131},
  year={2018}
}

@article{tian2019directpose,
  title={Directpose: Direct end-to-end multi-person pose estimation},
  author={Tian, Zhi and Chen, Hao and Shen, Chunhua},
  journal={arXiv preprint arXiv:1911.07451},
  year={2019}
}

@inproceedings{huang2017coarse,
  title={A coarse-fine network for keypoint localization},
  author={Huang, Shaoli and Gong, Mingming and Tao, Dacheng},
  booktitle={Proceedings of the IEEE international conference on computer vision},
  pages={3028--3037},
  year={2017}
}

@article{yang2012articulated,
  title={Articulated human detection with flexible mixtures of parts},
  author={Yang, Yi and Ramanan, Deva},
  journal={IEEE transactions on pattern analysis and machine intelligence},
  volume={35},
  number={12},
  pages={2878--2890},
  year={2012},
  publisher={IEEE}
}

@article{eichner20122d,
  title={2d articulated human pose estimation and retrieval in (almost) unconstrained still images},
  author={Eichner, Marcin and Marin-Jimenez, Manuel and Zisserman, Andrew and Ferrari, Vittorio},
  journal={International journal of computer vision},
  volume={99},
  number={2},
  pages={190--214},
  year={2012},
  publisher={Springer}
}

@inproceedings{zhang2013actemes,
  title={From actemes to action: A strongly-supervised representation for detailed action understanding},
  author={Zhang, Weiyu and Zhu, Menglong and Derpanis, Konstantinos G},
  booktitle={Proceedings of the IEEE International Conference on Computer Vision},
  pages={2248--2255},
  year={2013}
}

@inproceedings{bourdev2009poselets,
  title={Poselets: Body part detectors trained using 3d human pose annotations},
  author={Bourdev, Lubomir and Malik, Jitendra},
  booktitle={2009 IEEE 12th International Conference on Computer Vision},
  pages={1365--1372},
  year={2009},
  organization={IEEE}
}

@inproceedings{andriluka2018posetrack,
  title={Posetrack: A benchmark for human pose estimation and tracking},
  author={Andriluka, Mykhaylo and Iqbal, Umar and Insafutdinov, Eldar and Pishchulin, Leonid and Milan, Anton and Gall, Juergen and Schiele, Bernt},
  booktitle={Proceedings of the IEEE conference on computer vision and pattern recognition},
  pages={5167--5176},
  year={2018}
}

@inproceedings{jhuang2013towards,
  title={Towards understanding action recognition},
  author={Jhuang, Hueihan and Gall, Juergen and Zuffi, Silvia and Schmid, Cordelia and Black, Michael J},
  booktitle={Proceedings of the IEEE international conference on computer vision},
  pages={3192--3199},
  year={2013}
}

@inproceedings{sapp2013modec,
  title={Modec: Multimodal decomposable models for human pose estimation},
  author={Sapp, Ben and Taskar, Ben},
  booktitle={Proceedings of the IEEE Conference on Computer Vision and Pattern Recognition},
  pages={3674--3681},
  year={2013}
}

@article{tompson2014joint,
  title={Joint training of a convolutional network and a graphical model for human pose estimation},
  author={Tompson, Jonathan J and Jain, Arjun and LeCun, Yann and Bregler, Christoph},
  journal={Advances in neural information processing systems},
  volume={27},
  pages={1799--1807},
  year={2014}
}

@inproceedings{andriluka20142d,
  title={2d human pose estimation: New benchmark and state of the art analysis},
  author={Andriluka, Mykhaylo and Pishchulin, Leonid and Gehler, Peter and Schiele, Bernt},
  booktitle={Proceedings of the IEEE Conference on computer Vision and Pattern Recognition},
  pages={3686--3693},
  year={2014}
}

@inproceedings{johnson2010clustered,
  title={Clustered Pose and Nonlinear Appearance Models for Human Pose Estimation.},
  author={Johnson, Sam and Everingham, Mark},
  booktitle={bmvc},
  volume={2},
  number={4},
  pages={5},
  year={2010},
  organization={Citeseer}
}

@inproceedings{johnson2011learning,
  title={Learning effective human pose estimation from inaccurate annotation},
  author={Johnson, Sam and Everingham, Mark},
  booktitle={CVPR 2011},
  pages={1465--1472},
  year={2011},
  organization={IEEE}
}

@inproceedings{lin2014microsoft,
  title={Microsoft coco: Common objects in context},
  author={Lin, Tsung-Yi and Maire, Michael and Belongie, Serge and Hays, James and Perona, Pietro and Ramanan, Deva and Doll{\'a}r, Piotr and Zitnick, C Lawrence},
  booktitle={European conference on computer vision},
  pages={740--755},
  year={2014},
  organization={Springer}
}

@article{wu2017ai,
  title={Ai challenger: A large-scale dataset for going deeper in image understanding},
  author={Wu, Jiahong and Zheng, He and Zhao, Bo and Li, Yixin and Yan, Baoming and Liang, Rui and Wang, Wenjia and Zhou, Shipei and Lin, Guosen and Fu, Yanwei and others},
  journal={arXiv preprint arXiv:1711.06475},
  year={2017}
}

@inproceedings{li2019crowdpose,
  title={Crowdpose: Efficient crowded scenes pose estimation and a new benchmark},
  author={Li, Jiefeng and Wang, Can and Zhu, Hao and Mao, Yihuan and Fang, Hao-Shu and Lu, Cewu},
  booktitle={Proceedings of the IEEE/CVF Conference on Computer Vision and Pattern Recognition},
  pages={10863--10872},
  year={2019}
}

@article{marin2014detecting,
  title={Detecting people looking at each other in videos},
  author={Marin-Jimenez, Manuel Jes{\'u}s and Zisserman, Andrew and Eichner, Marcin and Ferrari, Vittorio},
  journal={International Journal of Computer Vision},
  volume={106},
  number={3},
  pages={282--296},
  year={2014},
  publisher={Springer}
}

@inproceedings{eichner2009better,
  title={Better appearance models for pictorial structures.},
  author={Eichner, Marcin and Ferrari, Vittorio and Zurich, S},
  booktitle={Bmvc},
  volume={2},
  pages={5},
  year={2009},
  organization={Citeseer}
}

@article{everingham2010pascal,
  title={The pascal visual object classes (voc) challenge},
  author={Everingham, Mark and Van Gool, Luc and Williams, Christopher KI and Winn, John and Zisserman, Andrew},
  journal={International journal of computer vision},
  volume={88},
  number={2},
  pages={303--338},
  year={2010},
  publisher={Springer}
}

@inproceedings{eichner2010we,
  title={We are family: Joint pose estimation of multiple persons},
  author={Eichner, Marcin and Ferrari, Vittorio},
  booktitle={European conference on computer vision},
  pages={228--242},
  year={2010},
  organization={Springer}
}

@inproceedings{sapp2011parsing,
  title={Parsing human motion with stretchable models},
  author={Sapp, Benjamin and Weiss, David and Taskar, Ben},
  booktitle={CVPR 2011},
  pages={1281--1288},
  year={2011},
  organization={IEEE}
}

@article{eichner2012human,
  title={Human pose co-estimation and applications},
  author={Eichner, Marcin and Ferrari, Vittorio},
  journal={IEEE transactions on pattern analysis and machine intelligence},
  volume={34},
  number={11},
  pages={2282--2288},
  year={2012},
  publisher={IEEE}
}

@inproceedings{wang2011learning,
  title={Learning hierarchical poselets for human parsing},
  author={Wang, Yang and Tran, Duan and Liao, Zicheng},
  booktitle={CVPR 2011},
  pages={1705--1712},
  year={2011},
  organization={IEEE}
}

@inproceedings{li2007and,
  title={What, where and who? classifying events by scene and object recognition},
  author={Li, Li-Jia and Fei-Fei, Li},
  booktitle={2007 IEEE 11th international conference on computer vision},
  pages={1--8},
  year={2007},
  organization={IEEE}
}

@inproceedings{andriluka20142d,
  title={2d human pose estimation: New benchmark and state of the art analysis},
  author={Andriluka, Mykhaylo and Pishchulin, Leonid and Gehler, Peter and Schiele, Bernt},
  booktitle={Proceedings of the IEEE Conference on computer Vision and Pattern Recognition},
  pages={3686--3693},
  year={2014}
}

@article{gong2016human,
  title={Human pose estimation from monocular images: A comprehensive survey},
  author={Gong, Wenjuan and Zhang, Xuena and Gonz{\`a}lez, Jordi and Sobral, Andrews and Bouwmans, Thierry and Tu, Changhe and Zahzah, El-hadi},
  journal={Sensors},
  volume={16},
  number={12},
  pages={1966},
  year={2016},
  publisher={Multidisciplinary Digital Publishing Institute}
}

@article{dijkstra1959note,
  title={A note on two problems in connexion with graphs},
  author={Dijkstra, Edsger W and others},
  journal={Numerische mathematik},
  volume={1},
  number={1},
  pages={269--271},
  year={1959}
}

@article{comaniciu2002mean,
  title={Mean shift: A robust approach toward feature space analysis},
  author={Comaniciu, Dorin and Meer, Peter},
  journal={IEEE Transactions on pattern analysis and machine intelligence},
  volume={24},
  number={5},
  pages={603--619},
  year={2002},
  publisher={IEEE}
}

@inproceedings{he2017mask,
title={Mask r-cnn},
author={He, Kaiming and Gkioxari, Georgia and Doll{\'a}r, Piotr and Girshick, Ross},
booktitle={Proceedings of the IEEE international conference on computer vision},
pages={2961--2969},
year={2017}
}

@article{cuturi2013sinkhorn,
  title={Sinkhorn distances: Lightspeed computation of optimal transport},
  author={Cuturi, Marco},
  journal={Advances in neural information processing systems},
  volume={26},
  pages={2292--2300},
  year={2013}
}

@inproceedings{xu2020alleviating,
title={Alleviating Human-level Shift: A Robust Domain Adaptation Method for Multi-person Pose Estimation},
author={Xu, Xixia and Zou, Qi and Lin, Xue},
booktitle={Proceedings of the 28th ACM International Conference on Multimedia},
pages={2326--2335},
year={2020}
}

@book{villani2009optimal,
  title={Optimal transport: old and new},
  author={Villani, C{\'e}dric},
  volume={338},
  year={2009},
  publisher={Springer}
}



@inproceedings{yuan2020combined,
title={Combined Distillation Pose},
author={Yuan, Lei and Zhang, Shu and Fubiao, Feng and Wei, Naike and Pan, Huadong},
booktitle={Proceedings of the 28th ACM International Conference on Multimedia},
pages={4635--4639},
year={2020}
}

@article{goodfellow2014generative,
  title={Generative adversarial nets},
  author={Goodfellow, Ian and Pouget-Abadie, Jean and Mirza, Mehdi and Xu, Bing and Warde-Farley, David and Ozair, Sherjil and Courville, Aaron and Bengio, Yoshua},
  journal={Advances in neural information processing systems},
  volume={27},
  year={2014}
}

@inproceedings{ladicky2013human,
title={Human pose estimation using a joint pixel-wise and part-wise formulation},
author={Ladicky, Lubor and Torr, Philip HS and Zisserman, Andrew},
booktitle={proceedings of the IEEE Conference on Computer Vision and Pattern Recognition},
pages={3578--3585},
year={2013}
}

@inproceedings{dong2014towards,
title={Towards unified human parsing and pose estimation},
author={Dong, Jian and Chen, Qiang and Shen, Xiaohui and Yang, Jianchao and Yan, Shuicheng},
booktitle={Proceedings of the IEEE Conference on Computer Vision and Pattern Recognition},
pages={843--850},
year={2014}
}

@inproceedings{xia2017joint,
title={Joint multi-person pose estimation and semantic part segmentation},
author={Xia, Fangting and Wang, Peng and Chen, Xianjie and Yuille, Alan L},
booktitle={Proceedings of the IEEE conference on computer vision and pattern recognition},
pages={6769--6778},
year={2017}
}

@inproceedings{nie2018human,
title={Human pose estimation with parsing induced learner},
author={Nie, Xuecheng and Feng, Jiashi and Zuo, Yiming and Yan, Shuicheng},
booktitle={Proceedings of the IEEE Conference on Computer Vision and Pattern Recognition},
pages={2100--2108},
year={2018}
}


@inproceedings{wang2021human,
title={When Human Pose Estimation Meets Robustness: Adversarial Algorithms and Benchmarks},
author={Wang, Jiahang and Jin, Sheng and Liu, Wentao and Liu, Weizhong and Qian, Chen and Luo, Ping},
booktitle={Proceedings of the IEEE/CVF Conference on Computer Vision and Pattern Recognition},
pages={11855--11864},
year={2021}
}

@article{huang2020aid,
title={AID: Pushing the Performance Boundary of Human Pose Estimation with Information Dropping Augmentation},
author={Huang, Junjie and Zhu, Zheng and Huang, Guan and Du, Dalong},
journal={arXiv preprint arXiv:2008.07139},
year={2020}
}

@article{liang2018look,
title={Look into person: Joint body parsing \& pose estimation network and a new benchmark},
author={Liang, Xiaodan and Gong, Ke and Shen, Xiaohui and Lin, Liang},
journal={IEEE transactions on pattern analysis and machine intelligence},
volume={41},
number={4},
pages={871--885},
year={2018},
publisher={IEEE}
}

@inproceedings{duan2019trb,
title={Trb: a novel triplet representation for understanding 2d human body},
author={Duan, Haodong and Lin, Kwan-Yee and Jin, Sheng and Liu, Wentao and Qian, Chen and Ouyang, Wanli},
booktitle={Proceedings of the IEEE/CVF International Conference on Computer Vision},
pages={9479--9488},
year={2019}
}

@inproceedings{cao2017realtime,
  title={Realtime multi-person 2d pose estimation using part affinity fields},
  author={Cao, Zhe and Simon, Tomas and Wei, Shih-En and Sheikh, Yaser},
  booktitle={Proceedings of the IEEE conference on computer vision and pattern recognition},
  pages={7291--7299},
  year={2017}
}

@inproceedings{carion2020end,
  title={End-to-end object detection with transformers},
  author={Carion, Nicolas and Massa, Francisco and Synnaeve, Gabriel and Usunier, Nicolas and Kirillov, Alexander and Zagoruyko, Sergey},
  booktitle={European Conference on Computer Vision},
  pages={213--229},
  year={2020},
  organization={Springer}
}

@article{jaderberg2015spatial,
  title={Spatial transformer networks},
  author={Jaderberg, Max and Simonyan, Karen and Zisserman, Andrew and others},
  journal={Advances in neural information processing systems},
  volume={28},
  pages={2017--2025},
  year={2015}
}

@inproceedings{vaswani2017attention,
  title={Attention is all you need},
  author={Vaswani, Ashish and Shazeer, Noam and Parmar, Niki and Uszkoreit, Jakob and Jones, Llion and Gomez, Aidan N and Kaiser, {\L}ukasz and Polosukhin, Illia},
  booktitle={Advances in neural information processing systems},
  pages={5998--6008},
  year={2017}
}


@article{newell2016associative,
  title={Associative embedding: End-to-end learning for joint detection and grouping},
  author={Newell, Alejandro and Huang, Zhiao and Deng, Jia},
  journal={arXiv preprint arXiv:1611.05424},
  year={2016}
}

@article{luo2018multi,
title={Multi-person pose estimation via multi-layer fractal network and joints kinship pattern},
author={Luo, Yanmin and Xu, Zhitong and Liu, Peizhong and Du, Yongzhao and Guo, Jing-Ming},
journal={IEEE Transactions on Image Processing},
volume={28},
number={1},
pages={142--155},
year={2018},
publisher={IEEE}
}

@inproceedings{hidalgo2019single,
title={Single-network whole-body pose estimation},
author={Hidalgo, Gines and Raaj, Yaadhav and Idrees, Haroon and Xiang, Donglai and Joo, Hanbyul and Simon, Tomas and Sheikh, Yaser},
booktitle={Proceedings of the IEEE/CVF International Conference on Computer Vision},
pages={6982--6991},
year={2019}
}

@inproceedings{kocabas2018multiposenet,
title={Multiposenet: Fast multi-person pose estimation using pose residual network},
author={Kocabas, Muhammed and Karagoz, Salih and Akbas, Emre},
booktitle={Proceedings of the European conference on computer vision (ECCV)},
pages={417--433},
year={2018}
}

@inproceedings{pishchulin2016deepcut,
title={Deepcut: Joint subset partition and labeling for multi person pose estimation},
author={Pishchulin, Leonid and Insafutdinov, Eldar and Tang, Siyu and Andres, Bjoern and Andriluka, Mykhaylo and Gehler, Peter V and Schiele, Bernt},
booktitle={Proceedings of the IEEE conference on computer vision and pattern recognition},
pages={4929--4937},
year={2016}
}

@inproceedings{insafutdinov2016deepercut,
title={Deepercut: A deeper, stronger, and faster multi-person pose estimation model},
author={Insafutdinov, Eldar and Pishchulin, Leonid and Andres, Bjoern and Andriluka, Mykhaylo and Schiele, Bernt},
booktitle={European Conference on Computer Vision},
pages={34--50},
year={2016},
organization={Springer}
}

@inproceedings{wang2020ktn,
title={KTN: Knowledge Transfer Network for Multi-person DensePose Estimation},
author={Wang, Xuanhan and Gao, Lianli and Song, Jingkuan and Shen, Heng Tao},
booktitle={Proceedings of the 28th ACM International Conference on Multimedia},
pages={3780--3788},
year={2020}
}

@inproceedings{li2020simple,
title={Simple pose: Rethinking and improving a bottom-up approach for multi-person pose estimation},
author={Li, Jia and Su, Wen and Wang, Zengfu},
booktitle={Proceedings of the AAAI conference on artificial intelligence},
volume={34},
number={07},
pages={11354--11361},
year={2020}
}

@inproceedings{geng2021bottom,
title={Bottom-Up Human Pose Estimation Via Disentangled Keypoint Regression},
author={Geng, Zigang and Sun, Ke and Xiao, Bin and Zhang, Zhaoxiang and Wang, Jingdong},
booktitle={Proceedings of the IEEE/CVF Conference on Computer Vision and Pattern Recognition},
pages={14676--14686},
year={2021}
}

@inproceedings{li2021pose,
title={Pose Recognition with Cascade Transformers},
author={Li, Ke and Wang, Shijie and Zhang, Xiang and Xu, Yifan and Xu, Weijian and Tu, Zhuowen},
booktitle={Proceedings of the IEEE/CVF Conference on Computer Vision and Pattern Recognition},
pages={1944--1953},
year={2021}
}

@inproceedings{mao2021fcpose,
title={FCPose: Fully Convolutional Multi-Person Pose Estimation with Dynamic Instance-Aware Convolutions},
author={Mao, Weian and Tian, Zhi and Wang, Xinlong and Shen, Chunhua},
booktitle={Proceedings of the IEEE/CVF Conference on Computer Vision and Pattern Recognition},
pages={9034--9043},
year={2021}
}

@inproceedings{wei2020point,
title={Point-set anchors for object detection, instance segmentation and pose estimation},
author={Wei, Fangyun and Sun, Xiao and Li, Hongyang and Wang, Jingdong and Lin, Stephen},
booktitle={European Conference on Computer Vision},
pages={527--544},
year={2020},
organization={Springer}
}

@inproceedings{varamesh2020mixture,
title={Mixture dense regression for object detection and human pose estimation},
author={Varamesh, Ali and Tuytelaars, Tinne},
booktitle={Proceedings of the IEEE/CVF Conference on Computer Vision and Pattern Recognition},
pages={13086--13095},
year={2020}
}

@inproceedings{nie2019single,
title={Single-stage multi-person pose machines},
author={Nie, Xuecheng and Feng, Jiashi and Zhang, Jianfeng and Yan, Shuicheng},
booktitle={Proceedings of the IEEE/CVF International Conference on Computer Vision},
pages={6951--6960},
year={2019}
}

@inproceedings{nie2018pose,
title={Pose partition networks for multi-person pose estimation},
author={Nie, Xuecheng and Feng, Jiashi and Xing, Junliang and Yan, Shuicheng},
booktitle={Proceedings of the european conference on computer vision (eccv)},
pages={684--699},
year={2018}
}

@inproceedings{cheng2020higherhrnet,
title={Higherhrnet: Scale-aware representation learning for bottom-up human pose estimation},
author={Cheng, Bowen and Xiao, Bin and Wang, Jingdong and Shi, Honghui and Huang, Thomas S and Zhang, Lei},
booktitle={Proceedings of the IEEE/CVF Conference on Computer Vision and Pattern Recognition},
pages={5386--5395},
year={2020}
}

@inproceedings{luo2021rethinking,
title={Rethinking the Heatmap Regression for Bottom-up Human Pose Estimation},
author={Luo, Zhengxiong and Wang, Zhicheng and Huang, Yan and Wang, Liang and Tan, Tieniu and Zhou, Erjin},
booktitle={Proceedings of the IEEE/CVF Conference on Computer Vision and Pattern Recognition},
pages={13264--13273},
year={2021}
}

@inproceedings{zhang2018shufflenet,
  title={Shufflenet: An extremely efficient convolutional neural network for mobile devices},
  author={Zhang, Xiangyu and Zhou, Xinyu and Lin, Mengxiao and Sun, Jian},
  booktitle={Proceedings of the IEEE conference on computer vision and pattern recognition},
  pages={6848--6856},
  year={2018}
}

@article{chao2020directional,
  title={Directional pruning of deep neural networks},
  author={Chao, Shih-Kang and Wang, Zhanyu and Xing, Yue and Cheng, Guang},
  journal={arXiv preprint arXiv:2006.09358},
  year={2020}
}

@article{chen2019storage,
  title={Storage Efficient and Dynamic Flexible Runtime Channel Pruning via Deep Reinforcement Learning},
  author={Chen, Jianda and Chen, Shangyu and Pan, Sinno Jialin},
  year={2019}
}

@article{bartoldson2019generalization,
  title={The generalization-stability tradeoff in neural network pruning},
  author={Bartoldson, Brian R and Morcos, Ari S and Barbu, Adrian and Erlebacher, Gordon},
  journal={arXiv preprint arXiv:1906.03728},
  year={2019}
}

@article{hinton2015distilling,
  title={Distilling the knowledge in a neural network},
  author={Hinton, Geoffrey and Vinyals, Oriol and Dean, Jeff},
  journal={arXiv preprint arXiv:1503.02531},
  year={2015}
}

@article{wang2019deepvid,
  title={Deepvid: Deep visual interpretation and diagnosis for image classifiers via knowledge distillation},
  author={Wang, Junpeng and Gou, Liang and Zhang, Wei and Yang, Hao and Shen, Han-Wei},
  journal={IEEE transactions on visualization and computer graphics},
  volume={25},
  number={6},
  pages={2168--2180},
  year={2019},
  publisher={IEEE}
}

@inproceedings{mirzadeh2020improved,
  title={Improved knowledge distillation via teacher assistant},
  author={Mirzadeh, Seyed Iman and Farajtabar, Mehrdad and Li, Ang and Levine, Nir and Matsukawa, Akihiro and Ghasemzadeh, Hassan},
  booktitle={Proceedings of the AAAI Conference on Artificial Intelligence},
  volume={34},
  number={04},
  pages={5191--5198},
  year={2020}
}

@article{romero2014fitnets,
  title={Fitnets: Hints for thin deep nets},
  author={Romero, Adriana and Ballas, Nicolas and Kahou, Samira Ebrahimi and Chassang, Antoine and Gatta, Carlo and Bengio, Yoshua},
  journal={arXiv preprint arXiv:1412.6550},
  year={2014}
}

@inproceedings{zhou2018rocket,
  title={Rocket launching: A universal and efficient framework for training well-performing light net},
  author={Zhou, Guorui and Fan, Ying and Cui, Runpeng and Bian, Weijie and Zhu, Xiaoqiang and Gai, Kun},
  booktitle={Thirty-second AAAI conference on artificial intelligence},
  year={2018}
}

@inproceedings{yu2021lite,
title={Lite-hrnet: A lightweight high-resolution network},
author={Yu, Changqian and Xiao, Bin and Gao, Changxin and Yuan, Lu and Zhang, Lei and Sang, Nong and Wang, Jingdong},
booktitle={Proceedings of the IEEE/CVF Conference on Computer Vision and Pattern Recognition},
pages={10440--10450},
year={2021}
}

@inproceedings{li2021synthetic,
title={From Synthetic to Real: Unsupervised Domain Adaptation for Animal Pose Estimation},
author={Li, Chen and Lee, Gim Hee},
booktitle={Proceedings of the IEEE/CVF Conference on Computer Vision and Pattern Recognition},
pages={1482--1491},
year={2021}
}



@InProceedings{Zhang_2015_ICCV,
author = {Zhang, Dong and Shah, Mubarak},
title = {Human Pose Estimation in Videos},
booktitle = {Proceedings of the IEEE International Conference on Computer Vision (ICCV)},
month = {December},
year = {2015}
}

@InProceedings{He_2017_ICCV,
author = {He, Kaiming and Gkioxari, Georgia and Dollar, Piotr and Girshick, Ross},
title = {Mask R-CNN},
booktitle = {Proceedings of the IEEE International Conference on Computer Vision (ICCV)},
month = {Oct},
year = {2017}
}

@InProceedings{Dosovitskiy_2015_ICCV,
author = {Dosovitskiy, Alexey and Fischer, Philipp and Ilg, Eddy and Hausser, Philip and Hazirbas, Caner and Golkov, Vladimir and van der Smagt, Patrick and Cremers, Daniel and Brox, Thomas},
title = {FlowNet: Learning Optical Flow With Convolutional Networks},
booktitle = {Proceedings of the IEEE International Conference on Computer Vision (ICCV)},
month = {December},
year = {2015}
}

@InProceedings{Ilg_2017_CVPR,
author = {Ilg, Eddy and Mayer, Nikolaus and Saikia, Tonmoy and Keuper, Margret and Dosovitskiy, Alexey and Brox, Thomas},
title = {FlowNet 2.0: Evolution of Optical Flow Estimation With Deep Networks},
booktitle = {Proceedings of the IEEE Conference on Computer Vision and Pattern Recognition (CVPR)},
month = {July},
year = {2017}
}

@article{luvizon2019human,
  title={Human pose regression by combining indirect part detection and contextual information},
  author={Luvizon, Diogo C and Tabia, Hedi and Picard, David},
  journal={Computers \& Graphics},
  volume={85},
  pages={15--22},
  year={2019},
  publisher={Elsevier}
}

@inproceedings{insafutdinov2016deepercut,
  title={Deepercut: A deeper, stronger, and faster multi-person pose estimation model},
  author={Insafutdinov, Eldar and Pishchulin, Leonid and Andres, Bjoern and Andriluka, Mykhaylo and Schiele, Bernt},
  booktitle={European Conference on Computer Vision},
  pages={34--50},
  year={2016},
  organization={Springer}
}

@inproceedings{nie2018mutual,
  title={Mutual learning to adapt for joint human parsing and pose estimation},
  author={Nie, Xuecheng and Feng, Jiashi and Yan, Shuicheng},
  booktitle={Proceedings of the European Conference on Computer Vision (ECCV)},
  pages={502--517},
  year={2018}
}

@article{ren2015faster,
  title={Faster r-cnn: Towards real-time object detection with region proposal networks},
  author={Ren, Shaoqing and He, Kaiming and Girshick, Ross and Sun, Jian},
  journal={Advances in neural information processing systems},
  volume={28},
  pages={91--99},
  year={2015}
}

@inproceedings{yang2017learning,
  title={Learning feature pyramids for human pose estimation},
  author={Yang, Wei and Li, Shuang and Ouyang, Wanli and Li, Hongsheng and Wang, Xiaogang},
  booktitle={proceedings of the IEEE international conference on computer vision},
  pages={1281--1290},
  year={2017}
}

@article{simonyan2014very,
  title={Very deep convolutional networks for large-scale image recognition},
  author={Simonyan, Karen and Zisserman, Andrew},
  journal={arXiv preprint arXiv:1409.1556},
  year={2014}
}

@inproceedings{tang2018deeply,
  title={Deeply learned compositional models for human pose estimation},
  author={Tang, Wei and Yu, Pei and Wu, Ying},
  booktitle={Proceedings of the European conference on computer vision (ECCV)},
  pages={190--206},
  year={2018}
}

@inproceedings{liu2018cascaded,
  title={A cascaded inception of inception network with attention modulated feature fusion for human pose estimation},
  author={Liu, Wentao and Chen, Jie and Li, Cheng and Qian, Chen and Chu, Xiao and Hu, Xiaolin},
  booktitle={Thirty-Second AAAI Conference on Artificial Intelligence},
  year={2018}
}

@inproceedings{ramakrishna2014pose,
  title={Pose machines: Articulated pose estimation via inference machines},
  author={Ramakrishna, Varun and Munoz, Daniel and Hebert, Martial and Bagnell, James Andrew and Sheikh, Yaser},
  booktitle={European Conference on Computer Vision},
  pages={33--47},
  year={2014},
  organization={Springer}
}

@inproceedings{jiang2020pay,
  title={Pay Attention Selectively and Comprehensively: Pyramid Gating Network for Human Pose Estimation without Pre-training},
  author={Jiang, Chenru and Huang, Kaizhu and Zhang, Shufei and Wang, Xinheng and Xiao, Jimin},
  booktitle={Proceedings of the 28th ACM International Conference on Multimedia},
  pages={2364--2371},
  year={2020}
}

@inproceedings{ke2018multi,
  title={Multi-scale structure-aware network for human pose estimation},
  author={Ke, Lipeng and Chang, Ming-Ching and Qi, Honggang and Lyu, Siwei},
  booktitle={Proceedings of the european conference on computer vision (ECCV)},
  pages={713--728},
  year={2018}
}

@inproceedings{szegedy2015going,
  title={Going deeper with convolutions},
  author={Szegedy, Christian and Liu, Wei and Jia, Yangqing and Sermanet, Pierre and Reed, Scott and Anguelov, Dragomir and Erhan, Dumitru and Vanhoucke, Vincent and Rabinovich, Andrew},
  booktitle={Proceedings of the IEEE conference on computer vision and pattern recognition},
  pages={1--9},
  year={2015}
}

@article{kipf2016semi,
  title={Semi-supervised classification with graph convolutional networks},
  author={Kipf, Thomas N and Welling, Max},
  journal={arXiv preprint arXiv:1609.02907},
  year={2016}
}

@article{krizhevsky2012imagenet,
  title={Imagenet classification with deep convolutional neural networks},
  author={Krizhevsky, Alex and Sutskever, Ilya and Hinton, Geoffrey E},
  journal={Advances in neural information processing systems},
  volume={25},
  pages={1097--1105},
  year={2012}
}

@inproceedings{qiu2020peeking,
  title={Peeking into occluded joints: A novel framework for crowd pose estimation},
  author={Qiu, Lingteng and Zhang, Xuanye and Li, Yanran and Li, Guanbin and Wu, Xiaojun and Xiong, Zixiang and Han, Xiaoguang and Cui, Shuguang},
  booktitle={European Conference on Computer Vision},
  pages={488--504},
  year={2020},
  organization={Springer}
}

@inproceedings{wang2020graph,
  title={Graph-pcnn: Two stage human pose estimation with graph pose refinement},
  author={Wang, Jian and Long, Xiang and Gao, Yuan and Ding, Errui and Wen, Shilei},
  booktitle={European Conference on Computer Vision},
  pages={492--508},
  year={2020},
  organization={Springer}
}

@inproceedings{yu2021lite,
  title={Lite-hrnet: A lightweight high-resolution network},
  author={Yu, Changqian and Xiao, Bin and Gao, Changxin and Yuan, Lu and Zhang, Lei and Sang, Nong and Wang, Jingdong},
  booktitle={Proceedings of the IEEE/CVF Conference on Computer Vision and Pattern Recognition},
  pages={10440--10450},
  year={2021}
}

@inproceedings{geng2021bottom,
  title={Bottom-Up Human Pose Estimation Via Disentangled Keypoint Regression},
  author={Geng, Zigang and Sun, Ke and Xiao, Bin and Zhang, Zhaoxiang and Wang, Jingdong},
  booktitle={Proceedings of the IEEE/CVF Conference on Computer Vision and Pattern Recognition},
  pages={14676--14686},
  year={2021}
}

@inproceedings{luo2021rethinking,
  title={Rethinking the Heatmap Regression for Bottom-up Human Pose Estimation},
  author={Luo, Zhengxiong and Wang, Zhicheng and Huang, Yan and Wang, Liang and Tan, Tieniu and Zhou, Erjin},
  booktitle={Proceedings of the IEEE/CVF Conference on Computer Vision and Pattern Recognition},
  pages={13264--13273},
  year={2021}
}

@inproceedings{wei2020point,
  title={Point-set anchors for object detection, instance segmentation and pose estimation},
  author={Wei, Fangyun and Sun, Xiao and Li, Hongyang and Wang, Jingdong and Lin, Stephen},
  booktitle={European Conference on Computer Vision},
  pages={527--544},
  year={2020},
  organization={Springer}
}

@inproceedings{jin2020differentiable,
  title={Differentiable hierarchical graph grouping for multi-person pose estimation},
  author={Jin, Sheng and Liu, Wentao and Xie, Enze and Wang, Wenhai and Qian, Chen and Ouyang, Wanli and Luo, Ping},
  booktitle={European Conference on Computer Vision},
  pages={718--734},
  year={2020},
  organization={Springer}
}

@article{felzenszwalb2005pictorial,
  title={Pictorial structures for object recognition},
  author={Felzenszwalb, Pedro F and Huttenlocher, Daniel P},
  journal={International journal of computer vision},
  volume={61},
  number={1},
  pages={55--79},
  year={2005},
  publisher={Springer}
}

@inproceedings{ju1996cardboard,
  title={Cardboard people: A parameterized model of articulated image motion},
  author={Ju, Shanon X and Black, Michael J and Yacoob, Yaser},
  booktitle={Proceedings of the Second International Conference on Automatic Face and Gesture Recognition},
  pages={38--44},
  year={1996},
  organization={IEEE}
}

@inproceedings{sidenbladh2000framework,
  title={A framework for modeling the appearance of 3D articulated figures},
  author={Sidenbladh, Hedvig and De la Torre, Fernando and Black, Michael J},
  booktitle={Proceedings Fourth IEEE International Conference on Automatic Face and Gesture Recognition (Cat. No. PR00580)},
  pages={368--375},
  year={2000},
  organization={IEEE}
}

@inproceedings{zhou2020occlusion,
  title={Occlusion-aware siamese network for human pose estimation},
  author={Zhou, Lu and Chen, Yingying and Gao, Yunze and Wang, Jinqiao and Lu, Hanqing},
  booktitle={European Conference on Computer Vision},
  pages={396--412},
  year={2020},
  organization={Springer}
}

@inproceedings{chen2018cascaded,
  title={Cascaded pyramid network for multi-person pose estimation},
  author={Chen, Yilun and Wang, Zhicheng and Peng, Yuxiang and Zhang, Zhiqiang and Yu, Gang and Sun, Jian},
  booktitle={Proceedings of the IEEE conference on computer vision and pattern recognition},
  pages={7103--7112},
  year={2018}
}

@inproceedings{sun2017compositional,
  title={Compositional human pose regression},
  author={Sun, Xiao and Shang, Jiaxiang and Liang, Shuang and Wei, Yichen},
  booktitle={Proceedings of the IEEE International Conference on Computer Vision},
  pages={2602--2611},
  year={2017}
}

@inproceedings{fieraru2018learning,
  title={Learning to refine human pose estimation},
  author={Fieraru, Mihai and Khoreva, Anna and Pishchulin, Leonid and Schiele, Bernt},
  booktitle={Proceedings of the IEEE conference on computer vision and pattern recognition workshops},
  pages={205--214},
  year={2018}
}

@inproceedings{sun2018integral,
  title={Integral human pose regression},
  author={Sun, Xiao and Xiao, Bin and Wei, Fangyin and Liang, Shuang and Wei, Yichen},
  booktitle={Proceedings of the European Conference on Computer Vision (ECCV)},
  pages={529--545},
  year={2018}
}

@inproceedings{xu2021vipnas,
  title={ViPNAS: Efficient Video Pose Estimation via Neural Architecture Search},
  author={Xu, Lumin and Guan, Yingda and Jin, Sheng and Liu, Wentao and Qian, Chen and Luo, Ping and Ouyang, Wanli and Wang, Xiaogang},
  booktitle={Proceedings of the IEEE/CVF Conference on Computer Vision and Pattern Recognition},
  pages={16072--16081},
  year={2021}
}

@inproceedings{bin2020adversarial,
  title={Adversarial semantic data augmentation for human pose estimation},
  author={Bin, Yanrui and Cao, Xuan and Chen, Xinya and Ge, Yanhao and Tai, Ying and Wang, Chengjie and Li, Jilin and Huang, Feiyue and Gao, Changxin and Sang, Nong},
  booktitle={European Conference on Computer Vision},
  pages={606--622},
  year={2020},
  organization={Springer}
}


@inproceedings{zhao2018through,
  title={Through-wall human pose estimation using radio signals},
  author={Zhao, Mingmin and Li, Tianhong and Abu Alsheikh, Mohammad and Tian, Yonglong and Zhao, Hang and Torralba, Antonio and Katabi, Dina},
  booktitle={Proceedings of the IEEE Conference on Computer Vision and Pattern Recognition},
  pages={7356--7365},
  year={2018}
}

@inproceedings{wang2019person,
  title={Person-in-WiFi: Fine-grained person perception using WiFi},
  author={Wang, Fei and Zhou, Sanping and Panev, Stanislav and Han, Jinsong and Huang, Dong},
  booktitle={Proceedings of the IEEE/CVF International Conference on Computer Vision},
  pages={5452--5461},
  year={2019}
}

@article{guo2019signal,
  title={From signal to image: Capturing fine-grained human poses with commodity Wi-Fi},
  author={Guo, Lingchao and Lu, Zhaoming and Wen, Xiangming and Zhou, Shuang and Han, Zijun},
  journal={IEEE Communications Letters},
  volume={24},
  number={4},
  pages={802--806},
  year={2019},
  publisher={IEEE}
}

@article{wang2019can,
  title={Can WiFi estimate person pose?},
  author={Wang, Fei and Panev, Stanislav and Dai, Ziyi and Han, Jinsong and Huang, Dong},
  journal={arXiv preprint arXiv:1904.00277},
  year={2019}
}

@inproceedings{li2020capturing,
  title={Capturing Human Pose Using mmWave Radar},
  author={Li, Guangzheng and Zhang, Ze and Yang, Hanmei and Pan, Jin and Chen, Dayin and Zhang, Jin},
  booktitle={2020 IEEE International Conference on Pervasive Computing and Communications Workshops (PerCom Workshops)},
  pages={1--6},
  year={2020},
  organization={IEEE}
}

@article{munea2020progress,
  title={The progress of human pose estimation: a survey and taxonomy of models applied in 2D human pose estimation},
  author={Munea, Tewodros Legesse and Jembre, Yalew Zelalem and Weldegebriel, Halefom Tekle and Chen, Longbiao and Huang, Chenxi and Yang, Chenhui},
  journal={IEEE Access},
  volume={8},
  pages={133330--133348},
  year={2020},
  publisher={IEEE}
}

@article{zheng2020deep,
  title={Deep Learning-Based Human Pose Estimation: A Survey},
  author={Zheng, Ce and Wu, Wenhan and Yang, Taojiannan and Zhu, Sijie and Chen, Chen and Liu, Ruixu and Shen, Ju and Kehtarnavaz, Nasser and Shah, Mubarak},
  journal={arXiv preprint arXiv:2012.13392},
  year={2020}
}

@inproceedings{li2020capturing,
  title={Capturing Human Pose Using mmWave Radar},
  author={Li, Guangzheng and Zhang, Ze and Yang, Hanmei and Pan, Jin and Chen, Dayin and Zhang, Jin},
  booktitle={2020 IEEE International Conference on Pervasive Computing and Communications Workshops (PerCom Workshops)},
  pages={1--6},
  year={2020},
  organization={IEEE}
}

@article{gong2016human,
  title={Human pose estimation from monocular images: A comprehensive survey},
  author={Gong, Wenjuan and Zhang, Xuena and Gonz{\`a}lez, Jordi and Sobral, Andrews and Bouwmans, Thierry and Tu, Changhe and Zahzah, El-hadi},
  journal={Sensors},
  volume={16},
  number={12},
  pages={1966},
  year={2016},
  publisher={Multidisciplinary Digital Publishing Institute}
}

@article{chen2020monocular,
  title={Monocular human pose estimation: A survey of deep learning-based methods},
  author={Chen, Yucheng and Tian, Yingli and He, Mingyi},
  journal={Computer Vision and Image Understanding},
  volume={192},
  pages={102897},
  year={2020},
  publisher={Elsevier}
}

@article{sarafianos20163d,
  title={3d human pose estimation: A review of the literature and analysis of covariates},
  author={Sarafianos, Nikolaos and Boteanu, Bogdan and Ionescu, Bogdan and Kakadiaris, Ioannis A},
  journal={Computer Vision and Image Understanding},
  volume={152},
  pages={1--20},
  year={2016},
  publisher={Elsevier}
}

@article{liu2015survey,
  title={A survey of human pose estimation: the body parts parsing based methods},
  author={Liu, Zhao and Zhu, Jianke and Bu, Jiajun and Chen, Chun},
  journal={Journal of Visual Communication and Image Representation},
  volume={32},
  pages={10--19},
  year={2015},
  publisher={Elsevier}
}

@article{moeslund2001survey,
  title={A survey of computer vision-based human motion capture},
  author={Moeslund, Thomas B and Granum, Erik},
  journal={Computer vision and image understanding},
  volume={81},
  number={3},
  pages={231--268},
  year={2001},
  publisher={Elsevier}
}

@article{holte2012human,
  title={Human pose estimation and activity recognition from multi-view videos: Comparative explorations of recent developments},
  author={Holte, Michael B and Tran, Cuong and Trivedi, Mohan M and Moeslund, Thomas B},
  journal={IEEE Journal of selected topics in signal processing},
  volume={6},
  number={5},
  pages={538--552},
  year={2012},
  publisher={IEEE}
}

@book{moeslund2011visual,
  title={Visual analysis of humans},
  author={Moeslund, Thomas B and Hilton, Adrian and Kr{\"u}ger, Volker and Sigal, Leonid},
  year={2011},
  publisher={Springer}
}

@article{ji2009advances,
  title={Advances in view-invariant human motion analysis: A review},
  author={Ji, Xiaofei and Liu, Honghai},
  journal={IEEE Transactions on Systems, Man, and Cybernetics, Part C (Applications and Reviews)},
  volume={40},
  number={1},
  pages={13--24},
  year={2009},
  publisher={IEEE}
}

@article{poppe2007vision,
  title={Vision-based human motion analysis: An overview},
  author={Poppe, Ronald},
  journal={Computer vision and image understanding},
  volume={108},
  number={1-2},
  pages={4--18},
  year={2007},
  publisher={Elsevier}
}

@article{moeslund2006survey,
  title={A survey of advances in vision-based human motion capture and analysis},
  author={Moeslund, Thomas B and Hilton, Adrian and Kr{\"u}ger, Volker},
  journal={Computer vision and image understanding},
  volume={104},
  number={2-3},
  pages={90--126},
  year={2006},
  publisher={Elsevier}
}

@article{lecun1998gradient,
  title={Gradient-based learning applied to document recognition},
  author={LeCun, Yann and Bottou, L{\'e}on and Bengio, Yoshua and Haffner, Patrick},
  journal={Proceedings of the IEEE},
  volume={86},
  number={11},
  pages={2278--2324},
  year={1998},
  publisher={Ieee}
}

@inproceedings{naksuk2005whole,
  title={Whole-body human-to-humanoid motion transfer},
  author={Naksuk, Nirut and Lee, CS George and Rietdyk, Shirley},
  booktitle={5th IEEE-RAS International Conference on Humanoid Robots, 2005.},
  pages={104--109},
  year={2005},
  organization={IEEE}
}

@inproceedings{kappel2021high,
  title={High-Fidelity Neural Human Motion Transfer from Monocular Video},
  author={Kappel, Moritz and Golyanik, Vladislav and Elgharib, Mohamed and Henningson, Jann-Ole and Seidel, Hans-Peter and Castillo, Susana and Theobalt, Christian and Magnor, Marcus},
  booktitle={Proceedings of the IEEE/CVF Conference on Computer Vision and Pattern Recognition},
  pages={1541--1550},
  year={2021}
}

@inproceedings{chan2019everybody,
  title={Everybody dance now},
  author={Chan, Caroline and Ginosar, Shiry and Zhou, Tinghui and Efros, Alexei A},
  booktitle={Proceedings of the IEEE/CVF International Conference on Computer Vision},
  pages={5933--5942},
  year={2019}
}

@inproceedings{gong2018instance,
  title={Instance-level human parsing via part grouping network},
  author={Gong, Ke and Liang, Xiaodan and Li, Yicheng and Chen, Yimin and Yang, Ming and Lin, Liang},
  booktitle={Proceedings of the European Conference on Computer Vision (ECCV)},
  pages={770--785},
  year={2018}
}

@inproceedings{gong2017look,
  title={Look into person: Self-supervised structure-sensitive learning and a new benchmark for human parsing},
  author={Gong, Ke and Liang, Xiaodan and Zhang, Dongyu and Shen, Xiaohui and Lin, Liang},
  booktitle={Proceedings of the IEEE Conference on Computer Vision and Pattern Recognition},
  pages={932--940},
  year={2017}
}

@inproceedings{ruan2019devil,
  title={Devil in the details: Towards accurate single and multiple human parsing},
  author={Ruan, Tao and Liu, Ting and Huang, Zilong and Wei, Yunchao and Wei, Shikui and Zhao, Yao},
  booktitle={Proceedings of the AAAI Conference on Artificial Intelligence},
  volume={33},
  number={01},
  pages={4814--4821},
  year={2019}
}

@inproceedings{baccouche2011sequential,
  title={Sequential deep learning for human action recognition},
  author={Baccouche, Moez and Mamalet, Franck and Wolf, Christian and Garcia, Christophe and Baskurt, Atilla},
  booktitle={International workshop on human behavior understanding},
  pages={29--39},
  year={2011},
  organization={Springer}
}

@article{ji20123d,
  title={3D convolutional neural networks for human action recognition},
  author={Ji, Shuiwang and Xu, Wei and Yang, Ming and Yu, Kai},
  journal={IEEE transactions on pattern analysis and machine intelligence},
  volume={35},
  number={1},
  pages={221--231},
  year={2012},
  publisher={IEEE}
}

@inproceedings{wang2013action,
  title={Action recognition with improved trajectories},
  author={Wang, Heng and Schmid, Cordelia},
  booktitle={Proceedings of the IEEE international conference on computer vision},
  pages={3551--3558},
  year={2013}
}

@inproceedings{martinez2017simple,
  title={A simple yet effective baseline for 3d human pose estimation},
  author={Martinez, Julieta and Hossain, Rayat and Romero, Javier and Little, James J},
  booktitle={Proceedings of the IEEE International Conference on Computer Vision},
  pages={2640--2649},
  year={2017}
}

@article{mehta2017vnect,
  title={Vnect: Real-time 3d human pose estimation with a single rgb camera},
  author={Mehta, Dushyant and Sridhar, Srinath and Sotnychenko, Oleksandr and Rhodin, Helge and Shafiei, Mohammad and Seidel, Hans-Peter and Xu, Weipeng and Casas, Dan and Theobalt, Christian},
  journal={ACM Transactions on Graphics (TOG)},
  volume={36},
  number={4},
  pages={1--14},
  year={2017},
  publisher={ACM New York, NY, USA}
}

@inproceedings{chen20173d,
  title={3d human pose estimation= 2d pose estimation+ matching},
  author={Chen, Ching-Hang and Ramanan, Deva},
  booktitle={Proceedings of the IEEE Conference on Computer Vision and Pattern Recognition},
  pages={7035--7043},
  year={2017}
}

@inproceedings{zhao2018through,
  title={Through-wall human pose estimation using radio signals},
  author={Zhao, Mingmin and Li, Tianhong and Abu Alsheikh, Mohammad and Tian, Yonglong and Zhao, Hang and Torralba, Antonio and Katabi, Dina},
  booktitle={Proceedings of the IEEE Conference on Computer Vision and Pattern Recognition},
  pages={7356--7365},
  year={2018}
}

@inproceedings{iqbal2017pose,
  title={Pose for action-action for pose},
  author={Iqbal, Umar and Garbade, Martin and Gall, Juergen},
  booktitle={2017 12th IEEE International Conference on Automatic Face \& Gesture Recognition (FG 2017)},
  pages={438--445},
  year={2017},
  organization={IEEE}
}

@inproceedings{xiaohan2015joint,
  title={Joint action recognition and pose estimation from video},
  author={Xiaohan Nie, Bruce and Xiong, Caiming and Zhu, Song-Chun},
  booktitle={Proceedings of the IEEE Conference on Computer Vision and Pattern Recognition},
  pages={1293--1301},
  year={2015}
}

@inproceedings{park2011n,
  title={N-best maximal decoders for part models},
  author={Park, Dennis and Ramanan, Deva},
  booktitle={2011 International Conference on Computer Vision},
  pages={2627--2634},
  year={2011},
  organization={IEEE}
}

@inproceedings{martinez2017human,
  title={On human motion prediction using recurrent neural networks},
  author={Martinez, Julieta and Black, Michael J and Romero, Javier},
  booktitle={Proceedings of the IEEE Conference on Computer Vision and Pattern Recognition},
  pages={2891--2900},
  year={2017}
}



@inproceedings{liu2019towards,
  title={Towards natural and accurate future motion prediction of humans and animals},
  author={Liu, Zhenguang and Wu, Shuang and Jin, Shuyuan and Liu, Qi and Lu, Shijian and Zimmermann, Roger and Cheng, Li},
  booktitle={Proceedings of the IEEE/CVF Conference on Computer Vision and Pattern Recognition},
  pages={10004--10012},
  year={2019}
}

@inproceedings{liu2021deep,
  title={Deep Dual Consecutive Network for Human Pose Estimation},
  author={Liu, Zhenguang and Chen, Haoming and Feng, Runyang and Wu, Shuang and Ji, Shouling and Yang, Bailin and Wang, Xun},
  booktitle={Proceedings of the IEEE/CVF Conference on Computer Vision and Pattern Recognition},
  pages={525--534},
  year={2021}
}

@inproceedings{Jhuang:ICCV:2013,
title = {Towards understanding action recognition},
author = {H. Jhuang and J. Gall and S. Zuffi and C. Schmid and M. J. Black},
booktitle = {International Conf. on Computer Vision (ICCV)},
month = Dec,
pages = {3192-3199},
year = {2013}
}

@inproceedings{chang2020towards,
  title={Towards Accurate Human Pose Estimation in Videos of Crowded Scenes},
  author={Chang, Shuning and Yuan, Li and Nie, Xuecheng and Huang, Ziyuan and Zhou, Yichen and Chen, Yupeng and Feng, Jiashi and Yan, Shuicheng},
  booktitle={Proceedings of the 28th ACM International Conference on Multimedia},
  pages={4630--4634},
  year={2020}
}

@inproceedings{zhou2020temporal,
  title={Temporal Keypoint Matching and Refinement Network for Pose Estimation and Tracking},
  author={Zhou, Chunluan and Ren, Zhou and Hua, Gang},
  booktitle={European Conference on Computer Vision},
  pages={680--695},
  year={2020},
  organization={Springer}
}

@inproceedings{nie2019dynamic,
  title={Dynamic kernel distillation for efficient pose estimation in videos},
  author={Nie, Xuecheng and Li, Yuncheng and Luo, Linjie and Zhang, Ning and Feng, Jiashi},
  booktitle={Proceedings of the IEEE/CVF International Conference on Computer Vision},
  pages={6942--6950},
  year={2019}
}

@inproceedings{zhang2020key,
  title={Key Frame Proposal Network for Efficient Pose Estimation in Videos},
  author={Zhang, Yuexi and Wang, Yin and Camps, Octavia and Sznaier, Mario},
  booktitle={European Conference on Computer Vision},
  pages={609--625},
  year={2020},
  organization={Springer}
}

@inproceedings{farneback2003two,
  title={Two-frame motion estimation based on polynomial expansion},
  author={Farneb{\"a}ck, Gunnar},
  booktitle={Scandinavian conference on Image analysis},
  pages={363--370},
  year={2003},
  organization={Springer}
}


@inproceedings{hwang2019pose,
  title={Pose estimator and tracker using temporal flow maps for limbs},
  author={Hwang, Jihye and Lee, Jieun and Park, Sungheon and Kwak, Nojun},
  booktitle={2019 International Joint Conference on Neural Networks (IJCNN)},
  pages={1--8},
  year={2019},
  organization={IEEE}
}

@inproceedings{yu2018multi,
  title={Multi-person pose estimation for pose tracking with enhanced cascaded pyramid network},
  author={Yu, Dongdong and Su, Kai and Sun, Jia and Wang, Changhu},
  booktitle={Proceedings of the European Conference on Computer Vision (ECCV)},
  pages={0--0},
  year={2018}
}

@inproceedings{pishchulin2016deepcut,
  title={Deepcut: Joint subset partition and labeling for multi person pose estimation},
  author={Pishchulin, Leonid and Insafutdinov, Eldar and Tang, Siyu and Andres, Bjoern and Andriluka, Mykhaylo and Gehler, Peter V and Schiele, Bernt},
  booktitle={Proceedings of the IEEE conference on computer vision and pattern recognition},
  pages={4929--4937},
  year={2016}
}

@inproceedings{papandreou2018personlab,
  title={Personlab: Person pose estimation and instance segmentation with a bottom-up, part-based, geometric embedding model},
  author={Papandreou, George and Zhu, Tyler and Chen, Liang-Chieh and Gidaris, Spyros and Tompson, Jonathan and Murphy, Kevin},
  booktitle={Proceedings of the European Conference on Computer Vision (ECCV)},
  pages={269--286},
  year={2018}
}

@inproceedings{ruggero2017benchmarking,
  title={Benchmarking and error diagnosis in multi-instance pose estimation},
  author={Ruggero Ronchi, Matteo and Perona, Pietro},
  booktitle={Proceedings of the IEEE international conference on computer vision},
  pages={369--378},
  year={2017}
}

@article{kingma2014adam,
  title={Adam: A method for stochastic optimization},
  author={Kingma, Diederik P and Ba, Jimmy},
  journal={arXiv preprint arXiv:1412.6980},
  year={2014}
}

@inproceedings{cai2018cascade,
  title={Cascade r-cnn: Delving into high quality object detection},
  author={Cai, Zhaowei and Vasconcelos, Nuno},
  booktitle={Proceedings of the IEEE conference on computer vision and pattern recognition},
  pages={6154--6162},
  year={2018}
}

@article{wang2020deep,
  title={Deep high-resolution representation learning for visual recognition},
  author={Wang, Jingdong and Sun, Ke and Cheng, Tianheng and Jiang, Borui and Deng, Chaorui and Zhao, Yang and Liu, Dong and Mu, Yadong and Tan, Mingkui and Wang, Xinggang and others},
  journal={IEEE transactions on pattern analysis and machine intelligence},
  year={2020},
  publisher={IEEE}
}

@article{chen2017deeplab,
  title={Deeplab: Semantic image segmentation with deep convolutional nets, atrous convolution, and fully connected crfs},
  author={Chen, Liang-Chieh and Papandreou, George and Kokkinos, Iasonas and Murphy, Kevin and Yuille, Alan L},
  journal={IEEE transactions on pattern analysis and machine intelligence},
  volume={40},
  number={4},
  pages={834--848},
  year={2017},
  publisher={IEEE}
}

%@article{cai2020learning,
%  title={Learning Delicate Local Representations for Multi-Person Pose Estimation},
%  author={Cai, Yuanhao and Wang, Zhicheng and Luo, Zhengxiong and Yin, Binyi and Du, Angang and Wang, Haoqian and Zhou, Xinyu and Zhou, Erjin and Zhang, Xiangyu and Sun, Jian},
%  journal={arXiv preprint arXiv:2003.04030},
%  year={2020}
%}

@inproceedings{fang2017rmpe,
  title={Rmpe: Regional multi-person pose estimation},
  author={Fang, Hao-Shu and Xie, Shuqin and Tai, Yu-Wing and Lu, Cewu},
  booktitle={Proceedings of the IEEE International Conference on Computer Vision},
  pages={2334--2343},
  year={2017}
}

@inproceedings{li2014heterogeneous,
  title={Heterogeneous multi-task learning for human pose estimation with deep convolutional neural network},
  author={Li, Sijin and Liu, Zhi-Qiang and Chan, Antoni B},
  booktitle={Proceedings of the IEEE conference on computer vision and pattern recognition workshops},
  pages={482--489},
  year={2014}
}
 
@InProceedings{Toshev_2014_CVPR,
author = {Toshev, Alexander and Szegedy, Christian},
title = {DeepPose: Human Pose Estimation via Deep Neural Networks},
booktitle = {Proceedings of the IEEE Conference on Computer Vision and Pattern Recognition (CVPR)},
month = {June},
year = {2014}
}

@InProceedings{Wei_2016_CVPR,
author = {Wei, Shih-En and Ramakrishna, Varun and Kanade, Takeo and Sheikh, Yaser},
title = {Convolutional Pose Machines},
booktitle = {Proceedings of the IEEE Conference on Computer Vision and Pattern Recognition (CVPR)},
month = {June},
year = {2016}
}

@inproceedings{liu2016ssd,
  title={Ssd: Single shot multibox detector},
  author={Liu, Wei and Anguelov, Dragomir and Erhan, Dumitru and Szegedy, Christian and Reed, Scott and Fu, Cheng-Yang and Berg, Alexander C},
  booktitle={European conference on computer vision},
  pages={21--37},
  year={2016},
  organization={Springer}
}

@inproceedings{nie2018pose,
  title={Pose partition networks for multi-person pose estimation},
  author={Nie, Xuecheng and Feng, Jiashi and Xing, Junliang and Yan, Shuicheng},
  booktitle={Proceedings of the European Conference on Computer Vision (ECCV)},
  pages={684--699},
  year={2018}
}

@inproceedings{pishchulin2016deepcut,
  title={Deepcut: Joint subset partition and labeling for multi person pose estimation},
  author={Pishchulin, Leonid and Insafutdinov, Eldar and Tang, Siyu and Andres, Bjoern and Andriluka, Mykhaylo and Gehler, Peter V and Schiele, Bernt},
  booktitle={Proceedings of the IEEE conference on computer vision and pattern recognition},
  pages={4929--4937},
  year={2016}
}

@inproceedings{he2016deep,
  title={Deep residual learning for image recognition},
  author={He, Kaiming and Zhang, Xiangyu and Ren, Shaoqing and Sun, Jian},
  booktitle={Proceedings of the IEEE conference on computer vision and pattern recognition},
  pages={770--778},
  year={2016}
}

@inproceedings{newell2016stacked,
  title={Stacked hourglass networks for human pose estimation},
  author={Newell, Alejandro and Yang, Kaiyu and Deng, Jia},
  booktitle={European conference on computer vision},
  pages={483--499},
  year={2016},
  organization={Springer}
}

@inproceedings{luo2018lstm,
  title={Lstm pose machines},
  author={Luo, Yue and Ren, Jimmy and Wang, Zhouxia and Sun, Wenxiu and Pan, Jinshan and Liu, Jianbo and Pang, Jiahao and Lin, Liang},
  booktitle={Proceedings of the IEEE conference on computer vision and pattern recognition},
  pages={5207--5215},
  year={2018}
}

@inproceedings{2014Towards,
  title={Towards Unified Human Parsing and Pose Estimation},
  author={ Dong, Jian  and  Chen, Qiang  and  Shen, Xiaohui  and  Yang, Jianchao  and  Yan, Shuicheng },
  booktitle={2014 IEEE Conference on Computer Vision and Pattern Recognition (CVPR)},
  year={2014},
}

@inproceedings{chu2017multi,
  title={Multi-context attention for human pose estimation},
  author={Chu, Xiao and Yang, Wei and Ouyang, Wanli and Ma, Cheng and Yuille, Alan L and Wang, Xiaogang},
  booktitle={Proceedings of the IEEE Conference on Computer Vision and Pattern Recognition},
  pages={1831--1840},
  year={2017}
}

@inproceedings{2020Single,
  title={Single-Stage Multi-Person Pose Machines},
  author={ Nie, Xuecheng  and  Feng, Jiashi  and  Zhang, Jianfeng  and  Yan, Shuicheng },
  booktitle={2019 IEEE/CVF International Conference on Computer Vision (ICCV)},
  year={2020},
}

@inproceedings{2020Mixture,
  title={Mixture Dense Regression for Object Detection and Human Pose Estimation},
  author={ Varamesh, Ali  and  Tuytelaars, Tinne },
  booktitle={2020 IEEE/CVF Conference on Computer Vision and Pattern Recognition (CVPR)},
  year={2020},
}

@inproceedings{nie2018human,
  title={Human pose estimation with parsing induced learner},
  author={Nie, Xuecheng and Feng, Jiashi and Zuo, Yiming and Yan, Shuicheng},
  booktitle={Proceedings of the IEEE Conference on Computer Vision and Pattern Recognition},
  pages={2100--2108},
  year={2018}
}

@inproceedings{sun2019deep,
  title={Deep high-resolution representation learning for human pose estimation},
  author={Sun, Ke and Xiao, Bin and Liu, Dong and Wang, Jingdong},
  booktitle={Proceedings of the IEEE conference on computer vision and pattern recognition},
  pages={5693--5703},
  year={2019}
}

@inproceedings{xiao2018simple,
  title={Simple baselines for human pose estimation and tracking},
  author={Xiao, Bin and Wu, Haiping and Wei, Yichen},
  booktitle={Proceedings of the European conference on computer vision (ECCV)},
  pages={466--481},
  year={2018}
}



@inproceedings{kreiss2019pifpaf,
  title={Pifpaf: Composite fields for human pose estimation},
  author={Kreiss, Sven and Bertoni, Lorenzo and Alahi, Alexandre},
  booktitle={Proceedings of the IEEE Conference on Computer Vision and Pattern Recognition},
  pages={11977--11986},
  year={2019}
}


@inproceedings{wang2008multiple,
  title={Multiple tree models for occlusion and spatial constraints in human pose estimation},
  author={Wang, Yang and Mori, Greg},
  booktitle={European Conference on Computer Vision},
  pages={710--724},
  year={2008},
  organization={Springer}
}

@inproceedings{wang2013beyond,
  title={Beyond physical connections: Tree models in human pose estimation},
  author={Wang, Fang and Li, Yi},
  booktitle={Proceedings of the IEEE Conference on Computer Vision and Pattern Recognition},
  pages={596--603},
  year={2013}
}

@inproceedings{zhang2009efficient,
  title={Efficient human pose estimation via parsing a tree structure based human model},
  author={Zhang, Xiaoqin and Li, Changcheng and Tong, Xiaofeng and Hu, Weiming and Maybank, Steve and Zhang, Yimin},
  booktitle={2009 IEEE 12th International Conference on Computer Vision},
  pages={1349--1356},
  year={2009},
  organization={IEEE}
}


@inproceedings{sapp2010cascaded,
  title={Cascaded models for articulated pose estimation},
  author={Sapp, Benjamin and Toshev, Alexander and Taskar, Ben},
  booktitle={European conference on computer vision},
  pages={406--420},
  year={2010},
  organization={Springer}
}

@inproceedings{zhang2018poseflow,
  title={Poseflow: A deep motion representation for understanding human behaviors in videos},
  author={Zhang, Dingwen and Guo, Guangyu and Huang, Dong and Han, Junwei},
  booktitle={Proceedings of the IEEE Conference on Computer Vision and Pattern Recognition},
  pages={6762--6770},
  year={2018}
}

@inproceedings{sun2012conditional,
  title={Conditional regression forests for human pose estimation},
  author={Sun, Min and Kohli, Pushmeet and Shotton, Jamie},
  booktitle={2012 IEEE Conference on Computer Vision and Pattern Recognition},
  pages={3394--3401},
  year={2012},
  organization={IEEE}
}

@inproceedings{wei2016convolutional,
  title={Convolutional pose machines},
  author={Wei, Shih-En and Ramakrishna, Varun and Kanade, Takeo and Sheikh, Yaser},
  booktitle={Proceedings of the IEEE conference on Computer Vision and Pattern Recognition},
  pages={4724--4732},
  year={2016}
}

@inproceedings{dantone2013human,
  title={Human pose estimation using body parts dependent joint regressors},
  author={Dantone, Matthias and Gall, Juergen and Leistner, Christian and Van Gool, Luc},
  booktitle={Proceedings of the IEEE Conference on Computer Vision and Pattern Recognition},
  pages={3041--3048},
  year={2013}
}

@inproceedings{charles2016personalizing,
  title={Personalizing human video pose estimation},
  author={Charles, James and Pfister, Tomas and Magee, Derek and Hogg, David and Zisserman, Andrew},
  booktitle={Proceedings of the IEEE conference on computer vision and pattern recognition},
  pages={3063--3072},
  year={2016}
}

@inproceedings{gkioxari2016chained,
  title={Chained predictions using convolutional neural networks},
  author={Gkioxari, Georgia and Toshev, Alexander and Jaitly, Navdeep},
  booktitle={European Conference on Computer Vision},
  pages={728--743},
  year={2016},
  organization={Springer}
}

@inproceedings{pfister2015flowing,
  title={Flowing convnets for human pose estimation in videos},
  author={Pfister, Tomas and Charles, James and Zisserman, Andrew},
  booktitle={Proceedings of the IEEE International Conference on Computer Vision},
  pages={1913--1921},
  year={2015}
}

@inproceedings{zhou2017towards,
  title={Towards 3d human pose estimation in the wild: a weakly-supervised approach},
  author={Zhou, Xingyi and Huang, Qixing and Sun, Xiao and Xue, Xiangyang and Wei, Yichen},
  booktitle={Proceedings of the IEEE International Conference on Computer Vision},
  pages={398--407},
  year={2017}
}

@inproceedings{ren2020instance,
  title={Instance-Aware, Context-Focused, and Memory-Efficient Weakly Supervised Object Detection},
  author={Ren, Zhongzheng and Yu, Zhiding and Yang, Xiaodong and Liu, Ming-Yu and Lee, Yong Jae and Schwing, Alexander G and Kautz, Jan},
  booktitle={Proceedings of the IEEE/CVF Conference on Computer Vision and Pattern Recognition},
  pages={10598--10607},
  year={2020}
}

@inproceedings{chang2020weakly,
  title={Weakly-Supervised Semantic Segmentation via Sub-Category Exploration},
  author={Chang, Yu-Ting and Wang, Qiaosong and Hung, Wei-Chih and Piramuthu, Robinson and Tsai, Yi-Hsuan and Yang, Ming-Hsuan},
  booktitle={Proceedings of the IEEE/CVF Conference on Computer Vision and Pattern Recognition},
  pages={8991--9000},
  year={2020}
}

@inproceedings{fang2018pairwise,
  title={Pairwise body-part attention for recognizing human-object interactions},
  author={Fang, Hao-Shu and Cao, Jinkun and Tai, Yu-Wing and Lu, Cewu},
  booktitle={Proceedings of the European Conference on Computer Vision (ECCV)},
  pages={51--67},
  year={2018}
}

@inproceedings{wei2020point,
  title={Point-set anchors for object detection, instance segmentation and pose estimation},
  author={Wei, Fangyun and Sun, Xiao and Li, Hongyang and Wang, Jingdong and Lin, Stephen},
  booktitle={European Conference on Computer Vision},
  pages={527--544},
  year={2020},
  organization={Springer}
}

@inproceedings{2018Human,
  title={Human Pose Estimation with Parsing Induced Learner},
  author={ Nie, Xuecheng  and  Feng, Jiashi  and  Zuo, Yiming  and  Yan, Shuicheng },
  booktitle={2018 IEEE/CVF Conference on Computer Vision and Pattern Recognition (CVPR)},
  year={2018},
}

@inproceedings{izadinia2013multi,
  title={Multi-pose multi-target tracking for activity understanding},
  author={Izadinia, Hamid and Ramakrishna, Varun and Kitani, Kris M and Huber, Daniel},
  booktitle={2013 IEEE Workshop on Applications of Computer Vision (WACV)},
  pages={385--390},
  year={2013},
  organization={IEEE}
}

@inproceedings{wang2019ai,
  title={AI coach: Deep human pose estimation and analysis for personalized athletic training assistance},
  author={Wang, Jianbo and Qiu, Kai and Peng, Houwen and Fu, Jianlong and Zhu, Jianke},
  booktitle={Proceedings of the 27th ACM International Conference on Multimedia},
  pages={374--382},
  year={2019}
}

@inproceedings{yang2021learning,
  title={Learning Dynamics via Graph Neural Networks for Human Pose Estimation and Tracking},
  author={Yang, Yiding and Ren, Zhou and Li, Haoxiang and Zhou, Chunluan and Wang, Xinchao and Hua, Gang},
  booktitle={Proceedings of the IEEE/CVF Conference on Computer Vision and Pattern Recognition},
  pages={8074--8084},
  year={2021}
}

@inproceedings{schmidtke2021unsupervised,
  title={Unsupervised Human Pose Estimation through Transforming Shape Templates},
  author={Schmidtke, Luca and Vlontzos, Athanasios and Ellershaw, Simon and Lukens, Anna and Arichi, Tomoki and Kainz, Bernhard},
  booktitle={Proceedings of the IEEE/CVF Conference on Computer Vision and Pattern Recognition},
  pages={2484--2494},
  year={2021}
}

@inproceedings{bertasius2019learning,
  title={Learning temporal pose estimation from sparsely-labeled videos},
  author={Bertasius, Gedas and Feichtenhofer, Christoph and Tran, Du and Shi, Jianbo and Torresani, Lorenzo},
  booktitle={Advances in Neural Information Processing Systems},
  pages={3027--3038},
  year={2019}
}

@inproceedings{wang2020combining,
  title={Combining detection and tracking for human pose estimation in videos},
  author={Wang, Manchen and Tighe, Joseph and Modolo, Davide},
  booktitle={Proceedings of the IEEE/CVF Conference on Computer Vision and Pattern Recognition},
  pages={11088--11096},
  year={2020}
}

@inproceedings{song2017thin,
  title={Thin-slicing network: A deep structured model for pose estimation in videos},
  author={Song, Jie and Wang, Limin and Van Gool, Luc and Hilliges, Otmar},
  booktitle={Proceedings of the IEEE conference on computer vision and pattern recognition},
  pages={4220--4229},
  year={2017}
}

@inproceedings{fan2015combining,
  title={Combining local appearance and holistic view: Dual-source deep neural networks for human pose estimation},
  author={Fan, Xiaochuan and Zheng, Kang and Lin, Yuewei and Wang, Song},
  booktitle={Proceedings of the IEEE conference on computer vision and pattern recognition},
  pages={1347--1355},
  year={2015}
}

@inproceedings{carreira2016human,
  title={Human pose estimation with iterative error feedback},
  author={Carreira, Joao and Agrawal, Pulkit and Fragkiadaki, Katerina and Malik, Jitendra},
  booktitle={Proceedings of the IEEE conference on computer vision and pattern recognition},
  pages={4733--4742},
  year={2016}
}

@inproceedings{weinzaepfel2013deepflow,
  title={DeepFlow: Large displacement optical flow with deep matching},
  author={Weinzaepfel, Philippe and Revaud, Jerome and Harchaoui, Zaid and Schmid, Cordelia},
  booktitle={Proceedings of the IEEE international conference on computer vision},
  pages={1385--1392},
  year={2013}
}

@article{yu2015multi,
  title={Multi-scale context aggregation by dilated convolutions},
  author={Yu, Fisher and Koltun, Vladlen},
  journal={arXiv preprint arXiv:1511.07122},
  year={2015}
}

@inproceedings{zhu2019deformable,
  title={Deformable convnets v2: More deformable, better results},
  author={Zhu, Xizhou and Hu, Han and Lin, Stephen and Dai, Jifeng},
  booktitle={Proceedings of the IEEE Conference on Computer Vision and Pattern Recognition},
  pages={9308--9316},
  year={2019}
}

@article{doering2018joint,
  title={Joint flow: Temporal flow fields for multi person tracking},
  author={Doering, Andreas and Iqbal, Umar and Gall, Juergen},
  journal={arXiv preprint arXiv:1805.04596},
  year={2018}
}
@article{xiu2018pose,
  title={Pose flow: Efficient online pose tracking},
  author={Xiu, Yuliang and Li, Jiefeng and Wang, Haoyu and Fang, Yinghong and Lu, Cewu},
  journal={arXiv preprint arXiv:1802.00977},
  year={2018}
}
@article{zhang2019fastpose,
  title={Fastpose: Towards real-time pose estimation and tracking via scale-normalized multi-task networks},
  author={Zhang, Jiabin and Zhu, Zheng and Zou, Wei and Li, Peng and Li, Yanwei and Su, Hu and Huang, Guan},
  journal={arXiv preprint arXiv:1908.05593},
  year={2019}
}
@inproceedings{jin2019multi,
  title={Multi-person articulated tracking with spatial and temporal embeddings},
  author={Jin, Sheng and Liu, Wentao and Ouyang, Wanli and Qian, Chen},
  booktitle={Proceedings of the IEEE Conference on Computer Vision and Pattern Recognition},
  pages={5664--5673},
  year={2019}
}
@inproceedings{guo2018multi,
  title={Multi-domain pose network for multi-person pose estimation and tracking},
  author={Guo, Hengkai and Tang, Tang and Luo, Guozhong and Chen, Riwei and Lu, Yongchen and Wen, Linfu},
  booktitle={Proceedings of the European Conference on Computer Vision (ECCV)},
  pages={0--0},
  year={2018}
}
@inproceedings{snower202015,
  title={15 Keypoints Is All You Need},
  author={Snower, Michael and Kadav, Asim and Lai, Farley and Graf, Hans Peter},
  booktitle={Proceedings of the IEEE/CVF Conference on Computer Vision and Pattern Recognition},
  pages={6738--6748},
  year={2020}
}

@InProceedings{Iqbal_2017_CVPR,
author = {Iqbal, Umar and Milan, Anton and Gall, Juergen},
title = {PoseTrack: Joint Multi-Person Pose Estimation and Tracking},
booktitle = {Proceedings of the IEEE Conference on Computer Vision and Pattern Recognition (CVPR)},
month = {July},
year = {2017}
}

@InProceedings{Andriluka_2018_CVPR,
author = {Andriluka, Mykhaylo and Iqbal, Umar and Insafutdinov, Eldar and Pishchulin, Leonid and Milan, Anton and Gall, Juergen and Schiele, Bernt},
title = {PoseTrack: A Benchmark for Human Pose Estimation and Tracking},
booktitle = {Proceedings of the IEEE Conference on Computer Vision and Pattern Recognition (CVPR)},
month = {June},
year = {2018}
}

@inproceedings{artacho2020unipose,
  title={UniPose: Unified Human Pose Estimation in Single Images and Videos},
  author={Artacho, Bruno and Savakis, Andreas},
  booktitle={Proceedings of the IEEE/CVF Conference on Computer Vision and Pattern Recognition},
  pages={7035--7044},
  year={2020}
}

@inproceedings{huang2020devil,
  title={The Devil is in the Details: Delving into Unbiased Data Processing for Human Pose Estimation},
  author={Huang, Junjie and Zhu, Zheng and Guo, Feng and Huang, Guan},
  booktitle={Proceedings of the IEEE/CVF Conference on Computer Vision and Pattern Recognition},
  pages={5700--5709},
  year={2020}
}



@inproceedings{zhang2020distribution,
  title={Distribution-aware coordinate representation for human pose estimation},
  author={Zhang, Feng and Zhu, Xiatian and Dai, Hanbin and Ye, Mao and Zhu, Ce},
  booktitle={Proceedings of the IEEE/CVF Conference on Computer Vision and Pattern Recognition},
  pages={7093--7102},
  year={2020}
}




@inproceedings{moon2019posefix,
  title={Posefix: Model-agnostic general human pose refinement network},
  author={Moon, Gyeongsik and Chang, Ju Yong and Lee, Kyoung Mu},
  booktitle={Proceedings of the IEEE Conference on Computer Vision and Pattern Recognition},
  pages={7773--7781},
  year={2019}
}

@inproceedings{zhang2019fast,
  title={Fast human pose estimation},
  author={Zhang, Feng and Zhu, Xiatian and Ye, Mao},
  booktitle={Proceedings of the IEEE Conference on Computer Vision and Pattern Recognition},
  pages={3517--3526},
  year={2019}
}

@inproceedings{tang2019does,
  title={Does Learning Specific Features for Related Parts Help Human Pose Estimation?},
  author={Tang, Wei and Wu, Ying},
  booktitle={Proceedings of the IEEE Conference on Computer Vision and Pattern Recognition},
  pages={1107--1116},
  year={2019}
}

@inproceedings{su2019multi,
  title={Multi-person pose estimation with enhanced channel-wise and spatial information},
  author={Su, Kai and Yu, Dongdong and Xu, Zhenqi and Geng, Xin and Wang, Changhu},
  booktitle={Proceedings of the IEEE Conference on Computer Vision and Pattern Recognition},
  pages={5674--5682},
  year={2019}
}

@inproceedings{peng2018jointly,
  title={Jointly optimize data augmentation and network training: Adversarial data augmentation in human pose estimation},
  author={Peng, Xi and Tang, Zhiqiang and Yang, Fei and Feris, Rogerio S and Metaxas, Dimitris},
  booktitle={Proceedings of the IEEE Conference on Computer Vision and Pattern Recognition},
  pages={2226--2234},
  year={2018}
}

@inproceedings{girdhar2018detect,
  title={Detect-and-track: Efficient pose estimation in videos},
  author={Girdhar, Rohit and Gkioxari, Georgia and Torresani, Lorenzo and Paluri, Manohar and Tran, Du},
  booktitle={Proceedings of the IEEE Conference on Computer Vision and Pattern Recognition},
  pages={350--359},
  year={2018}
}

@inproceedings{zhao2018through,
  title={Through-wall human pose estimation using radio signals},
  author={Zhao, Mingmin and Li, Tianhong and Abu Alsheikh, Mohammad and Tian, Yonglong and Zhao, Hang and Torralba, Antonio and Katabi, Dina},
  booktitle={Proceedings of the IEEE Conference on Computer Vision and Pattern Recognition},
  pages={7356--7365},
  year={2018}
}

@inproceedings{papandreou2017towards,
  title={Towards accurate multi-person pose estimation in the wild},
  author={Papandreou, George and Zhu, Tyler and Kanazawa, Nori and Toshev, Alexander and Tompson, Jonathan and Bregler, Chris and Murphy, Kevin},
  booktitle={Proceedings of the IEEE Conference on Computer Vision and Pattern Recognition},
  pages={4903--4911},
  year={2017}
}

@inproceedings{xia2017joint,
  title={Joint multi-person pose estimation and semantic part segmentation},
  author={Xia, Fangting and Wang, Peng and Chen, Xianjie and Yuille, Alan L},
  booktitle={Proceedings of the IEEE Conference on Computer Vision and Pattern Recognition},
  pages={6769--6778},
  year={2017}
}

@article{lin2018learning,
  title={Learning a Disentangled Embedding for Monocular 3D Shape Retrieval and Pose Estimation},
  author={Lin, Kyaw Zaw and Xu, Weipeng and Sun, Qianru and Theobalt, Christian and Chua, Tat-Seng},
  journal={arXiv preprint arXiv:1812.09899},
  year={2018}
}

@article{liu2015graph,
  title={Graph-based characteristic view set extraction and matching for 3D model retrieval},
  author={Liu, Anan and Wang, Zhongyang and Nie, Weizhi and Su, Yuting},
  journal={Information Sciences},
  volume={320},
  pages={429--442},
  year={2015},
  publisher={Elsevier}
}

@inproceedings{tang2019learning,
  title={Learning to compose dynamic tree structures for visual contexts},
  author={Tang, Kaihua and Zhang, Hanwang and Wu, Baoyuan and Luo, Wenhan and Liu, Wei},
  booktitle={Proceedings of the IEEE Conference on Computer Vision and Pattern Recognition},
  pages={6619--6628},
  year={2019}
}

@InProceedings{Zhang_2019_CVPR,
author = {Zhang, Feng and Zhu, Xiatian and Ye, Mao},
title = {Fast Human Pose Estimation},
booktitle = {Proceedings of the IEEE/CVF Conference on Computer Vision and Pattern Recognition (CVPR)},
month = {June},
year = {2019}
}

@inproceedings{andriluka2009pictorial,
  title={Pictorial structures revisited: People detection and articulated pose estimation},
  author={Andriluka, Mykhaylo and Roth, Stefan and Schiele, Bernt},
  booktitle={2009 IEEE conference on computer vision and pattern recognition},
  pages={1014--1021},
  year={2009},
  organization={IEEE}
}

@inproceedings{pishchulin2013poselet,
  title={Poselet conditioned pictorial structures},
  author={Pishchulin, Leonid and Andriluka, Mykhaylo and Gehler, Peter and Schiele, Bernt},
  booktitle={Proceedings of the IEEE Conference on Computer Vision and Pattern Recognition},
  pages={588--595},
  year={2013}
}

@article{yang2012articulated,
  title={Articulated human detection with flexible mixtures of parts},
  author={Yang, Yi and Ramanan, Deva},
  journal={IEEE transactions on pattern analysis and machine intelligence},
  volume={35},
  number={12},
  pages={2878--2890},
  year={2012},
  publisher={IEEE}
}

@inproceedings{zhao2021learning,
  title={Learning View-Disentangled Human Pose Representation by Contrastive Cross-View Mutual Information Maximization},
  author={Zhao, Long and Wang, Yuxiao and Zhao, Jiaping and Yuan, Liangzhe and Sun, Jennifer J and Schroff, Florian and Adam, Hartwig and Peng, Xi and Metaxas, Dimitris and Liu, Ting},
  booktitle={Proceedings of the IEEE/CVF Conference on Computer Vision and Pattern Recognition},
  pages={12793--12802},
  year={2021}
}
@article{tishby2000information,
  title={The information bottleneck method},
  author={Tishby, Naftali and Pereira, Fernando C and Bialek, William},
  journal={arXiv preprint physics/0004057},
  year={2000}
}
