@inproceedings{langley00,
 author    = {P. Langley},
 title     = {Crafting Papers on Machine Learning},
 year      = {2000},
 pages     = {1207--1216},
 editor    = {Pat Langley},
 booktitle     = {Proceedings of the 17th International Conference
              on Machine Learning (ICML 2000)},
 address   = {Stanford, CA},
 publisher = {Morgan Kaufmann}
}

@TechReport{mitchell80,
  author = 	 "T. M. Mitchell",
  title = 	 "The Need for Biases in Learning Generalizations",
  institution =  "Computer Science Department, Rutgers University",
  year = 	 "1980",
  address =	 "New Brunswick, MA",
}

@phdthesis{kearns89,
  author = {M. J. Kearns},
  title =  {Computational Complexity of Machine Learning},
  school = {Department of Computer Science, Harvard University},
  year =   {1989}
}

@Book{MachineLearningI,
  editor = 	 "R. S. Michalski and J. G. Carbonell and T.
		  M. Mitchell",
  title = 	 "Machine Learning: An Artificial Intelligence
		  Approach, Vol. I",
  publisher = 	 "Tioga",
  year = 	 "1983",
  address =	 "Palo Alto, CA"
}

@Book{DudaHart2nd,
  author =       "R. O. Duda and P. E. Hart and D. G. Stork",
  title =        "Pattern Classification",
  publisher =    "John Wiley and Sons",
  edition =      "2nd",
  year =         "2000"
}

@misc{anonymous,
  title= {Suppressed for Anonymity},
  author= {Author, N. N.},
  year= {2021}
}

@InCollection{Newell81,
  author =       "A. Newell and P. S. Rosenbloom",
  title =        "Mechanisms of Skill Acquisition and the Law of
                  Practice", 
  booktitle =    "Cognitive Skills and Their Acquisition",
  pages =        "1--51",
  publisher =    "Lawrence Erlbaum Associates, Inc.",
  year =         "1981",
  editor =       "J. R. Anderson",
  chapter =      "1",
  address =      "Hillsdale, NJ"
}


@Article{Samuel59,
  author = 	 "A. L. Samuel",
  title = 	 "Some Studies in Machine Learning Using the Game of
		  Checkers",
  journal =	 "IBM Journal of Research and Development",
  year =	 "1959",
  volume =	 "3",
  number =	 "3",
  pages =	 "211--229"
}

@misc{li2021fourierneuraloperatorparametric,
      title={Fourier Neural Operator for Parametric Partial Differential Equations}, 
      author={Zongyi Li and Nikola Kovachki and Kamyar Azizzadenesheli and Burigede Liu and Kaushik Bhattacharya and Andrew Stuart and Anima Anandkumar},
      year={2021},
      eprint={2010.08895},
      archivePrefix={arXiv},
      primaryClass={cs.LG},
      url={https://arxiv.org/abs/2010.08895}, 
}

@article{kalman1960contributions,
  title={Contributions to the theory of optimal control},
  author={Kalman, Rudolf Emil and others},
  journal={Bol. soc. mat. mexicana},
  volume={5},
  number={2},
  pages={102--119},
  year={1960}
}

@article{dean2020sample,
  title={On the sample complexity of the linear quadratic regulator},
  author={Dean, Sarah and Mania, Horia and Matni, Nikolai and Recht, Benjamin and Tu, Stephen},
  journal={Foundations of Computational Mathematics},
  volume={20},
  number={4},
  pages={633--679},
  year={2020},
  publisher={Springer}
}

@misc{dean2018regretboundsrobustadaptive,
      title={Regret Bounds for Robust Adaptive Control of the Linear Quadratic Regulator}, 
      author={Sarah Dean and Horia Mania and Nikolai Matni and Benjamin Recht and Stephen Tu},
      year={2018},
      eprint={1805.09388},
      archivePrefix={arXiv},
      primaryClass={cs.LG},
      url={https://arxiv.org/abs/1805.09388}, 
}


@InProceedings{pmlr-v99-tu19a,
  title = 	 {The Gap Between Model-Based and Model-Free Methods on the Linear Quadratic Regulator: An Asymptotic Viewpoint},
  author =       {Tu, Stephen and Recht, Benjamin},
  booktitle = 	 {Proceedings of the Thirty-Second Conference on Learning Theory},
  pages = 	 {3036--3083},
  year = 	 {2019},
  editor = 	 {Beygelzimer, Alina and Hsu, Daniel},
  volume = 	 {99},
  series = 	 {Proceedings of Machine Learning Research},
  month = 	 {25--28 Jun},
  publisher =    {PMLR},
  pdf = 	 {http://proceedings.mlr.press/v99/tu19a/tu19a.pdf},
  url = 	 {https://proceedings.mlr.press/v99/tu19a.html},
  abstract = 	 {The effectiveness of model-based versus model-free methods is a long-standing question in reinforcement learning (RL).  Motivated by recent empirical success of RL on continuous control tasks, we study the sample complexity of popular model-based and model-free algorithms on the Linear Quadratic Regulator (LQR).  We show that for policy evaluation, a simple model-based plugin method requires asymptotically less samples than the classical least-squares temporal difference (LSTD) estimator to reach the same quality of solution; the sample complexity gap between the two methods can be at least a factor of state dimension.  For policy optimization, we study a simple family of problem instances and show that nominal (certainty equivalence principle) control also requires several factors of state and input dimension fewer samples than the policy gradient method to reach the same level of control performance on these instances.  Furthermore, the gap persists even when employing baselines commonly used in practice.  To the best of our knowledge, this is the first theoretical result which demonstrates a separation in the sample complexity between model-based and model-free methods on a continuous control task.}
}

@article{JMLR:v22:19-725,
  author  = {Tuhin Sarkar and Alexander Rakhlin and Munther A. Dahleh},
  title   = {Finite Time LTI System Identification},
  journal = {Journal of Machine Learning Research},
  year    = {2021},
  volume  = {22},
  number  = {26},
  pages   = {1--61},
  url     = {http://jmlr.org/papers/v22/19-725.html}
}

@book{anderson2007optimal,
  title={Optimal control: linear quadratic methods},
  author={Anderson, Brian DO and Moore, John B},
  year={2007},
  publisher={Courier Corporation}
}

@misc{faradonbeh2018finitetimeidentificationunstable,
      title={Finite Time Identification in Unstable Linear Systems}, 
      author={Mohamad Kazem Shirani Faradonbeh and Ambuj Tewari and George Michailidis},
      year={2018},
      eprint={1710.01852},
      archivePrefix={arXiv},
      primaryClass={cs.SY},
      url={https://arxiv.org/abs/1710.01852}, 
}

@misc{simchowitz2018learningmixingsharpanalysis,
      title={Learning Without Mixing: Towards A Sharp Analysis of Linear System Identification}, 
      author={Max Simchowitz and Horia Mania and Stephen Tu and Michael I. Jordan and Benjamin Recht},
      year={2018},
      eprint={1802.08334},
      archivePrefix={arXiv},
      primaryClass={cs.LG},
      url={https://arxiv.org/abs/1802.08334}, 
}

@article{chen1990non,
  title={Non-linear system identification using neural networks},
  author={Chen, Sheng and Billings, Stephen A and Grant, PM},
  journal={International journal of control},
  volume={51},
  number={6},
  pages={1191--1214},
  year={1990},
  publisher={Taylor \& Francis}
}

@ARTICLE{80202,
  author={Narendra, K.S. and Parthasarathy, K.},
  journal={IEEE Transactions on Neural Networks}, 
  title={Identification and control of dynamical systems using neural networks}, 
  year={1990},
  volume={1},
  number={1},
  pages={4-27},
  keywords={Control systems;Neural networks;Multi-layer neural network;Adaptive control;Artificial neural networks;Nonlinear control systems;Robust stability;Nonlinear systems;Programmable control;Linear systems},
  doi={10.1109/72.80202}}

@misc{zancato2021noveldeepneuralnetwork,
      title={A novel Deep Neural Network architecture for non-linear system identification}, 
      author={Luca Zancato and Alessandro Chiuso},
      year={2021},
      eprint={2106.03078},
      archivePrefix={arXiv},
      primaryClass={cs.LG},
      url={https://arxiv.org/abs/2106.03078}, 
}

@misc{hendriks2020deepenergybasednarxmodels,
      title={Deep Energy-Based NARX Models}, 
      author={Johannes N. Hendriks and Fredrik K. Gustafsson and Antônio H. Ribeiro and Adrian G. Wills and Thomas B. Schön},
      year={2020},
      eprint={2012.04136},
      archivePrefix={arXiv},
      primaryClass={cs.LG},
      url={https://arxiv.org/abs/2012.04136}, 
}

@article{pillonetto2010new,
  title={A new kernel-based approach for linear system identification},
  author={Pillonetto, Gianluigi and De Nicolao, Giuseppe},
  journal={Automatica},
  volume={46},
  number={1},
  pages={81--93},
  year={2010},
  publisher={Elsevier}
}

@article{dinuzzo2012representer,
  title={The representer theorem for Hilbert spaces: a necessary and sufficient condition},
  author={Dinuzzo, Francesco and Sch{\"o}lkopf, Bernhard},
  journal={Advances in neural information processing systems},
  volume={25},
  year={2012}
}

@article{aronszajn1950theory,
  title={Theory of reproducing kernels},
  author={Aronszajn, Nachman},
  journal={Transactions of the American mathematical society},
  volume={68},
  number={3},
  pages={337--404},
  year={1950}
}

@article{cho2009kernel,
  title={Kernel methods for deep learning},
  author={Cho, Youngmin and Saul, Lawrence},
  journal={Advances in neural information processing systems},
  volume={22},
  year={2009}
}

@article{gedon2021deep,
  title={Deep state space models for nonlinear system identification},
  author={Gedon, Daniel and Wahlstr{\"o}m, Niklas and Sch{\"o}n, Thomas B and Ljung, Lennart},
  journal={IFAC-PapersOnLine},
  volume={54},
  number={7},
  pages={481--486},
  year={2021},
  publisher={Elsevier}
}

@article{hochreiter1997long,
  title={Long Short-term Memory},
  author={Hochreiter, S},
  journal={Neural Computation MIT-Press},
  year={1997}
}

@misc{cho2014learningphraserepresentationsusing,
      title={Learning Phrase Representations using RNN Encoder-Decoder for Statistical Machine Translation}, 
      author={Kyunghyun Cho and Bart van Merrienboer and Caglar Gulcehre and Dzmitry Bahdanau and Fethi Bougares and Holger Schwenk and Yoshua Bengio},
      year={2014},
      eprint={1406.1078},
      archivePrefix={arXiv},
      primaryClass={cs.CL},
      url={https://arxiv.org/abs/1406.1078}, 
}

@article{masti2021learning,
  title={Learning nonlinear state--space models using autoencoders},
  author={Masti, Daniele and Bemporad, Alberto},
  journal={Automatica},
  volume={129},
  pages={109666},
  year={2021},
  publisher={Elsevier}
}

@article{lusch2018deep,
  title={Deep learning for universal linear embeddings of nonlinear dynamics},
  author={Lusch, Bethany and Kutz, J Nathan and Brunton, Steven L},
  journal={Nature communications},
  volume={9},
  number={1},
  pages={4950},
  year={2018},
  publisher={Nature Publishing Group UK London}
}

@book{monje2010fractional,
  title={Fractional-order systems and controls: fundamentals and applications},
  author={Monje, Concepci{\'o}n A and Chen, YangQuan and Vinagre, Blas M and Xue, Dingyu and Feliu-Batlle, Vicente},
  year={2010},
  publisher={Springer Science \& Business Media}
}

@book{hilfer2000applications,
  title={Applications of fractional calculus in physics},
  author={Hilfer, Rudolf},
  year={2000},
  publisher={World scientific}
}

@article{ionescu2017role,
  title={The role of fractional calculus in modeling biological phenomena: A review},
  author={Ionescu, C and Lopes, A and Copot, Dana and Machado, JA Tenreiro and Bates, Jason HT},
  journal={Communications in Nonlinear Science and Numerical Simulation},
  volume={51},
  pages={141--159},
  year={2017},
  publisher={Elsevier}
}

@inproceedings{yaghooti2023inferring,
  title={Inferring dynamics of discrete-time, fractional-order control-affine nonlinear systems},
  author={Yaghooti, Bahram and Sinopoli, Bruno},
  booktitle={2023 American Control Conference (ACC)},
  pages={935--940},
  year={2023},
  organization={IEEE}
}

@inproceedings{chatterjee2022learning,
  title={On learning discrete-time fractional-order dynamical systems},
  author={Chatterjee, Sarthak and Pequito, S{\'e}rgio},
  booktitle={2022 American Control Conference (ACC)},
  pages={4335--4340},
  year={2022},
  organization={IEEE}
}

@inproceedings{li2008fractional,
  title={Fractional order linear quadratic regulator},
  author={Li, Yan and Chen, YangQuan},
  booktitle={2008 IEEE/ASME International Conference on Mechtronic and Embedded Systems and Applications},
  pages={363--368},
  year={2008},
  organization={IEEE}
}

@book{oldham1974fractional,
  title={The fractional calculus theory and applications of differentiation and integration to arbitrary order},
  author={Oldham, Keith and Spanier, Jerome},
  year={1974},
  publisher={Elsevier}
}

@inproceedings{
luo2024neural,
title={Neural Krylov Iteration for Accelerating Linear System Solving},
author={Jian Luo and Jie Wang and Hong Wang and huanshuo dong and Zijie Geng and Hanzhu Chen and Yufei Kuang},
booktitle={The Thirty-eighth Annual Conference on Neural Information Processing Systems},
year={2024},
url={https://openreview.net/forum?id=cqfE9eYMdP}
}

@article{trench1986solution,
  title={Solution of systems with Toeplitz matrices generated by rational functions},
  author={Trench, William F},
  journal={Linear algebra and its applications},
  volume={74},
  pages={191--211},
  year={1986},
  publisher={Elsevier}
}

@article{kalouptsidis1984fast,
  title={Fast algorithms for block Toeplitz matrices with Toeplitz entries},
  author={Kalouptsidis, N and Carayannis, G and Manolakis, D0},
  journal={Signal Processing},
  volume={6},
  number={1},
  pages={77--81},
  year={1984},
  publisher={Elsevier}
}

@article{chandrasekaran1998fast,
  title={A fast stable solver for nonsymmetric Toeplitz and quasi-Toeplitz systems of linear equations},
  author={Chandrasekaran, Shivkumar and Sayed, Ali H},
  journal={SIAM Journal on Matrix Analysis and Applications},
  volume={19},
  number={1},
  pages={107--139},
  year={1998},
  publisher={SIAM}
}

@book{chan2007introduction,
  title={An introduction to iterative Toeplitz solvers},
  author={Chan, Raymond Hon-Fu and Jin, Xiao-Qing},
  year={2007},
  publisher={SIAM}
}

@article{strang1986proposal,
  title={A proposal for Toeplitz matrix calculations},
  author={Strang, Gilbert},
  journal={Studies in Applied Mathematics},
  volume={74},
  number={2},
  pages={171--176},
  year={1986},
  publisher={Wiley Online Library}
}

@article{saad1986gmres,
  title={GMRES: A generalized minimal residual algorithm for solving nonsymmetric linear systems},
  author={Saad, Youcef and Schultz, Martin H},
  journal={SIAM Journal on scientific and statistical computing},
  volume={7},
  number={3},
  pages={856--869},
  year={1986},
  publisher={SIAM}
}

@article{jelich2021efficient,
  title={Efficient solution of block Toeplitz systems with multiple right-hand sides arising from a periodic boundary element formulation},
  author={Jelich, Christopher and Karimi, Mahmoud and Kessissoglou, Nicole and Marburg, Steffen},
  journal={Engineering Analysis with Boundary Elements},
  volume={130},
  pages={135--144},
  year={2021},
  publisher={Elsevier}
}

@article{guermah2012discrete,
  title={Discrete-time fractional-order systems: Modeling and stability issues},
  author={Guermah, Sa{\"\i}d and Djennoune, Sa{\"\i}d and Bettayeb, Ma{\^a}mar},
  journal={Advances in Discrete Time Systems},
  pages={183--212},
  year={2012},
  publisher={InTech Rijeka}
}

@misc{zhang2025samplingcomplexityawareframeworkdiscretetime,
      title={A Sampling Complexity-aware Framework for Discrete-time Fractional-Order Dynamical System Identification}, 
      author={Xiaole Zhang and Vijay Gupta and Paul Bogdan},
      year={2025},
      eprint={2501.17499},
      archivePrefix={arXiv},
      primaryClass={eess.SY},
      url={https://arxiv.org/abs/2501.17499}, 
}

@INPROCEEDINGS{10651174,
  author={Zhang, Xiaole and Zuo, Jingchen and Shao, Xiecheng},
  booktitle={2024 International Joint Conference on Neural Networks (IJCNN)}, 
  title={Efficient Neural Decoder: Mixture-Regularized Bidirectional GRU with Attention}, 
  year={2024},
  volume={},
  number={},
  pages={1-7},
  keywords={Training;Heuristic algorithms;Computational modeling;Probability density function;Logic gates;Decoding;Trajectory;Neural Signal;EM Algorithm;Neural Network;GRU;Attention;Mixture Regularizer;Neural Dynamics},
  doi={10.1109/IJCNN60899.2024.10651174}}

@inproceedings{adigun2023hidden,
  title={Hidden Priors for Bayesian Bidirectional Backpropagation},
  author={Adigun, Olaoluwa and Kosko, Bart},
  booktitle={2023 IEEE International Conference on Systems, Man, and Cybernetics (SMC)},
  pages={445--451},
  year={2023},
  organization={IEEE}
}

@article{wishart1928generalised,
  title={The generalised product moment distribution in samples from a normal multivariate population},
  author={Wishart, John},
  journal={Biometrika},
  pages={32--52},
  year={1928},
  publisher={JSTOR}
}

@misc{zhou2024simultaneousidentificationmodelpredictive,
      title={Simultaneous System Identification and Model Predictive Control with No Dynamic Regret}, 
      author={Hongyu Zhou and Vasileios Tzoumas},
      year={2024},
      eprint={2407.04143},
      archivePrefix={arXiv},
      primaryClass={cs.RO},
      url={https://arxiv.org/abs/2407.04143}, 
}

@article{lundstrom2008fractional,
  title={Fractional differentiation by neocortical pyramidal neurons},
  author={Lundstrom, Brian N and Higgs, Matthew H and Spain, William J and Fairhall, Adrienne L},
  journal={Nature neuroscience},
  volume={11},
  number={11},
  pages={1335--1342},
  year={2008},
  publisher={Nature Publishing Group US New York}
}

@article{ivanov1999multifractality,
  title={Multifractality in human heartbeat dynamics},
  author={Ivanov, Plamen Ch and Amaral, Luis A Nunes and Goldberger, Ary L and Havlin, Shlomo and Rosenblum, Michael G and Struzik, Zbigniew R and Stanley, H Eugene},
  journal={Nature},
  volume={399},
  number={6735},
  pages={461--465},
  year={1999},
  publisher={Nature Publishing Group UK London}
}

@article{ghorbani2018gene,
  title={Gene expression is not random: scaling, long-range cross-dependence, and fractal characteristics of gene regulatory networks},
  author={Ghorbani, Mahboobeh and Jonckheere, Edmond A and Bogdan, Paul},
  journal={Frontiers in physiology},
  volume={9},
  pages={1446},
  year={2018},
  publisher={Frontiers Media SA}
}

@article{gupta2021multiwavelet,
  title={Multiwavelet-based operator learning for differential equations},
  author={Gupta, Gaurav and Xiao, Xiongye and Bogdan, Paul},
  journal={Advances in neural information processing systems},
  volume={34},
  pages={24048--24062},
  year={2021}
}

@inproceedings{xiao2022coupled,
  title={Coupled multiwavelet operator learning for coupled differential equations},
  author={Xiao, Xiongye and Cao, Defu and Yang, Ruochen and Gupta, Gaurav and Liu, Gengshuo and Yin, Chenzhong and Balan, Radu and Bogdan, Paul},
  booktitle={The Eleventh International Conference on Learning Representations},
  year={2022}
}

@inproceedings{gupta2022non,
  title={Non-linear operator approximations for initial value problems},
  author={Gupta, Gaurav and Xiao, Xiongye and Balan, Radu and Bogdan, Paul},
  booktitle={International Conference on Learning Representations (ICLR)},
  year={2022}
}