@ARTICLE{80202,
  author={Narendra, K.S. and Parthasarathy, K.},
  journal={IEEE Transactions on Neural Networks}, 
  title={Identification and control of dynamical systems using neural networks}, 
  year={1990},
  volume={1},
  number={1},
  pages={4-27},
  keywords={Control systems;Neural networks;Multi-layer neural network;Adaptive control;Artificial neural networks;Nonlinear control systems;Robust stability;Nonlinear systems;Programmable control;Linear systems},
  doi={10.1109/72.80202}}

@article{JMLR:v22:19-725,
  author  = {Tuhin Sarkar and Alexander Rakhlin and Munther A. Dahleh},
  title   = {Finite Time LTI System Identification},
  journal = {Journal of Machine Learning Research},
  year    = {2021},
  volume  = {22},
  number  = {26},
  pages   = {1--61},
  url     = {http://jmlr.org/papers/v22/19-725.html}
}

@article{aronszajn1950theory,
  title={Theory of reproducing kernels},
  author={Aronszajn, Nachman},
  journal={Transactions of the American mathematical society},
  volume={68},
  number={3},
  pages={337--404},
  year={1950}
}

@book{chan2007introduction,
  title={An introduction to iterative Toeplitz solvers},
  author={Chan, Raymond Hon-Fu and Jin, Xiao-Qing},
  year={2007},
  publisher={SIAM}
}

@article{chandrasekaran1998fast,
  title={A fast stable solver for nonsymmetric Toeplitz and quasi-Toeplitz systems of linear equations},
  author={Chandrasekaran, Shivkumar and Sayed, Ali H},
  journal={SIAM Journal on Matrix Analysis and Applications},
  volume={19},
  number={1},
  pages={107--139},
  year={1998},
  publisher={SIAM}
}

@article{chen1990non,
  title={Non-linear system identification using neural networks},
  author={Chen, Sheng and Billings, Stephen A and Grant, PM},
  journal={International journal of control},
  volume={51},
  number={6},
  pages={1191--1214},
  year={1990},
  publisher={Taylor \& Francis}
}

@article{cho2009kernel,
  title={Kernel methods for deep learning},
  author={Cho, Youngmin and Saul, Lawrence},
  journal={Advances in neural information processing systems},
  volume={22},
  year={2009}
}

@misc{cho2014learningphraserepresentationsusing,
      title={Learning Phrase Representations using RNN Encoder-Decoder for Statistical Machine Translation}, 
      author={Kyunghyun Cho and Bart van Merrienboer and Caglar Gulcehre and Dzmitry Bahdanau and Fethi Bougares and Holger Schwenk and Yoshua Bengio},
      year={2014},
      eprint={1406.1078},
      archivePrefix={arXiv},
      primaryClass={cs.CL},
      url={https://arxiv.org/abs/1406.1078}, 
}

@article{dean2020sample,
  title={On the sample complexity of the linear quadratic regulator},
  author={Dean, Sarah and Mania, Horia and Matni, Nikolai and Recht, Benjamin and Tu, Stephen},
  journal={Foundations of Computational Mathematics},
  volume={20},
  number={4},
  pages={633--679},
  year={2020},
  publisher={Springer}
}

@article{dinuzzo2012representer,
  title={The representer theorem for Hilbert spaces: a necessary and sufficient condition},
  author={Dinuzzo, Francesco and Sch{\"o}lkopf, Bernhard},
  journal={Advances in neural information processing systems},
  volume={25},
  year={2012}
}

@misc{faradonbeh2018finitetimeidentificationunstable,
      title={Finite Time Identification in Unstable Linear Systems}, 
      author={Mohamad Kazem Shirani Faradonbeh and Ambuj Tewari and George Michailidis},
      year={2018},
      eprint={1710.01852},
      archivePrefix={arXiv},
      primaryClass={cs.SY},
      url={https://arxiv.org/abs/1710.01852}, 
}

@article{gedon2021deep,
  title={Deep state space models for nonlinear system identification},
  author={Gedon, Daniel and Wahlstr{\"o}m, Niklas and Sch{\"o}n, Thomas B and Ljung, Lennart},
  journal={IFAC-PapersOnLine},
  volume={54},
  number={7},
  pages={481--486},
  year={2021},
  publisher={Elsevier}
}

@article{gupta2021multiwavelet,
  title={Multiwavelet-based operator learning for differential equations},
  author={Gupta, Gaurav and Xiao, Xiongye and Bogdan, Paul},
  journal={Advances in neural information processing systems},
  volume={34},
  pages={24048--24062},
  year={2021}
}

@inproceedings{gupta2022non,
  title={Non-linear operator approximations for initial value problems},
  author={Gupta, Gaurav and Xiao, Xiongye and Balan, Radu and Bogdan, Paul},
  booktitle={International Conference on Learning Representations (ICLR)},
  year={2022}
}

@misc{hendriks2020deepenergybasednarxmodels,
      title={Deep Energy-Based NARX Models}, 
      author={Johannes N. Hendriks and Fredrik K. Gustafsson and Antônio H. Ribeiro and Adrian G. Wills and Thomas B. Schön},
      year={2020},
      eprint={2012.04136},
      archivePrefix={arXiv},
      primaryClass={cs.LG},
      url={https://arxiv.org/abs/2012.04136}, 
}

@article{hochreiter1997long,
  title={Long Short-term Memory},
  author={Hochreiter, S},
  journal={Neural Computation MIT-Press},
  year={1997}
}

@article{jelich2021efficient,
  title={Efficient solution of block Toeplitz systems with multiple right-hand sides arising from a periodic boundary element formulation},
  author={Jelich, Christopher and Karimi, Mahmoud and Kessissoglou, Nicole and Marburg, Steffen},
  journal={Engineering Analysis with Boundary Elements},
  volume={130},
  pages={135--144},
  year={2021},
  publisher={Elsevier}
}

@article{kalouptsidis1984fast,
  title={Fast algorithms for block Toeplitz matrices with Toeplitz entries},
  author={Kalouptsidis, N and Carayannis, G and Manolakis, D0},
  journal={Signal Processing},
  volume={6},
  number={1},
  pages={77--81},
  year={1984},
  publisher={Elsevier}
}

@misc{li2021fourierneuraloperatorparametric,
      title={Fourier Neural Operator for Parametric Partial Differential Equations}, 
      author={Zongyi Li and Nikola Kovachki and Kamyar Azizzadenesheli and Burigede Liu and Kaushik Bhattacharya and Andrew Stuart and Anima Anandkumar},
      year={2021},
      eprint={2010.08895},
      archivePrefix={arXiv},
      primaryClass={cs.LG},
      url={https://arxiv.org/abs/2010.08895}, 
}

@article{lusch2018deep,
  title={Deep learning for universal linear embeddings of nonlinear dynamics},
  author={Lusch, Bethany and Kutz, J Nathan and Brunton, Steven L},
  journal={Nature communications},
  volume={9},
  number={1},
  pages={4950},
  year={2018},
  publisher={Nature Publishing Group UK London}
}

@article{masti2021learning,
  title={Learning nonlinear state--space models using autoencoders},
  author={Masti, Daniele and Bemporad, Alberto},
  journal={Automatica},
  volume={129},
  pages={109666},
  year={2021},
  publisher={Elsevier}
}

@article{saad1986gmres,
  title={GMRES: A generalized minimal residual algorithm for solving nonsymmetric linear systems},
  author={Saad, Youcef and Schultz, Martin H},
  journal={SIAM Journal on scientific and statistical computing},
  volume={7},
  number={3},
  pages={856--869},
  year={1986},
  publisher={SIAM}
}

@misc{simchowitz2018learningmixingsharpanalysis,
      title={Learning Without Mixing: Towards A Sharp Analysis of Linear System Identification}, 
      author={Max Simchowitz and Horia Mania and Stephen Tu and Michael I. Jordan and Benjamin Recht},
      year={2018},
      eprint={1802.08334},
      archivePrefix={arXiv},
      primaryClass={cs.LG},
      url={https://arxiv.org/abs/1802.08334}, 
}

@article{strang1986proposal,
  title={A proposal for Toeplitz matrix calculations},
  author={Strang, Gilbert},
  journal={Studies in Applied Mathematics},
  volume={74},
  number={2},
  pages={171--176},
  year={1986},
  publisher={Wiley Online Library}
}

@article{trench1986solution,
  title={Solution of systems with Toeplitz matrices generated by rational functions},
  author={Trench, William F},
  journal={Linear algebra and its applications},
  volume={74},
  pages={191--211},
  year={1986},
  publisher={Elsevier}
}

@inproceedings{xiao2022coupled,
  title={Coupled multiwavelet operator learning for coupled differential equations},
  author={Xiao, Xiongye and Cao, Defu and Yang, Ruochen and Gupta, Gaurav and Liu, Gengshuo and Yin, Chenzhong and Balan, Radu and Bogdan, Paul},
  booktitle={The Eleventh International Conference on Learning Representations},
  year={2022}
}

@misc{zancato2021noveldeepneuralnetwork,
      title={A novel Deep Neural Network architecture for non-linear system identification}, 
      author={Luca Zancato and Alessandro Chiuso},
      year={2021},
      eprint={2106.03078},
      archivePrefix={arXiv},
      primaryClass={cs.LG},
      url={https://arxiv.org/abs/2106.03078}, 
}

