
% Journals

% First the Full Name is given, then the abbreviation used in the AMS Math
% Reviews, with an indication if it could not be found there.
% Note the 2nd overwrites the 1st, so swap them if you want the full name.

 %{AMS}
 @String{AMSTrans = "American Mathematical Society Translations" }
 @String{AMSTrans = "Amer. Math. Soc. Transl." }
 @String{BullAMS = "Bulletin of the American Mathematical Society" }
 @String{BullAMS = "Bull. Amer. Math. Soc." }
 @String{ProcAMS = "Proceedings of the American Mathematical Society" }
 @String{ProcAMS = "Proc. Amer. Math. Soc." }
 @String{TransAMS = "Transactions of the American Mathematical Society" }
 @String{TransAMS = "Trans. Amer. Math. Soc." }

 %ACM
 @String{CACM = "Communications of the {ACM}" }
 @String{CACM = "Commun. {ACM}" }
 @String{CompServ = "Comput. Surveys" }
 @String{JACM = "J. ACM" }
 @String{ACMMathSoft = "{ACM} Transactions on Mathematical Software" }
 @String{ACMMathSoft = "{ACM} Trans. Math. Software" }
 @String{SIGNUM = "{ACM} {SIGNUM} Newsletter" }
 @String{SIGNUM = "{ACM} {SIGNUM} Newslett." }

 @String{AmerSocio = "American Journal of Sociology" }
 @String{AmerStatAssoc = "Journal of the American Statistical Association" }
 @String{AmerStatAssoc = "J. Amer. Statist. Assoc." }
 @String{ApplMathComp = "Applied Mathematics and Computation" }
 @String{ApplMathComp = "Appl. Math. Comput." }
 @String{AmerMathMonthly = "American Mathematical Monthly" }
 @String{AmerMathMonthly = "Amer. Math. Monthly" }
 @String{BIT = "{BIT}" }
 @String{BritStatPsych = "British Journal of Mathematical and Statistical
          Psychology" }
 @String{BritStatPsych = "Brit. J. Math. Statist. Psych." }
 @String{CanMathBull = "Canadian Mathematical Bulletin" }
 @String{CanMathBull = "Canad. Math. Bull." }
 @String{CompApplMath = "Journal of Computational and Applied Mathematics" }
 @String{CompApplMath = "J. Comput. Appl. Math." }
 @String{CompPhys = "Journal of Computational Physics" }
 @String{CompPhys = "J. Comput. Phys." }
 @String{CompStruct = "Computers and Structures" }
 @String{CompStruct = "Comput. \& Structures" }
 @String{CompJour = "The Computer Journal" }
 @String{CompJour = "Comput. J." }
 @String{CompSysSci = "Journal of Computer and System Sciences" }
 @String{CompSysSci = "J. Comput. System Sci." }
 @String{Computing = "Computing" }
 @String{ContempMath = "Contemporary Mathematics" }
 @String{ContempMath = "Contemp. Math." }
 @String{Crelle = "Crelle's Journal" }
 @String{GiornaleMath = "Giornale di Mathematiche" }
 @String{GiornaleMath = "Giorn. Mat." } % didn't find in AMS MR., ibid.

 %IEEE
 @String{Computer = "{IEEE} Computer" }
 @String{IEEETransComp = "{IEEE} Transactions on Computers" }
 @String{IEEETransComp = "{IEEE} Trans. Comput." }
 @String{IEEETransAC = "{IEEE} Transactions on Automatic Control" }
 @String{IEEETransAC = "{IEEE} Trans. Automat. Control" }
 @String{IEEESpec = "{IEEE} Spectrum" } % didn't find in AMS MR
 @String{ProcIEEE = "Proceedings of the {IEEE}" }
 @String{ProcIEEE = "Proc. {IEEE}" } % didn't find in AMS MR
 @String{IEEETransAeroElec = "{IEEE} Transactions on Aerospace and Electronic
     Systems" }
 @String{IEEETransAeroElec = "{IEEE} Trans. Aerospace Electron. Systems" }

 @String{IMANumerAna = "{IMA} Journal of Numerical Analysis" }
 @String{IMANumerAna = "{IMA} J. Numer. Anal." }
 @String{InfProcLet = "Information Processing Letters" }
 @String{InfProcLet = "Inform. Process. Lett." }
 @String{InstMathApp = "Journal of the Institute of Mathematics and
     its Applications" }
 @String{InstMathApp = "J. Inst. Math. Appl." }
 @String{IntControl = "International Journal of Control" }
 @String{IntControl = "Internat. J. Control" }
 @String{IntNumerEng = "International Journal for Numerical Methods in
     Engineering" }
 @String{IntNumerEng = "Internat. J. Numer. Methods Engrg." }
 @String{IntSuper = "International Journal of Supercomputing Applications" }
 @String{IntSuper = "Internat. J. Supercomputing Applic." } % didn't find
%% in AMS MR
 @String{Kibernetika = "Kibernetika" }
 @String{JResNatBurStand = "Journal of Research of the National Bureau
     of Standards" }
 @String{JResNatBurStand = "J. Res. Nat. Bur. Standards" }
 @String{LinAlgApp = "Linear Algebra and its Applications" }
 @String{LinAlgApp = "Linear Algebra Appl." }
 @String{MathAnaAppl = "Journal of Mathematical Analysis and Applications" }
 @String{MathAnaAppl = "J. Math. Anal. Appl." }
 @String{MathAnnalen = "Mathematische Annalen" }
 @String{MathAnnalen = "Math. Ann." }
 @String{MathPhys = "Journal of Mathematical Physics" }
 @String{MathPhys = "J. Math. Phys." }
 @String{MathComp = "Mathematics of Computation" }
 @String{MathComp = "Math. Comp." }
 @String{MathScand = "Mathematica Scandinavica" }
 @String{MathScand = "Math. Scand." }
 @String{TablesAidsComp = "Mathematical Tables and Other Aids to Computation" }
 @String{TablesAidsComp = "Math. Tables Aids Comput." }
 @String{NumerMath = "Numerische Mathematik" }
 @String{NumerMath = "Numer. Math." }
 @String{PacificMath = "Pacific Journal of Mathematics" }
 @String{PacificMath = "Pacific J. Math." }
 @String{ParDistComp = "Journal of Parallel and Distributed Computing" }
 @String{ParDistComp = "J. Parallel and Distrib. Comput." } % didn't find
%% in AMS MR
 @String{ParComputing = "Parallel Computing" }
 @String{ParComputing = "Parallel Comput." }
 @String{PhilMag = "Philosophical Magazine" }
 @String{PhilMag = "Philos. Mag." }
 @String{ProcNAS = "Proceedings of the National Academy of Sciences
                    of the USA" }
 @String{ProcNAS = "Proc. Nat. Acad. Sci. U. S. A." }
 @String{Psychometrika = "Psychometrika" }
 @String{QuartMath = "Quarterly Journal of Mathematics, Oxford, Series (2)" }
 @String{QuartMath = "Quart. J. Math. Oxford Ser. (2)" }
 @String{QuartApplMath = "Quarterly of Applied Mathematics" }
 @String{QuartApplMath = "Quart. Appl. Math." }
 @String{RevueInstStat = "Review of the International Statisical Institute" }
 @String{RevueInstStat = "Rev. Inst. Internat. Statist." }

 %SIAM
 @String{JSIAM = "Journal of the Society for Industrial and Applied
     Mathematics" }
 @String{JSIAM = "J. Soc. Indust. Appl. Math." }
 @String{JSIAMB = "Journal of the Society for Industrial and Applied
     Mathematics, Series B, Numerical Analysis" }
 @String{JSIAMB = "J. Soc. Indust. Appl. Math. Ser. B Numer. Anal." }
 @String{SIAMAlgMeth = "{SIAM} Journal on Algebraic and Discrete Methods" }
 @String{SIAMAlgMeth = "{SIAM} J. Algebraic Discrete Methods" }
 @String{SIAMAppMath = "{SIAM} Journal on Applied Mathematics" }
 @String{SIAMAppMath = "{SIAM} J. Appl. Math." }
 @String{SIAMComp = "{SIAM} Journal on Computing" }
 @String{SIAMComp = "{SIAM} J. Comput." }
 @String{SIAMMatrix = "{SIAM} Journal on Matrix Analysis and Applications" }
 @String{SIAMMatrix = "{SIAM} J. Matrix Anal. Appl." }
 @String{SIAMNumAnal = "{SIAM} Journal on Numerical Analysis" }
 @String{SIAMNumAnal = "{SIAM} J. Numer. Anal." }
 @String{SIAMReview = "{SIAM} Review" }
 @String{SIAMReview = "{SIAM} Rev." }
 @String{SIAMSciStat = "{SIAM} Journal on Scientific and Statistical
     Computing" }
 @String{SIAMSciStat = "{SIAM} J. Sci. Statist. Comput." }

 @String{SoftPracExp = "Software Practice and Experience" }
 @String{SoftPracExp = "Software Prac. Experience" } % didn't find in AMS MR
 @String{StatScience = "Statistical Science" }
 @String{StatScience = "Statist. Sci." }
 @String{Techno = "Technometrics" }
 @String{USSRCompMathPhys = "{USSR} Computational Mathematics and Mathematical
     Physics" }
 @String{USSRCompMathPhys = "{U. S. S. R.} Comput. Math. and Math. Phys." }
 @String{VLSICompSys = "Journal of {VLSI} and Computer Systems" }
 @String{VLSICompSys = "J. {VLSI} Comput. Syst." }
 @String{ZAngewMathMech = "Zeitschrift fur Angewandte Mathematik und
     Mechanik" }
 @String{ZAngewMathMech = "Z. Angew. Math. Mech." }
 @String{ZAngewMathPhys = "Zeitschrift fur Angewandte Mathematik und Physik" }
 @String{ZAngewMathPhys = "Z. Angew. Math. Phys." }

% Publishers % ================================================= |

 @String{Academic = "Academic Press" }
 @String{ACMPress = "{ACM} Press" }
 @String{AdamHilger = "Adam Hilger" }
 @String{AddisonWesley = "Addison-Wesley" }
 @String{AllynBacon = "Allyn and Bacon" }
 @String{AMS = "American Mathematical Society" }
 @String{Birkhauser = "Birkha{\"u}ser" }
 @String{CambridgePress = "Cambridge University Press" }
 @String{Chelsea = "Chelsea" }
 @String{ClaredonPress = "Claredon Press" }
 @String{DoverPub = "Dover Publications" }
 @String{Eyolles = "Eyolles" }
 @String{HoltRinehartWinston = "Holt, Rinehart and Winston" }
 @String{Interscience = "Interscience" }
 @String{JohnsHopkinsPress = "The Johns Hopkins University Press" }
 @String{JohnWileySons = "John Wiley and Sons" }
 @String{Macmillan = "Macmillan" }
 @String{MathWorks = "The Math Works Inc." }
 @String{McGrawHill = "McGraw-Hill" }
 @String{NatBurStd = "National Bureau of Standards" }
 @String{NorthHolland = "North-Holland" }
 @String{OxfordPress = "Oxford University Press" }  %address Oxford or London?
 @String{PergamonPress = "Pergamon Press" }
 @String{PlenumPress = "Plenum Press" }
 @String{PrenticeHall = "Prentice-Hall" }
 @String{SIAMPub = "{SIAM} Publications" }
 @String{Springer = "Springer-Verlag" }
 @String{TexasPress = "University of Texas Press" }
 @String{VanNostrand = "Van Nostrand" }
 @String{WHFreeman = "W. H. Freeman and Co." }

%Entries

%%%

@inproceedings{grit,
  title={Graph inductive biases in transformers without message passing},
  author={Ma, Liheng and Lin, Chen and Lim, Derek and Romero-Soriano, Adriana and Dokania, Puneet K and Coates, Mark and Torr, Philip and Lim, Ser-Nam},
  booktitle={International Conference on Machine Learning},
  pages={23321--23337},
  year={2023},
  organization={PMLR}
}


@article{grover,
  title={Self-supervised graph transformer on large-scale molecular data},
  author={Rong, Yu and Bian, Yatao and Xu, Tingyang and Xie, Weiyang and Wei, Ying and Huang, Wenbing and Huang, Junzhou},
  journal={Advances in neural information processing systems},
  volume={33},
  pages={12559--12571},
  year={2020}
}


@article{graphit,
  title={Graphit: Encoding graph structure in transformers},
  author={Mialon, Gr{\'e}goire and Chen, Dexiong and Selosse, Margot and Mairal, Julien},
  journal={arXiv preprint arXiv:2106.05667},
  year={2021}
}


@inproceedings{exphormer,
  title={Exphormer: Sparse transformers for graphs},
  author={Shirzad, Hamed and Velingker, Ameya and Venkatachalam, Balaji and Sutherland, Danica J and Sinop, Ali Kemal},
  booktitle={International Conference on Machine Learning},
  pages={31613--31632},
  year={2023},
  organization={PMLR}
}


@article{san,
  title={Rethinking graph transformers with spectral attention},
  author={Kreuzer, Devin and Beaini, Dominique and Hamilton, Will and L{\'e}tourneau, Vincent and Tossou, Prudencio},
  journal={Advances in Neural Information Processing Systems},
  volume={34},
  pages={21618--21629},
  year={2021}
}


@article{graphgps,
  title={Recipe for a general, powerful, scalable graph transformer},
  author={Ramp{\'a}{\v{s}}ek, Ladislav and Galkin, Michael and Dwivedi, Vijay Prakash and Luu, Anh Tuan and Wolf, Guy and Beaini, Dominique},
  journal={Advances in Neural Information Processing Systems},
  volume={35},
  pages={14501--14515},
  year={2022}
}


@article{pathmlp,
  title = {PathMLP: Smooth path towards high-order homophily},
  journal = {Neural Networks},
  volume = {180},
  pages = {106650},
  year = {2024},
  author = {Jiajun Zhou and Chenxuan Xie and Shengbo Gong and Jiaxu Qian and Shanqing Yu and Qi Xuan and Xiaoniu Yang},
}



@article{h2gcn,
  title={Beyond homophily in graph neural networks: Current limitations and effective designs},
  author={Zhu, Jiong and Yan, Yujun and Zhao, Lingxiao and Heimann, Mark and Akoglu, Leman and Koutra, Danai},
  journal={Advances in neural information processing systems},
  volume={33},
  pages={7793--7804},
  year={2020}
}


@inproceedings{mixhop,
  title={Mixhop: Higher-order graph convolutional architectures via sparsified neighborhood mixing},
  author={Abu-El-Haija, Sami and Perozzi, Bryan and Kapoor, Amol and Alipourfard, Nazanin and Lerman, Kristina and Harutyunyan, Hrayr and Ver Steeg, Greg and Galstyan, Aram},
  booktitle={international conference on machine learning},
  pages={21--29},
  year={2019},
  organization={PMLR}
}


@inproceedings{alon2020bottleneck,
  title={On the Bottleneck of Graph Neural Networks and its Practical Implications},
  author={Alon, Uri and Yahav, Eran},
  booktitle={International Conference on Learning Representations},
  year={2021},
}


@article{Graphormer,
  title={Do transformers really perform badly for graph representation?},
  author={Ying, Chengxuan and Cai, Tianle and Luo, Shengjie and Zheng, Shuxin and Ke, Guolin and He, Di and Shen, Yanming and Liu, Tie-Yan},
  journal={Advances in neural information processing systems},
  volume={34},
  pages={28877--28888},
  year={2021}
}


@article{min2022transformer,
  title={Transformer for graphs: An overview from architecture perspective},
  author={Min, Erxue and Chen, Runfa and Bian, Yatao and Xu, Tingyang and Zhao, Kangfei and Huang, Wenbing and Zhao, Peilin and Huang, Junzhou and Ananiadou, Sophia and Rong, Yu},
  journal={arXiv preprint arXiv:2202.08455},
  year={2022}
}



@article{dwivedi2021generalization,
  title={A Generalization of Transformer Networks to Graphs},
  author={Dwivedi, Vijay Prakash and Bresson, Xavier},
  journal={AAAI Workshop on Deep Learning on Graphs: Methods and Applications},
  year={2021}
}


@article{Nodeformer,
  title={Nodeformer: A scalable graph structure learning transformer for node classification},
  author={Wu, Qitian and Zhao, Wentao and Li, Zenan and Wipf, David P and Yan, Junchi},
  journal={Advances in Neural Information Processing Systems},
  volume={35},
  pages={27387--27401},
  year={2022}
}


@article{SGFormer,
  title={Simplifying and empowering transformers for large-graph representations},
  author={Wu, Qitian and Zhao, Wentao and Yang, Chenxiao and Zhang, Hengrui and Nie, Fan and Jiang, Haitian and Bian, Yatao and Yan, Junchi},
  journal={Advances in Neural Information Processing Systems},
  volume={36},
  year={2024}
}


@article{ASN-GT,
  title={Hierarchical graph transformer with adaptive node sampling},
  author={Zhang, Zaixi and Liu, Qi and Hu, Qingyong and Lee, Chee-Kong},
  journal={Advances in Neural Information Processing Systems},
  volume={35},
  pages={21171--21183},
  year={2022}
}


@inproceedings{Gapformer,
  title={Gapformer: graph transformer with graph pooling for node classification},
  author={Liu, Chuang and Zhan, Yibing and Ma, Xueqi and Ding, Liang and Tao, Dapeng and Wu, Jia and Hu, Wenbin},
  booktitle={Proceedings of the Thirty-Second International Joint Conference on Artificial Intelligence},
  pages={2196--2205},
  year={2023}
}


@article{zheng2022graph,
  title={Graph neural networks for graphs with heterophily: A survey},
  author={Zheng, Xin and Wang, Yi and Liu, Yixin and Li, Ming and Zhang, Miao and Jin, Di and Yu, Philip S and Pan, Shirui},
  journal={arXiv preprint arXiv:2202.07082},
  year={2022}
}


@inproceedings{MPNN,
  title={Neural message passing for quantum chemistry},
  author={Gilmer, Justin and Schoenholz, Samuel S and Riley, Patrick F and Vinyals, Oriol and Dahl, George E},
  booktitle={International Conference on Machine Learning},
  pages={1263--1272},
  year={2017},
  organization={PMLR}
}


@inproceedings{PT,
  title={Model degradation hinders deep graph neural networks},
  author={Zhang, Wentao and Sheng, Zeang and Yin, Ziqi and Jiang, Yuezihan and Xia, Yikuan and Gao, Jun and Yang, Zhi and Cui, Bin},
  booktitle={Proceedings of the 28th ACM SIGKDD conference on knowledge discovery and data mining},
  pages={2493--2503},
  year={2022}
}


@inproceedings{GCN,
  title={Semi-Supervised Classification with Graph Convolutional Networks},
  author={Thomas N. Kipf and Max Welling},
  booktitle={International Conference on Learning Representations},
  year={2017}
}


@inproceedings{GAT,
  title={Graph Attention Networks},
  author={Petar Veličković and Guillem Cucurull and Arantxa Casanova and Adriana Romero and Pietro Liò and Yoshua Bengio},
  booktitle={International Conference on Learning Representations},
  year={2018}
}


@article{GraphSAGE,
  title={Inductive Representation Learning on Large Graphs},
  author={Hamilton, Will and Ying, Zhitao and Leskovec, Jure},
  journal={Advances in Neural Information Processing Systems},
  volume={30},
  year={2017}
}


@article{Transformer,
  title={Attention is All You Need},
  author={Vaswani, Ashish and Shazeer, Noam and Parmar, Niki and Uszkoreit, Jakob and Jones, Llion and Gomez, Aidan N and Kaiser, {\L}ukasz and Polosukhin, Illia},
  journal={Advances in Neural Information Processing Systems},
  volume={30},
  year={2017}
}


@inproceedings{res,
  title={Deep residual learning for image recognition},
  author={He, Kaiming and Zhang, Xiangyu and Ren, Shaoqing and Sun, Jian},
  booktitle={Proceedings of the IEEE conference on computer vision and pattern recognition},
  pages={770--778},
  year={2016}
}


@article{layernorm,
  title={Layer Normalization},
  author={Ba, Jimmy Lei and Kiros, Jamie Ryan and Hinton, Geoffrey E},
  journal={stat},
  volume={1050},
  pages={21},
  year={2016}
}


@article{Graph-Bert,
  title={Graph-bert: Only attention is needed for learning graph representations},
  author={Zhang, Jiawei and Zhang, Haopeng and Xia, Congying and Sun, Li},
  journal={arXiv preprint arXiv:2001.05140},
  year={2020}
}


@inproceedings{EGT,
  title={Global Self-attention As A Replacement for Graph Convolution},
  author={Hussain, Md Shamim and Zaki, Mohammed J and Subramanian, Dharmashankar},
  booktitle={Proceedings of the 28th ACM SIGKDD Conference on Knowledge Discovery and Data Mining},
  pages={655--665},
  year={2022}
}


@inproceedings{NAGphormer,
  title={{NAG}phormer: A Tokenized Graph Transformer for Node Classification in Large Graphs},
  author={Jinsong Chen and Kaiyuan Gao and Gaichao Li and Kun He},
  booktitle={The Eleventh International Conference on Learning Representations },
  year={2023}
}


@article{SwishGLU,
  title={Glu Variants Improve Transformer},
  author={Shazeer, Noam},
  journal={arXiv preprint arXiv:2002.05202},
  year={2020}
}


@inproceedings{platonov2023a,
title={A Critical Look at The Evaluation of {GNN}s under Heterophily: Are We Really Making Progress?},
author={Oleg Platonov and Denis Kuznedelev and Michael Diskin and Artem Babenko and Liudmila Prokhorenkova},
booktitle={The Eleventh International Conference on Learning Representations},
year={2023}
}

@inproceedings{mcauley2015I,
author = {McAuley, Julian and Targett, Christopher and Shi, Qinfeng and van den Hengel, Anton},
title = {Image-Based Recommendations on Styles and Substitutes},
year = {2015},
booktitle = {Proceedings of the 38th International ACM SIGIR Conference on Research and Development in Information Retrieval},
pages = {43–52},
series = {SIGIR '15}
}

@article{Shchur2018PitfallsOG,
  title={Pitfalls of Graph Neural Network Evaluation},
  author={Oleksandr Shchur and Maximilian Mumme and Aleksandar Bojchevski and Stephan G{\"u}nnemann},
  journal={ArXiv},
  year={2018},
  volume={abs/1811.05868},
  url={https://api.semanticscholar.org/CorpusID:53303554}
}

@article{mernyei2020wiki,
  title={Wiki-CS: A Wikipedia-Based Benchmark for Graph Neural Networks},
  author={Mernyei, P{\'e}ter and Cangea, C{\u{a}}t{\u{a}}lina},
  journal={arXiv preprint arXiv:2007.02901},
  year={2020}
}

@article{rozemberczki20201R,
    author = {Rozemberczki, Benedek and Allen, Carl and Sarkar, Rik},
    title = "{Multi-Scale attributed node embedding}",
    journal = {Journal of Complex Networks},
    volume = {9},
    number = {2},
    pages = {cnab014},
    year = {2021},
    month = {05},
    issn = {2051-1329},
    doi = {10.1093/comnet/cnab014},
    url = {https://doi.org/10.1093/comnet/cnab014},
}
@inproceedings{tang2009S,
author = {Tang, Jie and Sun, Jimeng and Wang, Chi and Yang, Zi},
title = {Social influence analysis in large-scale networks},
year = {2009},
isbn = {9781605584959},
publisher = {Association for Computing Machinery},
address = {New York, NY, USA},
doi = {10.1145/1557019.1557108},
booktitle = {Proceedings of the 15th ACM SIGKDD International Conference on Knowledge Discovery and Data Mining},
pages = {807–816},
numpages = {10},
keywords = {large-scale network, social influence analysis, social networks, topical analysis propagation},
location = {Paris, France},
series = {KDD '09}
}

@inproceedings{NEURIPS2021_ae816a80,
 author = {Lim, Derek and Hohne, Felix and Li, Xiuyu and Huang, Sijia Linda and Gupta, Vaishnavi and Bhalerao, Omkar and Lim, Ser Nam},
 booktitle = {Advances in Neural Information Processing Systems},
 editor = {M. Ranzato and A. Beygelzimer and Y. Dauphin and P.S. Liang and J. Wortman Vaughan},
 pages = {20887--20902},
 publisher = {Curran Associates, Inc.},
 title = {Large Scale Learning on Non-Homophilous Graphs: New Benchmarks and Strong Simple Methods},
 volume = {34},
 year = {2021}
}

@inproceedings{H2GCN2020,
author = {Zhu, Jiong and Yan, Yujun and Zhao, Lingxiao and Heimann, Mark and Akoglu, Leman and Koutra, Danai},
title = {Beyond homophily in graph neural networks: current limitations and effective designs},
year = {2020},
isbn = {9781713829546},
publisher = {Curran Associates Inc.},
address = {Red Hook, NY, USA},
booktitle = {Proceedings of the 34th International Conference on Neural Information Processing Systems},
articleno = {653},
numpages = {12},
location = {Vancouver, BC, Canada},
series = {NIPS '20},
}

@inproceedings{
GPRGNN,
title={Adaptive Universal Generalized PageRank Graph Neural Network},
author={Eli Chien and Jianhao Peng and Pan Li and Olgica Milenkovic},
booktitle={International Conference on Learning Representations},
year={2021},
url={https://openreview.net/forum?id=n6jl7fLxrP}
}

@inproceedings{fagcn2021,
  title={Beyond Low-frequency Information in Graph Convolutional Networks},
  author={Deyu Bo and Xiao Wang and Chuan Shi and Huawei Shen},
  booktitle = {{AAAI}},
  publisher = {{AAAI} Press},
  year      = {2021}
}

@article{luan2022revisiting,
  title={Revisiting heterophily for graph neural networks},
  author={Luan, Sitao and Hua, Chenqing and Lu, Qincheng and Zhu, Jiaqi and Zhao, Mingde and Zhang, Shuyuan and Chang, Xiao-Wen and Precup, Doina},
  journal={Advances in neural information processing systems},
  volume={35},
  pages={1362--1375},
  year={2022}
}

@article{li2022finding,
  title={Finding Global Homophily in Graph Neural Networks When Meeting Heterophily},
  author={Li, Xiang and Zhu, Renyu and Cheng, Yao and Shan, Caihua and Luo, Siqiang and Li, Dongsheng and Qian, Weining},
  journal={arXiv preprint arXiv:2205.07308},
  year={2022}
}

@article{MAURYA2022101695,
title = {Simplifying approach to node classification in Graph Neural Networks},
journal = {Journal of Computational Science},
volume = {62},
pages = {101695},
year = {2022},
issn = {1877-7503},
doi = {https://doi.org/10.1016/j.jocs.2022.101695},
url = {https://www.sciencedirect.com/science/article/pii/S1877750322000990},
author = {Sunil Kumar Maurya and Xin Liu and Tsuyoshi Murata},
keywords = {Graph Neural Networks, Node classification, Feature selection},
}


@article{Swish,
  title={Searching for Activation Functions},
  author={Ramachandran, Prajit and Zoph, Barret and Le, Quoc V},
  journal={arXiv preprint arXiv:1710.05941},
  year={2017}
}


@inproceedings{GLU,
  title={Language Modeling with Gated Convolutional Networks},
  author={Dauphin, Yann N and Fan, Angela and Auli, Michael and Grangier, David},
  booktitle={International Conference on Machine Learning},
  pages={933--941},
  year={2017},
  organization={PMLR}
}


@inproceedings{AdamW,
    title={Decoupled Weight Decay Regularization},
    author={Ilya Loshchilov and Frank Hutter},
    booktitle={International Conference on Learning Representations},
    year={2019}
}



@inproceedings{moe,
  title     = {GraphDIVE: Graph Classification by Mixture of Diverse Experts},
  author    = {Hu, Fenyu and Wang, Liping and Liu, Qiang and Wu, Shu and Wang, Liang and Tan, Tieniu},
  booktitle = {Proceedings of the Thirty-First International Joint Conference on
               Artificial Intelligence},
  publisher = {International Joint Conferences on Artificial Intelligence Organization},
  pages     = {2080--2086},
  year      = {2022}
}
@inproceedings{wu2023difformer,
    title = {DIFFormer: Scalable (Graph) Transformers Induced by Energy Constrained Diffusion},
    author = {Qitian Wu and Chenxiao Yang and Wentao Zhao and Yixuan He and David Wipf and Junchi Yan},
    booktitle = {International Conference on Learning Representations (ICLR)},
    year = {2023}
}


@inproceedings{chennagphormer,
  title={NAGphormer: A Tokenized Graph Transformer for Node Classification in Large Graphs},
  author={Chen, Jinsong and Gao, Kaiyuan and Li, Gaichao and He, Kun},
  booktitle={Proceedings of the International Conference on Learning Representations},
  year={2023}
}

@misc{luan2024handbook,
      title={The Heterophilic Graph Learning Handbook: Benchmarks, Models, Theoretical Analysis, Applications and Challenges}, 
      author={Sitao Luan and Chenqing Hua and Qincheng Lu and Liheng Ma and Lirong Wu and Xinyu Wang and Minkai Xu and Xiao-Wen Chang and Doina Precup and Rex Ying and Stan Z. Li and Jian Tang and Guy Wolf and Stefanie Jegelka},
      year={2024},
      archivePrefix={arXiv}
}

@ARTICLE{NCGNN,
  author={Zhou, Jiajun and Gong, Shengbo and Chen, Xuanze and Xie, Chenxuan and Yu, Shanqing and Xuan, Qi and Yang, Xiaoniu},
  journal={IEEE Transactions on Pattern Analysis and Machine Intelligence}, 
  title={Clarify Confused Nodes via Separated Learning}, 
  year={2025},
  volume={},
  number={},
  pages={1-14},
  keywords={Measurement;Training;Computational modeling;Security;Message passing;Graph convolutional networks;Filters;Electronic mail;Cyberspace;Research and development;Graph Neural Networks;Homophily;Heterophily;Node Classification;Semi-supervised Learning},
}

@article{GMoE,
  title={Graph mixture of experts: Learning on large-scale graphs with explicit diversity modeling},
  author={Wang, Haotao and Jiang, Ziyu and You, Yuning and Han, Yan and Liu, Gaowen and Srinivasa, Jayanth and Kompella, Ramana and Wang, Zhangyang and others},
  journal={Advances in Neural Information Processing Systems},
  volume={36},
  year={2024}
}

@inproceedings{mowst,
title={Mixture of Weak and Strong Experts on Graphs},
author={Hanqing Zeng and Hanjia Lyu and Diyi Hu and Yinglong Xia and Jiebo Luo},
booktitle={International Conference on Learning Representations},
year={2024}
}

@article{BP-MoE,
  title={BP-MoE: Behavior Pattern-aware Mixture-of-Experts for temporal graph representation learning},
  author={Chen, Chonghao and Cai, Fei and Chen, Wanyu and Zheng, Jianming and Zhang, Xin and Luo, Aimin},
  journal={Knowledge-Based Systems},
  pages={112056},
  year={2024},
  publisher={Elsevier}
}

@article{hu2020open,
  title={Open graph benchmark: Datasets for machine learning on graphs},
  author={Hu, Weihua and Fey, Matthias and Zitnik, Marinka and Dong, Yuxiao and Ren, Hongyu and Liu, Bowen and Catasta, Michele and Leskovec, Jure},
  journal={Advances in neural information processing systems},
  volume={33},
  pages={22118--22133},
  year={2020}
}

@inproceedings{Link-MoE,
  title={Mixture of Link Predictors on Graphs},
  author={Ma, Li and Han, Haoyu and Li, Juanhui and Shomer, Harry and Liu, Hui and Gao, Xiaofeng and Tang, Jiliang},
  booktitle={The Thirty-eighth Annual Conference on Neural Information Processing Systems}
}

@article{zhou2022behavior,
  title={Behavior-aware account de-anonymization on ethereum interaction graph},
  author={Zhou, Jiajun and Hu, Chenkai and Chi, Jianlei and Wu, Jiajing and Shen, Meng and Xuan, Qi},
  journal={IEEE Transactions on Information Forensics and Security},
  volume={17},
  pages={3433--3448},
  year={2022},
  publisher={IEEE}
}

@inproceedings{fan2019graph,
  title={Graph neural networks for social recommendation},
  author={Fan, Wenqi and Ma, Yao and Li, Qing and He, Yuan and Zhao, Eric and Tang, Jiliang and Yin, Dawei},
  booktitle={The world wide web conference},
  pages={417--426},
  year={2019}
}



@article{Meta-IFD,
  title={Enhancing Ethereum Fraud Detection via Generative and Contrastive Self-supervision},
  author={Jin, Chengxiang and Zhou, Jiajun and Xie, Chenxuan and Yu, Shanqing and Xuan, Qi and Yang, Xiaoniu},
  journal={IEEE Transactions on Information Forensics and Security},
  year={2024},
  volume={20},
  number={},
  pages={839-853},
  publisher={IEEE}
}

@article{liu2022deep,
  title={Deep graph learning for anomalous citation detection},
  author={Liu, Jiaying and Xia, Feng and Feng, Xu and Ren, Jing and Liu, Huan},
  journal={IEEE Transactions on Neural Networks and Learning Systems},
  volume={33},
  number={6},
  pages={2543--2557},
  year={2022},
  publisher={IEEE}
}

@article{wu2022graph,
  title={Graph neural networks in recommender systems: a survey},
  author={Wu, Shiwen and Sun, Fei and Zhang, Wentao and Xie, Xu and Cui, Bin},
  journal={ACM Computing Surveys},
  volume={55},
  number={5},
  pages={1--37},
  year={2022},
  publisher={ACM New York, NY}
}



@article{GT,
  title={Graph transformer networks},
  author={Yun, Seongjun and Jeong, Minbyul and Kim, Raehyun and Kang, Jaewoo and Kim, Hyunwoo J},
  journal={Advances in neural information processing systems},
  volume={32},
  year={2019}
}

@inproceedings{SGC,
  title={Simplifying graph convolutional networks},
  author={Wu, Felix and Souza, Amauri and Zhang, Tianyi and Fifty, Christopher and Yu, Tao and Weinberger, Kilian},
  booktitle={International conference on machine learning},
  pages={6861--6871},
  year={2019},
  organization={PMLR}
}

@article{SIGN,
  title={Sign: Scalable inception graph neural networks},
  author={Frasca, Fabrizio and Rossi, Emanuele and Eynard, Davide and Chamberlain, Ben and Bronstein, Michael and Monti, Federico},
  journal={arXiv preprint arXiv:2004.11198},
  year={2020}
}

@article{GELU,
  title={Gaussian error linear units (gelus)},
  author={Hendrycks, Dan and Gimpel, Kevin},
  journal={arXiv preprint arXiv:1606.08415},
  year={2016}
}