@inproceedings{luo2021score,
  title={Score-based point cloud denoising},
  author={Luo, Shitong and Hu, Wei},
  booktitle={Proceedings of the IEEE/CVF International Conference on Computer Vision},
  pages={4583--4592},
  year={2021}
}
@article{ma2023exploiting,
  title={Exploiting noise as a resource for computation and learning in spiking neural networks},
  author={Ma, Gehua and Yan, Rui and Tang, Huajin},
  journal={Patterns},
  volume={4},
  number={10},
  year={2023},
  publisher={Elsevier}
}
@inproceedings{fang2021incorporating,
  title={Incorporating learnable membrane time constant to enhance learning of spiking neural networks},
  author={Fang, Wei and Yu, Zhaofei and Chen, Yanqi and Masquelier, Timoth{\'e}e and Huang, Tiejun and Tian, Yonghong},
  booktitle={Proceedings of the IEEE/CVF international conference on computer vision},
  pages={2661--2671},
  year={2021}
}
@article{maass1995computational,
  title={On the computational power of noisy spiking neurons},
  author={Maass, Wolfgang},
  journal={Advances in neural information processing systems},
  volume={8},
  year={1995}
}
@inproceedings{wu2024point,
  title={Point-to-Spike Residual Learning for Energy-Efficient 3D Point Cloud Classification},
  author={Wu, Qiaoyun and Zhang, Quanxiao and Tan, Chunyu and Zhou, Yun and Sun, Changyin},
  booktitle={Proceedings of the AAAI Conference on Artificial Intelligence},
  volume={38},
  number={6},
  pages={6092--6099},
  year={2024}
}
@inproceedings{liu2019densepoint,
  title={Densepoint: Learning densely contextual representation for efficient point cloud processing},
  author={Liu, Yongcheng and Fan, Bin and Meng, Gaofeng and Lu, Jiwen and Xiang, Shiming and Pan, Chunhong},
  booktitle={Proceedings of the IEEE/CVF international conference on computer vision},
  pages={5239--5248},
  year={2019}
}
@inproceedings{luo2020differentiable,
  title={Differentiable manifold reconstruction for point cloud denoising},
  author={Luo, Shitong and Hu, Wei},
  booktitle={Proceedings of the 28th ACM international conference on multimedia},
  pages={1330--1338},
  year={2020}
}
@article{wang2019dynamic,
  title={Dynamic graph cnn for learning on point clouds},
  author={Wang, Yue and Sun, Yongbin and Liu, Ziwei and Sarma, Sanjay E and Bronstein, Michael M and Solomon, Justin M},
  journal={ACM Transactions on Graphics (tog)},
  volume={38},
  number={5},
  pages={1--12},
  year={2019},
  publisher={Acm New York, NY, USA}
}
@inproceedings{yu2018pu,
  title={Pu-net: Point cloud upsampling network},
  author={Yu, Lequan and Li, Xianzhi and Fu, Chi-Wing and Cohen-Or, Daniel and Heng, Pheng-Ann},
  booktitle={Proceedings of the IEEE conference on computer vision and pattern recognition},
  pages={2790--2799},
  year={2018}
}
@inproceedings{rakotosaona2020pointcleannet,
  title={Pointcleannet: Learning to denoise and remove outliers from dense point clouds},
  author={Rakotosaona, Marie-Julie and La Barbera, Vittorio and Guerrero, Paul and Mitra, Niloy J and Ovsjanikov, Maks},
  booktitle={Computer graphics forum},
  volume={39},
  number={1},
  pages={185--203},
  year={2020},
  organization={Wiley Online Library}
}
@article{zhang2020pointfilter,
  title={Pointfilter: Point cloud filtering via encoder-decoder modeling},
  author={Zhang, Dongbo and Lu, Xuequan and Qin, Hong and He, Ying},
  journal={IEEE Transactions on Visualization and Computer Graphics},
  volume={27},
  number={3},
  pages={2015--2027},
  year={2020},
  publisher={IEEE}
}
@inproceedings{fan2017point,
  title={A point set generation network for 3d object reconstruction from a single image},
  author={Fan, Haoqiang and Su, Hao and Guibas, Leonidas J},
  booktitle={Proceedings of the IEEE conference on computer vision and pattern recognition},
  pages={605--613},
  year={2017}
}
@inproceedings{li2021point,
  title={Point cloud upsampling via disentangled refinement},
  author={Li, Ruihui and Li, Xianzhi and Heng, Pheng-Ann and Fu, Chi-Wing},
  booktitle={Proceedings of the IEEE/CVF conference on computer vision and pattern recognition},
  pages={344--353},
  year={2021}
}
@article{ravi2020accelerating,
  title={Accelerating 3d deep learning with pytorch3d},
  author={Ravi, Nikhila and Reizenstein, Jeremy and Novotny, David and Gordon, Taylor and Lo, Wan-Yen and Johnson, Justin and Gkioxari, Georgia},
  journal={arXiv preprint arXiv:2007.08501},
  year={2020}
}
@article{fang2023spikingjelly,
  title={Spikingjelly: An open-source machine learning infrastructure platform for spike-based intelligence},
  author={Fang, Wei and Chen, Yanqi and Ding, Jianhao and Yu, Zhaofei and Masquelier, Timoth{\'e}e and Chen, Ding and Huang, Liwei and Zhou, Huihui and Li, Guoqi and Tian, Yonghong},
  journal={Science Advances},
  volume={9},
  number={40},
  pages={eadi1480},
  year={2023},
  publisher={American Association for the Advancement of Science}
}

@inproceedings{kim2020spiking,
  title={Spiking-yolo: spiking neural network for energy-efficient object detection},
  author={Kim, Seijoon and Park, Seongsik and Na, Byunggook and Yoon, Sungroh},
  booktitle={Proceedings of the AAAI conference on artificial intelligence},
  volume={34},
  number={07},
  pages={11270--11277},
  year={2020}
}
@article{davies2018loihi,
  title={Loihi: A neuromorphic manycore processor with on-chip learning},
  author={Davies, Mike and Srinivasa, Narayan and Lin, Tsung-Han and Chinya, Gautham and Cao, Yongqiang and Choday, Sri Harsha and Dimou, Georgios and Joshi, Prasad and Imam, Nabil and Jain, Shweta and others},
  journal={Ieee Micro},
  volume={38},
  number={1},
  pages={82--99},
  year={2018},
  publisher={IEEE}
}
@article{akopyan2015truenorth,
  title={Truenorth: Design and tool flow of a 65 mw 1 million neuron programmable neurosynaptic chip},
  author={Akopyan, Filipp and Sawada, Jun and Cassidy, Andrew and Alvarez-Icaza, Rodrigo and Arthur, John and Merolla, Paul and Imam, Nabil and Nakamura, Yutaka and Datta, Pallab and Nam, Gi-Joon and others},
  journal={IEEE transactions on computer-aided design of integrated circuits and systems},
  volume={34},
  number={10},
  pages={1537--1557},
  year={2015},
  publisher={IEEE}
}
@inproceedings{cao2024spiking,
  title={Spiking denoising diffusion probabilistic models},
  author={Cao, Jiahang and Wang, Ziqing and Guo, Hanzhong and Cheng, Hao and Zhang, Qiang and Xu, Renjing},
  booktitle={Proceedings of the IEEE/CVF Winter Conference on Applications of Computer Vision},
  pages={4912--4921},
  year={2024}
}
@article{bulsara1996cooperative,
  title={Cooperative behavior in periodically driven noisy integrate-fire models of neuronal dynamics},
  author={Bulsara, Adi R and Elston, Tim C and Doering, Charles R and Lowen, Steve B and Lindenberg, Katja},
  journal={Physical Review E},
  volume={53},
  number={4},
  pages={3958},
  year={1996},
  publisher={APS}
}
@article{hunsberger2015spiking,
  title={Spiking deep networks with LIF neurons},
  author={Hunsberger, Eric and Eliasmith, Chris},
  journal={arXiv preprint arXiv:1510.08829},
  year={2015}
}
@article{brunel2003firing,
  title={Firing rate of the noisy quadratic integrate-and-fire neuron},
  author={Brunel, Nicolas and Latham, Peter E},
  journal={Neural computation},
  volume={15},
  number={10},
  pages={2281--2306},
  year={2003},
  publisher={MIT Press}
}
@article{jiang2023klif,
  title={Klif: An optimized spiking neuron unit for tuning surrogate gradient slope and membrane potential},
  author={Jiang, Chunming and Zhang, Yilei},
  journal={arXiv preprint arXiv:2302.09238},
  year={2023}
}
@article{preiner2014continuous,
  title={Continuous projection for fast L1 reconstruction.},
  author={Preiner, Reinhold and Mattausch, Oliver and Arikan, Murat and Pajarola, Renato and Wimmer, Michael},
  journal={ACM Trans. Graph.},
  volume={33},
  number={4},
  pages={47--1},
  year={2014}
}
@article{avron2010l1,
  title={â„“1-sparse reconstruction of sharp point set surfaces},
  author={Avron, Haim and Sharf, Andrei and Greif, Chen and Cohen-Or, Daniel},
  journal={ACM Transactions on Graphics (TOG)},
  volume={29},
  number={5},
  pages={1--12},
  year={2010},
  publisher={ACM New York, NY, USA}
}
@inproceedings{qi2017pointnet,
  title={Pointnet: Deep learning on point sets for 3d classification and segmentation},
  author={Qi, Charles R and Su, Hao and Mo, Kaichun and Guibas, Leonidas J},
  booktitle={Proceedings of the IEEE conference on computer vision and pattern recognition},
  pages={652--660},
  year={2017}
}
@article{qi2017pointnet++,
  title={Pointnet++: Deep hierarchical feature learning on point sets in a metric space},
  author={Qi, Charles Ruizhongtai and Yi, Li and Su, Hao and Guibas, Leonidas J},
  journal={Advances in neural information processing systems},
  volume={30},
  year={2017}
}
@article{chen2022repcd,
  title={Repcd-net: Feature-aware recurrent point cloud denoising network},
  author={Chen, Honghua and Wei, Zeyong and Li, Xianzhi and Xu, Yabin and Wei, Mingqiang and Wang, Jun},
  journal={International Journal of Computer Vision},
  volume={130},
  number={3},
  pages={615--629},
  year={2022},
  publisher={Springer}
}
@article{wei2024pathnet,
  title={PathNet: Path-selective point cloud denoising},
  author={Wei, Zeyong and Chen, Honghua and Nan, Liangliang and Wang, Jun and Qin, Jing and Wei, Mingqiang},
  journal={IEEE Transactions on Pattern Analysis and Machine Intelligence},
  year={2024},
  publisher={IEEE}
}
@article{brette2007simulation,
  title={Simulation of networks of spiking neurons: a review of tools and strategies},
  author={Brette, Romain and Rudolph, Michelle and Carnevale, Ted and Hines, Michael and Beeman, David and Bower, James M and Diesmann, Markus and Morrison, Abigail and Goodman, Philip H and Harris, Frederick C and others},
  journal={Journal of computational neuroscience},
  volume={23},
  pages={349--398},
  year={2007},
  publisher={Springer}
}
@article{yu2021constructing,
  title={Constructing accurate and efficient deep spiking neural networks with double-threshold and augmented schemes},
  author={Yu, Qiang and Ma, Chenxiang and Song, Shiming and Zhang, Gaoyan and Dang, Jianwu and Tan, Kay Chen},
  journal={IEEE Transactions on Neural Networks and Learning Systems},
  volume={33},
  number={4},
  pages={1714--1726},
  year={2021},
  publisher={IEEE}
}
@inproceedings{wu2019direct,
  title={Direct training for spiking neural networks: Faster, larger, better},
  author={Wu, Yujie and Deng, Lei and Li, Guoqi and Zhu, Jun and Xie, Yuan and Shi, Luping},
  booktitle={Proceedings of the AAAI conference on artificial intelligence},
  volume={33},
  number={01},
  pages={1311--1318},
  year={2019}
}

@article{lee2020enabling,
  title={Enabling spike-based backpropagation for training deep neural network architectures},
  author={Lee, Chankyu and Sarwar, Syed Shakib and Panda, Priyadarshini and Srinivasan, Gopalakrishnan and Roy, Kaushik},
  journal={Frontiers in neuroscience},
  pages={119},
  year={2020},
  publisher={Frontiers}
}
@inproceedings{zhou2021temporal,
  title={Temporal-coded deep spiking neural network with easy training and robust performance},
  author={Zhou, Shibo and Li, Xiaohua and Chen, Ying and Chandrasekaran, Sanjeev T and Sanyal, Arindam},
  booktitle={Proceedings of the AAAI conference on artificial intelligence},
  volume={35},
  number={12},
  pages={11143--11151},
  year={2021}
}
@article{roy2019towards,
  title={Towards spike-based machine intelligence with neuromorphic computing},
  author={Roy, Kaushik and Jaiswal, Akhilesh and Panda, Priyadarshini},
  journal={Nature},
  volume={575},
  number={7784},
  pages={607--617},
  year={2019},
  publisher={Nature Publishing Group UK London}
}
@inproceedings{cheng2020lisnn,
  title={LISNN: Improving spiking neural networks with lateral interactions for robust object recognition.},
  author={Cheng, Xiang and Hao, Yunzhe and Xu, Jiaming and Xu, Bo},
  booktitle={IJCAI},
  pages={1519--1525},
  year={2020},
  organization={Yokohama}
}
@article{rao2004bayesian,
  title={Bayesian computation in recurrent neural circuits},
  author={Rao, Rajesh PN},
  journal={Neural computation},
  volume={16},
  number={1},
  pages={1--38},
  year={2004},
  publisher={MIT Press One Rogers Street, Cambridge, MA 02142-1209, USA journals-info~â€¦}
}
@inproceedings{lan2023efficient,
  title={Efficient converted spiking neural network for 3d and 2d classification},
  author={Lan, Yuxiang and Zhang, Yachao and Ma, Xu and Qu, Yanyun and Fu, Yun},
  booktitle={Proceedings of the IEEE/CVF International Conference on Computer Vision},
  pages={9211--9220},
  year={2023}
}
@article{ren2024spiking,
  title={Spiking pointnet: Spiking neural networks for point clouds},
  author={Ren, Dayong and Ma, Zhe and Chen, Yuanpei and Peng, Weihang and Liu, Xiaode and Zhang, Yuhan and Guo, Yufei},
  journal={Advances in Neural Information Processing Systems},
  volume={36},
  year={2024}
}
@inproceedings{horowitz20141,
  title={1.1 computing's energy problem (and what we can do about it)},
  author={Horowitz, Mark},
  booktitle={2014 IEEE international solid-state circuits conference digest of technical papers (ISSCC)},
  pages={10--14},
  year={2014},
  organization={IEEE}
}
@article{jolivet2006predicting,
  title={Predicting spike timing of neocortical pyramidal neurons by simple threshold models},
  author={Jolivet, Renaud and Rauch, Alexander and L{\"u}scher, Hans-Rudolf and Gerstner, Wulfram},
  journal={Journal of computational neuroscience},
  volume={21},
  pages={35--49},
  year={2006},
  publisher={Springer}
}
@inproceedings{de2023iterativepfn,
  title={IterativePFN: True iterative point cloud filtering},
  author={de Silva Edirimuni, Dasith and Lu, Xuequan and Shao, Zhiwen and Li, Gang and Robles-Kelly, Antonio and He, Ying},
  booktitle={Proceedings of the IEEE/CVF Conference on Computer Vision and Pattern Recognition},
  pages={13530--13539},
  year={2023}
}
@article{chen2019multi,
  title={Multi-patch collaborative point cloud denoising via low-rank recovery with graph constraint},
  author={Chen, Honghua and Wei, Mingqiang and Sun, Yangxing and Xie, Xingyu and Wang, Jun},
  journal={IEEE transactions on visualization and computer graphics},
  volume={26},
  number={11},
  pages={3255--3270},
  year={2019},
  publisher={IEEE}
}
