@article{brunel2003firing,
  title={Firing rate of the noisy quadratic integrate-and-fire neuron},
  author={Brunel, Nicolas and Latham, Peter E},
  journal={Neural computation},
  volume={15},
  number={10},
  pages={2281--2306},
  year={2003},
  publisher={MIT Press}
}

@inproceedings{cao2024spiking,
  title={Spiking denoising diffusion probabilistic models},
  author={Cao, Jiahang and Wang, Ziqing and Guo, Hanzhong and Cheng, Hao and Zhang, Qiang and Xu, Renjing},
  booktitle={Proceedings of the IEEE/CVF Winter Conference on Applications of Computer Vision},
  pages={4912--4921},
  year={2024}
}

@article{chen2019multi,
  title={Multi-patch collaborative point cloud denoising via low-rank recovery with graph constraint},
  author={Chen, Honghua and Wei, Mingqiang and Sun, Yangxing and Xie, Xingyu and Wang, Jun},
  journal={IEEE transactions on visualization and computer graphics},
  volume={26},
  number={11},
  pages={3255--3270},
  year={2019},
  publisher={IEEE}
}

@article{chen2022repcd,
  title={Repcd-net: Feature-aware recurrent point cloud denoising network},
  author={Chen, Honghua and Wei, Zeyong and Li, Xianzhi and Xu, Yabin and Wei, Mingqiang and Wang, Jun},
  journal={International Journal of Computer Vision},
  volume={130},
  number={3},
  pages={615--629},
  year={2022},
  publisher={Springer}
}

@inproceedings{de2023iterativepfn,
  title={IterativePFN: True iterative point cloud filtering},
  author={de Silva Edirimuni, Dasith and Lu, Xuequan and Shao, Zhiwen and Li, Gang and Robles-Kelly, Antonio and He, Ying},
  booktitle={Proceedings of the IEEE/CVF Conference on Computer Vision and Pattern Recognition},
  pages={13530--13539},
  year={2023}
}

@article{jiang2023klif,
  title={Klif: An optimized spiking neuron unit for tuning surrogate gradient slope and membrane potential},
  author={Jiang, Chunming and Zhang, Yilei},
  journal={arXiv preprint arXiv:2302.09238},
  year={2023}
}

@inproceedings{lan2023efficient,
  title={Efficient converted spiking neural network for 3d and 2d classification},
  author={Lan, Yuxiang and Zhang, Yachao and Ma, Xu and Qu, Yanyun and Fu, Yun},
  booktitle={Proceedings of the IEEE/CVF International Conference on Computer Vision},
  pages={9211--9220},
  year={2023}
}

@inproceedings{luo2021score,
  title={Score-based point cloud denoising},
  author={Luo, Shitong and Hu, Wei},
  booktitle={Proceedings of the IEEE/CVF International Conference on Computer Vision},
  pages={4583--4592},
  year={2021}
}

@article{preiner2014continuous,
  title={Continuous projection for fast L1 reconstruction.},
  author={Preiner, Reinhold and Mattausch, Oliver and Arikan, Murat and Pajarola, Renato and Wimmer, Michael},
  journal={ACM Trans. Graph.},
  volume={33},
  number={4},
  pages={47--1},
  year={2014}
}

@article{qi2017pointnet++,
  title={Pointnet++: Deep hierarchical feature learning on point sets in a metric space},
  author={Qi, Charles Ruizhongtai and Yi, Li and Su, Hao and Guibas, Leonidas J},
  journal={Advances in neural information processing systems},
  volume={30},
  year={2017}
}

@inproceedings{rakotosaona2020pointcleannet,
  title={Pointcleannet: Learning to denoise and remove outliers from dense point clouds},
  author={Rakotosaona, Marie-Julie and La Barbera, Vittorio and Guerrero, Paul and Mitra, Niloy J and Ovsjanikov, Maks},
  booktitle={Computer graphics forum},
  volume={39},
  number={1},
  pages={185--203},
  year={2020},
  organization={Wiley Online Library}
}

@article{rao2004bayesian,
  title={Bayesian computation in recurrent neural circuits},
  author={Rao, Rajesh PN},
  journal={Neural computation},
  volume={16},
  number={1},
  pages={1--38},
  year={2004},
  publisher={MIT Press One Rogers Street, Cambridge, MA 02142-1209, USA journals-info~â€¦}
}

@article{ren2024spiking,
  title={Spiking pointnet: Spiking neural networks for point clouds},
  author={Ren, Dayong and Ma, Zhe and Chen, Yuanpei and Peng, Weihang and Liu, Xiaode and Zhang, Yuhan and Guo, Yufei},
  journal={Advances in Neural Information Processing Systems},
  volume={36},
  year={2024}
}

@article{roy2019towards,
  title={Towards spike-based machine intelligence with neuromorphic computing},
  author={Roy, Kaushik and Jaiswal, Akhilesh and Panda, Priyadarshini},
  journal={Nature},
  volume={575},
  number={7784},
  pages={607--617},
  year={2019},
  publisher={Nature Publishing Group UK London}
}

@article{wang2019dynamic,
  title={Dynamic graph cnn for learning on point clouds},
  author={Wang, Yue and Sun, Yongbin and Liu, Ziwei and Sarma, Sanjay E and Bronstein, Michael M and Solomon, Justin M},
  journal={ACM Transactions on Graphics (tog)},
  volume={38},
  number={5},
  pages={1--12},
  year={2019},
  publisher={Acm New York, NY, USA}
}

@article{wei2024pathnet,
  title={PathNet: Path-selective point cloud denoising},
  author={Wei, Zeyong and Chen, Honghua and Nan, Liangliang and Wang, Jun and Qin, Jing and Wei, Mingqiang},
  journal={IEEE Transactions on Pattern Analysis and Machine Intelligence},
  year={2024},
  publisher={IEEE}
}

@inproceedings{wu2019direct,
  title={Direct training for spiking neural networks: Faster, larger, better},
  author={Wu, Yujie and Deng, Lei and Li, Guoqi and Zhu, Jun and Xie, Yuan and Shi, Luping},
  booktitle={Proceedings of the AAAI conference on artificial intelligence},
  volume={33},
  number={01},
  pages={1311--1318},
  year={2019}
}

@inproceedings{wu2024point,
  title={Point-to-Spike Residual Learning for Energy-Efficient 3D Point Cloud Classification},
  author={Wu, Qiaoyun and Zhang, Quanxiao and Tan, Chunyu and Zhou, Yun and Sun, Changyin},
  booktitle={Proceedings of the AAAI Conference on Artificial Intelligence},
  volume={38},
  number={6},
  pages={6092--6099},
  year={2024}
}

@article{zhang2020pointfilter,
  title={Pointfilter: Point cloud filtering via encoder-decoder modeling},
  author={Zhang, Dongbo and Lu, Xuequan and Qin, Hong and He, Ying},
  journal={IEEE Transactions on Visualization and Computer Graphics},
  volume={27},
  number={3},
  pages={2015--2027},
  year={2020},
  publisher={IEEE}
}

