% Use this file for citations not found in the ACL Anthology (contained in "anthology.bib").

@article{vaswani2017attention,
  title={Attention is all you need},
  author={Vaswani, Ashish and Shazeer, Noam and Parmar, Niki and Uszkoreit, Jakob and Jones, Llion and Gomez, Aidan N and Kaiser, {\L}ukasz and Polosukhin, Illia},
  journal={Advances in neural information processing systems},
  volume={30},
  year=2017
}

@article{dosovitskiy2020image,
  title={An image is worth 16x16 words: Transformers for image recognition at scale},
  author={Dosovitskiy, Alexey and Beyer, Lucas and Kolesnikov, Alexander and Weissenborn, Dirk and Zhai, Xiaohua and Unterthiner, Thomas and Dehghani, Mostafa and Minderer, Matthias and Heigold, Georg and Gelly, Sylvain and others},
  journal={arXiv preprint arXiv:2010.11929},
  year={2020}
}

@misc{hu2021lora,
      title={LoRA: Low-Rank Adaptation of Large Language Models}, 
      author={Edward J. Hu and Yelong Shen and Phillip Wallis and Zeyuan Allen-Zhu and Yuanzhi Li and Shean Wang and Lu Wang and Weizhu Chen},
      year={2021},
      eprint={2106.09685},
      archivePrefix={arXiv},
      primaryClass={cs.CL}
}

@misc{ott2018scaling,
      title={Scaling Neural Machine Translation}, 
      author={Myle Ott and Sergey Edunov and David Grangier and Michael Auli},
      year={2018},
      eprint={1806.00187},
      archivePrefix={arXiv},
      primaryClass={cs.CL}
}

@misc{raffel2023exploring,
      title={Exploring the Limits of Transfer Learning with a Unified Text-to-Text Transformer}, 
      author={Colin Raffel and Noam Shazeer and Adam Roberts and Katherine Lee and Sharan Narang and Michael Matena and Yanqi Zhou and Wei Li and Peter J. Liu},
      year={2023},
      eprint={1910.10683},
      archivePrefix={arXiv},
      primaryClass={cs.LG}
}

@article{raffel2020exploring,
  title={Exploring the limits of transfer learning with a unified text-to-text transformer},
  author={Raffel, Colin and Shazeer, Noam and Roberts, Adam and Lee, Katherine and Narang, Sharan and Matena, Michael and Zhou, Yanqi and Li, Wei and Liu, Peter J},
  journal={Journal of machine learning research},
  volume={21},
  number={140},
  pages={1--67},
  year={2020}
}

@misc{dehghani2019universal,
      title={Universal Transformers}, 
      author={Mostafa Dehghani and Stephan Gouws and Oriol Vinyals and Jakob Uszkoreit and Łukasz Kaiser},
      year={2019},
      eprint={1807.03819},
      archivePrefix={arXiv},
      primaryClass={cs.CL}
}

@misc{pires2023wide,
      title={One Wide Feedforward is All You Need}, 
      author={Telmo Pessoa Pires and António V. Lopes and Yannick Assogba and Hendra Setiawan},
      year={2023},
      eprint={2309.01826},
      archivePrefix={arXiv},
      primaryClass={cs.CL}
}

@misc{li2018measuring,
      title={Measuring the Intrinsic Dimension of Objective Landscapes}, 
      author={Chunyuan Li and Heerad Farkhoor and Rosanne Liu and Jason Yosinski},
      year={2018},
      eprint={1804.08838},
      archivePrefix={arXiv},
      primaryClass={cs.LG}
}

@misc{aghajanyan2020intrinsic,
      title={Intrinsic Dimensionality Explains the Effectiveness of Language Model Fine-Tuning}, 
      author={Armen Aghajanyan and Luke Zettlemoyer and Sonal Gupta},
      year={2020},
      eprint={2012.13255},
      archivePrefix={arXiv},
      primaryClass={cs.LG}
}

@article{radford2019language,
  title={Language models are unsupervised multitask learners},
  author={Radford, Alec and Wu, Jeffrey and Child, Rewon and Luan, David and Amodei, Dario and Sutskever, Ilya and others},
  journal={OpenAI blog},
  volume={1},
  number={8},
  pages={9},
  year={2019}
}

@article{brown2020language,
  title={Language models are few-shot learners},
  author={Brown, Tom and Mann, Benjamin and Ryder, Nick and Subbiah, Melanie and Kaplan, Jared D and Dhariwal, Prafulla and Neelakantan, Arvind and Shyam, Pranav and Sastry, Girish and Askell, Amanda and others},
  journal={Advances in neural information processing systems},
  volume={33},
  pages={1877--1901},
  year={2020}
}

@article{zhang2022opt,
  title={Opt: Open pre-trained transformer language models},
  author={Zhang, Susan and Roller, Stephen and Goyal, Naman and Artetxe, Mikel and Chen, Moya and Chen, Shuohui and Dewan, Christopher and Diab, Mona and Li, Xian and Lin, Xi Victoria and others},
  journal={arXiv preprint arXiv:2205.01068},
  year={2022}
}

@article{touvron2023llama,
  title={Llama: Open and efficient foundation language models},
  author={Touvron, Hugo and Lavril, Thibaut and Izacard, Gautier and Martinet, Xavier and Lachaux, Marie-Anne and Lacroix, Timoth{\'e}e and Rozi{\`e}re, Baptiste and Goyal, Naman and Hambro, Eric and Azhar, Faisal and others},
  journal={arXiv preprint arXiv:2302.13971},
  year={2023}
}

@article{devlin2018bert,
  title={Bert: Pre-training of deep bidirectional transformers for language understanding},
  author={Devlin, Jacob and Chang, Ming-Wei and Lee, Kenton and Toutanova, Kristina},
  journal={arXiv preprint arXiv:1810.04805},
  year={2018}
}

@article{chowdhery2023palm,
  title={Palm: Scaling language modeling with pathways},
  author={Chowdhery, Aakanksha and Narang, Sharan and Devlin, Jacob and Bosma, Maarten and Mishra, Gaurav and Roberts, Adam and Barham, Paul and Chung, Hyung Won and Sutton, Charles and Gehrmann, Sebastian and others},
  journal={Journal of Machine Learning Research},
  volume={24},
  number={240},
  pages={1--113},
  year={2023}
}

@misc{claude,
  title={Model Card and Evaluations for Claude Models},
  author={Anthropic},
  howpublished={\url{https://www-cdn.anthropic.com/5c49cc247484cecf107c699baf29250302e5da70/claude-2-model-card.pdf}},
  year={2023}
}

@inproceedings{liu2021swin,
  title={Swin transformer: Hierarchical vision transformer using shifted windows},
  author={Liu, Ze and Lin, Yutong and Cao, Yue and Hu, Han and Wei, Yixuan and Zhang, Zheng and Lin, Stephen and Guo, Baining},
  booktitle={Proceedings of the IEEE/CVF international conference on computer vision},
  pages={10012--10022},
  year={2021}
}

@article{jiang2021transgan,
  title={Transgan: Two transformers can make one strong gan},
  author={Jiang, Yifan and Chang, Shiyu and Wang, Zhangyang},
  journal={arXiv preprint arXiv:2102.07074},
  volume={1},
  number={3},
  year={2021}
}

@inproceedings{zhang2022styleswin,
  title={Styleswin: Transformer-based gan for high-resolution image generation},
  author={Zhang, Bowen and Gu, Shuyang and Zhang, Bo and Bao, Jianmin and Chen, Dong and Wen, Fang and Wang, Yong and Guo, Baining},
  booktitle={Proceedings of the IEEE/CVF conference on computer vision and pattern recognition},
  pages={11304--11314},
  year={2022}
}

@article{bai2023qwen,
  title={Qwen-vl: A frontier large vision-language model with versatile abilities},
  author={Bai, Jinze and Bai, Shuai and Yang, Shusheng and Wang, Shijie and Tan, Sinan and Wang, Peng and Lin, Junyang and Zhou, Chang and Zhou, Jingren},
  journal={arXiv preprint arXiv:2308.12966},
  year={2023}
}

@misc{tang2023codi2,
      title={CoDi-2: In-Context, Interleaved, and Interactive Any-to-Any Generation}, 
      author={Zineng Tang and Ziyi Yang and Mahmoud Khademi and Yang Liu and Chenguang Zhu and Mohit Bansal},
      year={2023},
      eprint={2311.18775},
      archivePrefix={arXiv},
      primaryClass={cs.CV}
}

@article{liu2024visual,
  title={Visual instruction tuning},
  author={Liu, Haotian and Li, Chunyuan and Wu, Qingyang and Lee, Yong Jae},
  journal={Advances in neural information processing systems},
  volume={36},
  year={2024}
}

@article{zhang2023video,
  title={Video-llama: An instruction-tuned audio-visual language model for video understanding},
  author={Zhang, Hang and Li, Xin and Bing, Lidong},
  journal={arXiv preprint arXiv:2306.02858},
  year={2023}
}

@inproceedings{chai2023layoutdm,
  title={Layoutdm: Transformer-based diffusion model for layout generation},
  author={Chai, Shang and Zhuang, Liansheng and Yan, Fengying},
  booktitle={Proceedings of the IEEE/CVF Conference on Computer Vision and Pattern Recognition},
  pages={18349--18358},
  year={2023}
}

@inproceedings{peebles2023scalable,
  title={Scalable diffusion models with transformers},
  author={Peebles, William and Xie, Saining},
  booktitle={Proceedings of the IEEE/CVF International Conference on Computer Vision},
  pages={4195--4205},
  year={2023}
}

@inproceedings{dehghani2023scaling,
  title={Scaling vision transformers to 22 billion parameters},
  author={Dehghani, Mostafa and Djolonga, Josip and Mustafa, Basil and Padlewski, Piotr and Heek, Jonathan and Gilmer, Justin and Steiner, Andreas Peter and Caron, Mathilde and Geirhos, Robert and Alabdulmohsin, Ibrahim and others},
  booktitle={International Conference on Machine Learning},
  pages={7480--7512},
  year={2023},
  organization={PMLR}
}

@article{hoffmann2022empirical,
  title={An empirical analysis of compute-optimal large language model training},
  author={Hoffmann, Jordan and Borgeaud, Sebastian and Mensch, Arthur and Buchatskaya, Elena and Cai, Trevor and Rutherford, Eliza and de Las Casas, Diego and Hendricks, Lisa Anne and Welbl, Johannes and Clark, Aidan and others},
  journal={Advances in Neural Information Processing Systems},
  volume={35},
  pages={30016--30030},
  year={2022}
}

@misc{reid2021subformer,
      title={Subformer: Exploring Weight Sharing for Parameter Efficiency in Generative Transformers}, 
      author={Machel Reid and Edison Marrese-Taylor and Yutaka Matsuo},
      year={2021},
      eprint={2101.00234},
      archivePrefix={arXiv},
      primaryClass={cs.CL}
}

@misc{merity2016pointer,
      title={Pointer Sentinel Mixture Models}, 
      author={Stephen Merity and Caiming Xiong and James Bradbury and Richard Socher},
      year={2016},
      eprint={1609.07843},
      archivePrefix={arXiv},
      primaryClass={cs.CL}
}

@misc{hendrycks2023gaussian,
      title={Gaussian Error Linear Units (GELUs)}, 
      author={Dan Hendrycks and Kevin Gimpel},
      year={2023},
      eprint={1606.08415},
      archivePrefix={arXiv},
      primaryClass={cs.LG}
}

@article{chen2021decisiontransformer,
  title={Decision Transformer: Reinforcement Learning via Sequence Modeling},
  author={Lili Chen and Kevin Lu and Aravind Rajeswaran and Kimin Lee and Aditya Grover and Michael Laskin and Pieter Abbeel and Aravind Srinivas and Igor Mordatch},
  journal={arXiv preprint arXiv:2106.01345},
  year={2021}
}

@inproceedings{carion2020detr,
  title={End-to-end object detection with transformers},
  author={Carion, Nicolas and Massa, Francisco and Synnaeve, Gabriel and Usunier, Nicolas and Kirillov, Alexander and Zagoruyko, Sergey},
  booktitle={European conference on computer vision},
  pages={213--229},
  year={2020},
  organization={Springer}
}

@article{Peebles2022DiT,
  title={Scalable Diffusion Models with Transformers},
  author={William Peebles and Saining Xie},
  year={2022},
  journal={arXiv preprint arXiv:2212.09748},
}

@article{touvron2023llama2,
  title={Llama 2: Open foundation and fine-tuned chat models},
  author={Touvron, Hugo and Martin, Louis and Stone, Kevin and Albert, Peter and Almahairi, Amjad and Babaei, Yasmine and Bashlykov, Nikolay and Batra, Soumya and Bhargava, Prajjwal and Bhosale, Shruti and others},
  journal={arXiv preprint arXiv:2307.09288},
  year={2023}
}


@misc{OpenAI_Achiam_Adler_Agarwal_Ahmad_Akkaya_Aleman_Almeida_Altenschmidt_Altman_etal._2024, title={GPT-4 technical report}, url={https://arxiv.org/abs/2303.08774}, journal={arXiv.org}, author={OpenAI and Achiam, Josh and Adler, Steven and Agarwal, Sandhini and Ahmad, Lama and Akkaya, Ilge and Aleman, Florencia Leoni and Almeida, Diogo and Altenschmidt, Janko and Altman, Sam and et al.}, year={2024}, month={Mar}} 

@misc{valeriani2023geometry,
      title={The geometry of hidden representations of large transformer models}, 
      author={Lucrezia Valeriani and Diego Doimo and Francesca Cuturello and Alessandro Laio and Alessio Ansuini and Alberto Cazzaniga},
      year={2023},
      eprint={2302.00294},
      archivePrefix={arXiv},
      primaryClass={cs.LG}
}

@misc{google2023gemini,
      title={Gemini 1.5: Unlocking multimodal understanding across millions of tokens of context}, 
      author={Gemini Team Google},
      year={2024},
      eprint={2403.05530},
      archivePrefix={arXiv},
      primaryClass={cs.CL}
}

@misc{geva2021transformer,
      title={Transformer Feed-Forward Layers Are Key-Value Memories}, 
      author={Mor Geva and Roei Schuster and Jonathan Berant and Omer Levy},
      year={2021},
      eprint={2012.14913},
      archivePrefix={arXiv},
      primaryClass={cs.CL}
}

@inproceedings{deng2009imagenet,
  title={Imagenet: A large-scale hierarchical image database},
  author={Deng, Jia and Dong, Wei and Socher, Richard and Li, Li-Jia and Li, Kai and Fei-Fei, Li},
  booktitle={2009 IEEE conference on computer vision and pattern recognition},
  pages={248--255},
  year={2009},
  organization={Ieee}
}

@article{takase2021lessons,
  title={Lessons on parameter sharing across layers in transformers},
  author={Takase, Sho and Kiyono, Shun},
  journal={arXiv preprint arXiv:2104.06022},
  year={2021}
}

@article{venkataramanan2023skip,
  title={Skip-attention: Improving vision transformers by paying less attention},
  author={Venkataramanan, Shashanka and Ghodrati, Amir and Asano, Yuki M and Porikli, Fatih and Habibian, Amirhossein},
  journal={arXiv preprint arXiv:2301.02240},
  year={2023}
}

@article{gromov2024unreasonable,
  title={The unreasonable ineffectiveness of the deeper layers},
  author={Gromov, Andrey and Tirumala, Kushal and Shapourian, Hassan and Glorioso, Paolo and Roberts, Daniel A},
  journal={arXiv preprint arXiv:2403.17887},
  year={2024}
}

@article{dettmers2024qlora,
  title={Qlora: Efficient finetuning of quantized llms},
  author={Dettmers, Tim and Pagnoni, Artidoro and Holtzman, Ari and Zettlemoyer, Luke},
  journal={Advances in Neural Information Processing Systems},
  volume={36},
  year={2024}
}

@misc{xu2021bert,
      title={BERT, mBERT, or BiBERT\text{?} A Study on Contextualized Embeddings for Neural Machine Translation}, 
      author={Haoran Xu and Benjamin Van Durme and Kenton Murray},
      year={2021},
      eprint={2109.04588},
      archivePrefix={arXiv},
      primaryClass={cs.CL}
}

@article{loshchilov2017decoupled,
  title={Decoupled weight decay regularization},
  author={Loshchilov, Ilya and Hutter, Frank},
  journal={arXiv preprint arXiv:1711.05101},
  year={2017}
}

@inproceedings{bojar-etal-2014-findings,
    title = "Findings of the 2014 Workshop on Statistical Machine Translation",
    author = "Bojar, Ond{\v{r}}ej  and
      Buck, Christian  and
      Federmann, Christian  and
      Haddow, Barry  and
      Koehn, Philipp  and
      Leveling, Johannes  and
      Monz, Christof  and
      Pecina, Pavel  and
      Post, Matt  and
      Saint-Amand, Herve  and
      Soricut, Radu  and
      Specia, Lucia  and
      Tamchyna, Ale{\v{s}}",
    editor = "Bojar, Ond{\v{r}}ej  and
      Buck, Christian  and
      Federmann, Christian  and
      Haddow, Barry  and
      Koehn, Philipp  and
      Monz, Christof  and
      Post, Matt  and
      Specia, Lucia",
    booktitle = "Proceedings of the Ninth Workshop on Statistical Machine Translation",
    month = jun,
    year = "2014",
    address = "Baltimore, Maryland, USA",
    publisher = "Association for Computational Linguistics",
    url = "https://aclanthology.org/W14-3302",
    doi = "10.3115/v1/W14-3302",
    pages = "12--58",
}

@inproceedings{papineni2002bleu,
  title={Bleu: a method for automatic evaluation of machine translation},
  author={Papineni, Kishore and Roukos, Salim and Ward, Todd and Zhu, Wei-Jing},
  booktitle={Proceedings of the 40th annual meeting of the Association for Computational Linguistics},
  pages={311--318},
  year={2002}
}

@misc{kingma2017adam,
      title={Adam: A Method for Stochastic Optimization}, 
      author={Diederik P. Kingma and Jimmy Ba},
      year={2017},
      eprint={1412.6980},
      archivePrefix={arXiv},
      primaryClass={cs.LG}
}

@inproceedings{kornblith2019similarity,
  title={Similarity of neural network representations revisited},
  author={Kornblith, Simon and Norouzi, Mohammad and Lee, Honglak and Hinton, Geoffrey},
  booktitle={International conference on machine learning},
  pages={3519--3529},
  year={2019},
  organization={PMLR}
}