@misc{dehghani2019universal,
      title={Universal Transformers}, 
      author={Mostafa Dehghani and Stephan Gouws and Oriol Vinyals and Jakob Uszkoreit and Łukasz Kaiser},
      year={2019},
      eprint={1807.03819},
      archivePrefix={arXiv},
      primaryClass={cs.CL}
}

@article{dosovitskiy2020image,
  title={An image is worth 16x16 words: Transformers for image recognition at scale},
  author={Dosovitskiy, Alexey and Beyer, Lucas and Kolesnikov, Alexander and Weissenborn, Dirk and Zhai, Xiaohua and Unterthiner, Thomas and Dehghani, Mostafa and Minderer, Matthias and Heigold, Georg and Gelly, Sylvain and others},
  journal={arXiv preprint arXiv:2010.11929},
  year={2020}
}

@article{gromov2024unreasonable,
  title={The unreasonable ineffectiveness of the deeper layers},
  author={Gromov, Andrey and Tirumala, Kushal and Shapourian, Hassan and Glorioso, Paolo and Roberts, Daniel A},
  journal={arXiv preprint arXiv:2403.17887},
  year={2024}
}

@inproceedings{kornblith2019similarity,
  title={Similarity of neural network representations revisited},
  author={Kornblith, Simon and Norouzi, Mohammad and Lee, Honglak and Hinton, Geoffrey},
  booktitle={International conference on machine learning},
  pages={3519--3529},
  year={2019},
  organization={PMLR}
}

@misc{pires2023wide,
      title={One Wide Feedforward is All You Need}, 
      author={Telmo Pessoa Pires and António V. Lopes and Yannick Assogba and Hendra Setiawan},
      year={2023},
      eprint={2309.01826},
      archivePrefix={arXiv},
      primaryClass={cs.CL}
}

@misc{reid2021subformer,
      title={Subformer: Exploring Weight Sharing for Parameter Efficiency in Generative Transformers}, 
      author={Machel Reid and Edison Marrese-Taylor and Yutaka Matsuo},
      year={2021},
      eprint={2101.00234},
      archivePrefix={arXiv},
      primaryClass={cs.CL}
}

@article{takase2021lessons,
  title={Lessons on parameter sharing across layers in transformers},
  author={Takase, Sho and Kiyono, Shun},
  journal={arXiv preprint arXiv:2104.06022},
  year={2021}
}

