@inproceedings{Thorne18Fever,
    author = {Thorne, James and Vlachos, Andreas and Christodoulopoulos, Christos and Mittal, Arpit},
    title = {{FEVER}: a Large-scale Dataset for Fact Extraction and {VERification}},
    booktitle = {NAACL-HLT},
    year = {2018}
}

@article{browne2012survey,
  title={A survey of monte carlo tree search methods},
  author={Browne, Cameron B and Powley, Edward and Whitehouse, Daniel and Lucas, Simon M and Cowling, Peter I and Rohlfshagen, Philipp and Tavener, Stephen and Perez, Diego and Samothrakis, Spyridon and Colton, Simon},
  journal={IEEE Transactions on Computational Intelligence and AI in games},
  volume={4},
  number={1},
  pages={1--43},
  year={2012},
  publisher={IEEE}
}

@article{chen2021codex_humaneval,
  title={Evaluating Large Language Models Trained on Code},
  author={Mark Chen and Jerry Tworek and Heewoo Jun and Qiming Yuan and Henrique Ponde de Oliveira Pinto and Jared Kaplan and Harri Edwards and Yuri Burda and Nicholas Joseph and Greg Brockman and Alex Ray and Raul Puri and Gretchen Krueger and Michael Petrov and Heidy Khlaaf and Girish Sastry and Pamela Mishkin and Brooke Chan and Scott Gray and Nick Ryder and Mikhail Pavlov and Alethea Power and Lukasz Kaiser and Mohammad Bavarian and Clemens Winter and Philippe Tillet and Felipe Petroski Such and Dave Cummings and Matthias Plappert and Fotios Chantzis and Elizabeth Barnes and Ariel Herbert-Voss and William Hebgen Guss and Alex Nichol and Alex Paino and Nikolas Tezak and Jie Tang and Igor Babuschkin and Suchir Balaji and Shantanu Jain and William Saunders and Christopher Hesse and Andrew N. Carr and Jan Leike and Josh Achiam and Vedant Misra and Evan Morikawa and Alec Radford and Matthew Knight and Miles Brundage and Mira Murati and Katie Mayer and Peter Welinder and Bob McGrew and Dario Amodei and Sam McCandlish and Ilya Sutskever and Wojciech Zaremba},
  year={2021},
  eprint={2107.03374},
  archivePrefix={arXiv},
  primaryClass={cs.LG}
}

@article{chen2024alphamath,
  title={AlphaMath Almost Zero: process Supervision without process},
  author={Chen, Guoxin and Liao, Minpeng and Li, Chengxi and Fan, Kai},
  journal={arXiv preprint arXiv:2405.03553},
  year={2024}
}

@article{chen2024bootstrapping,
  title={Bootstrapping Language Models with DPO Implicit Rewards},
  author={Chen, Changyu and Liu, Zichen and Du, Chao and Pang, Tianyu and Liu, Qian and Sinha, Arunesh and Varakantham, Pradeep and Lin, Min},
  journal={arXiv preprint arXiv:2406.09760},
  year={2024}
}

@article{cobbe2021training_best_of_n,
  title={Training verifiers to solve math word problems},
  author={Cobbe, Karl and Kosaraju, Vineet and Bavarian, Mohammad and Chen, Mark and Jun, Heewoo and Kaiser, Lukasz and Plappert, Matthias and Tworek, Jerry and Hilton, Jacob and Nakano, Reiichiro and others},
  journal={arXiv preprint arXiv:2110.14168},
  year={2021}
}

@article{feng2023alphazero,
  title={Alphazero-like tree-search can guide large language model decoding and training},
  author={Feng, Xidong and Wan, Ziyu and Wen, Muning and McAleer, Stephen Marcus and Wen, Ying and Zhang, Weinan and Wang, Jun},
  journal={arXiv preprint arXiv:2309.17179},
  year={2023}
}

@article{hendrycks2021measuringMATH,
  title={Measuring mathematical problem solving with the math dataset},
  author={Hendrycks, Dan and Burns, Collin and Kadavath, Saurav and Arora, Akul and Basart, Steven and Tang, Eric and Song, Dawn and Steinhardt, Jacob},
  journal={arXiv preprint arXiv:2103.03874},
  year={2021}
}

@article{liu2023making,
  title={Making ppo even better: Value-guided monte-carlo tree search decoding},
  author={Liu, Jiacheng and Cohen, Andrew and Pasunuru, Ramakanth and Choi, Yejin and Hajishirzi, Hannaneh and Celikyilmaz, Asli},
  journal={arXiv preprint arXiv:2309.15028},
  year={2023}
}

@article{liu2024adversarial,
  title={Adversarial tuning: Defending against jailbreak attacks for llms},
  author={Liu, Fan and Xu, Zhao and Liu, Hao},
  journal={arXiv preprint arXiv:2406.06622},
  year={2024}
}

@misc{liu2024jailjudgecomprehensivejailbreakjudge,
      title={JAILJUDGE: A Comprehensive Jailbreak Judge Benchmark with Multi-Agent Enhanced Explanation Evaluation Framework}, 
      author={Fan Liu and Yue Feng and Zhao Xu and Lixin Su and Xinyu Ma and Dawei Yin and Hao Liu},
      year={2024},
      eprint={2410.12855},
      archivePrefix={arXiv},
      primaryClass={cs.CL},
      url={https://arxiv.org/abs/2410.12855}, 
}

@article{liu2024regmix,
  title={Regmix: Data mixture as regression for language model pre-training},
  author={Liu, Qian and Zheng, Xiaosen and Muennighoff, Niklas and Zeng, Guangtao and Dou, Longxu and Pang, Tianyu and Jiang, Jing and Lin, Min},
  journal={arXiv preprint arXiv:2407.01492},
  year={2024}
}

@article{press2022measuring_bamboogle,
  title={Measuring and narrowing the compositionality gap in language models},
  author={Press, Ofir and Zhang, Muru and Min, Sewon and Schmidt, Ludwig and Smith, Noah A and Lewis, Mike},
  journal={arXiv preprint arXiv:2210.03350},
  year={2022}
}

@article{snell2024scaling,
  title={Scaling llm test-time compute optimally can be more effective than scaling model parameters},
  author={Snell, Charlie and Lee, Jaehoon and Xu, Kelvin and Kumar, Aviral},
  journal={arXiv preprint arXiv:2408.03314},
  year={2024}
}

@article{tian2024toward,
  title={Toward Self-Improvement of LLMs via Imagination, Searching, and Criticizing},
  author={Tian, Ye and Peng, Baolin and Song, Linfeng and Jin, Lifeng and Yu, Dian and Mi, Haitao and Yu, Dong},
  journal={arXiv preprint arXiv:2404.12253},
  year={2024}
}

@article{wei2022chain_cot,
  title={Chain-of-thought prompting elicits reasoning in large language models},
  author={Wei, Jason and Wang, Xuezhi and Schuurmans, Dale and Bosma, Maarten and Xia, Fei and Chi, Ed and Le, Quoc V and Zhou, Denny and others},
  journal={Advances in neural information processing systems},
  volume={35},
  pages={24824--24837},
  year={2022}
}

@article{yao2024tree,
  title={Tree of thoughts: Deliberate problem solving with large language models},
  author={Yao, Shunyu and Yu, Dian and Zhao, Jeffrey and Shafran, Izhak and Griffiths, Tom and Cao, Yuan and Narasimhan, Karthik},
  journal={Advances in Neural Information Processing Systems},
  volume={36},
  year={2024}
}

@article{zhou2022least,
  title={Least-to-most prompting enables complex reasoning in large language models},
  author={Zhou, Denny and Sch{\"a}rli, Nathanael and Hou, Le and Wei, Jason and Scales, Nathan and Wang, Xuezhi and Schuurmans, Dale and Cui, Claire and Bousquet, Olivier and Le, Quoc and others},
  journal={arXiv preprint arXiv:2205.10625},
  year={2022}
}

