% Use this file for citations not found in the ACL Anthology (contained in "anthology.bib").
@article{ID,
  author       = {Elena Facco and
                  Maria d'Errico and
                  Alex Rodriguez and
                  Alessandro Laio},
  title        = {Estimating the intrinsic dimension of datasets by a minimal neighborhood
                  information},
  journal      = {CoRR},
  volume       = {abs/1803.06992},
  year         = {2018},
  url          = {http://arxiv.org/abs/1803.06992},
  eprinttype    = {arXiv},
  eprint       = {1803.06992},
  timestamp    = {Mon, 13 Aug 2018 16:46:38 +0200},
  biburl       = {https://dblp.org/rec/journals/corr/abs-1803-06992.bib},
  bibsource    = {dblp computer science bibliography, https://dblp.org}
}


@article{tinyStories,
  author       = {Ronen Eldan and
                  Yuanzhi Li},
  title        = {TinyStories: How Small Can Language Models Be and Still Speak Coherent
                  English?},
  journal      = {CoRR},
  volume       = {abs/2305.07759},
  year         = {2023},
  url          = {https://doi.org/10.48550/arXiv.2305.07759},
  doi          = {10.48550/ARXIV.2305.07759},
  eprinttype    = {arXiv},
  eprint       = {2305.07759},
  timestamp    = {Wed, 17 May 2023 15:47:36 +0200},
  biburl       = {https://dblp.org/rec/journals/corr/abs-2305-07759.bib},
  bibsource    = {dblp computer science bibliography, https://dblp.org}
}

@book{Aho:72,
    author  = {Alfred V. Aho and Jeffrey D. Ullman},
    title   = {The Theory of Parsing, Translation and Compiling},
    year    = "1972",
    volume  = "1",
    publisher = {Prentice-Hall},
    address = {Englewood Cliffs, NJ}
}

@book{APA:83,
    author  = {{American Psychological Association}},
    title   = {Publications Manual},
    year    = "1983",
    publisher = {American Psychological Association},
    address = {Washington, DC}
}

@article{Chandra:81,
	author = {Ashok K. Chandra and Dexter C. Kozen and Larry J. Stockmeyer},
	year = "1981",
	title = {Alternation},
	journal = {Journal of the Association for Computing Machinery},
	volume = "28",
	number = "1",
	pages = "114--133",
	doi = "10.1145/322234.322243",
}

@inproceedings{andrew2007scalable,
  title={Scalable training of {L1}-regularized log-linear models},
  author={Andrew, Galen and Gao, Jianfeng},
  booktitle={Proceedings of the 24th International Conference on Machine Learning},
  pages={33--40},
  year={2007},
}

@book{Gusfield:97,
    author  = {Dan Gusfield},
    title   = {Algorithms on Strings, Trees and Sequences},
    year    = "1997",
    publisher = {Cambridge University Press},
    address = {Cambridge, UK}
}

@article{rasooli-tetrault-2015,
    author    = {Mohammad Sadegh Rasooli and Joel R. Tetreault},
    title     = {Yara Parser: {A} Fast and Accurate Dependency Parser},
    journal   = {Computing Research Repository},
    volume    = {arXiv:1503.06733},
    year      = {2015},
    url       = {http://arxiv.org/abs/1503.06733},
    note    = {version 2}
}

@article{Ando2005,
	Acmid = {1194905},
	Author = {Ando, Rie Kubota and Zhang, Tong},
	Issn = {1532-4435},
	Issue_Date = {12/1/2005},
	Journal = {Journal of Machine Learning Research},
	Month = dec,
	Numpages = {37},
	Pages = {1817--1853},
	Publisher = {JMLR.org},
	Title = {A Framework for Learning Predictive Structures from Multiple Tasks and Unlabeled Data},
	Volume = {6},
	Year = {2005}
}

@inproceedings{ettinger-etal-2016-probing,
    title = "Probing for semantic evidence of composition by means of simple classification tasks",
    author = "Ettinger, Allyson  and
      Elgohary, Ahmed  and
      Resnik, Philip",
    booktitle = "Proceedings of the 1st Workshop on Evaluating Vector-Space Representations for {NLP}",
    month = aug,
    year = "2016",
    address = "Berlin, Germany",
    publisher = "Association for Computational Linguistics",
    url = "https://aclanthology.org/W16-2524",
    doi = "10.18653/v1/W16-2524",
    pages = "134--139",
}

@inproceedings{belinkov-etal-2017-neural,
    title = "What do Neural Machine Translation Models Learn about Morphology?",
    author = "Belinkov, Yonatan  and
      Durrani, Nadir  and
      Dalvi, Fahim  and
      Sajjad, Hassan  and
      Glass, James",
    editor = "Barzilay, Regina  and
      Kan, Min-Yen",
    booktitle = "Proceedings of the 55th Annual Meeting of the Association for Computational Linguistics (Volume 1: Long Papers)",
    month = jul,
    year = "2017",
    address = "Vancouver, Canada",
    publisher = "Association for Computational Linguistics",
    url = "https://aclanthology.org/P17-1080",
    doi = "10.18653/v1/P17-1080",
    pages = "861--872",
}

@inproceedings{conneau-etal-2018-cram,
    title = "What you can cram into a single {\$}{\&}!{\#}* vector: Probing sentence embeddings for linguistic properties",
    author = {Conneau, Alexis  and
      Kruszewski, German  and
      Lample, Guillaume  and
      Barrault, Lo{\"\i}c  and
      Baroni, Marco},
    editor = "Gurevych, Iryna  and
      Miyao, Yusuke",
    booktitle = "Proceedings of the 56th Annual Meeting of the Association for Computational Linguistics (Volume 1: Long Papers)",
    month = jul,
    year = "2018",
    address = "Melbourne, Australia",
    publisher = "Association for Computational Linguistics",
    url = "https://aclanthology.org/P18-1198",
    doi = "10.18653/v1/P18-1198",
    pages = "2126--2136",
}

@article{belinkov2022probing,
  title={Probing classifiers: Promises, shortcomings, and advances},
  author={Belinkov, Yonatan},
  journal={Computational Linguistics},
  volume={48},
  number={1},
  pages={207--219},
  year={2022},
  publisher={MIT Press One Broadway, 12th Floor, Cambridge, Massachusetts 02142, USA~â€¦}
}

@article{calderon2024behalf,
  title={On Behalf of the Stakeholders: Trends in NLP Model Interpretability in the Era of LLMs},
  author={Calderon, Nitay and Reichart, Roi},
  journal={arXiv preprint arXiv:2407.19200},
  year={2024}
}

@inproceedings{dai-etal-2022-knowledge,
    title = "Knowledge Neurons in Pretrained Transformers",
    author = "Dai, Damai  and
      Dong, Li  and
      Hao, Yaru  and
      Sui, Zhifang  and
      Chang, Baobao  and
      Wei, Furu",
    editor = "Muresan, Smaranda  and
      Nakov, Preslav  and
      Villavicencio, Aline",
    booktitle = "Proceedings of the 60th Annual Meeting of the Association for Computational Linguistics (Volume 1: Long Papers)",
    month = may,
    year = "2022",
    address = "Dublin, Ireland",
    publisher = "Association for Computational Linguistics",
    url = "https://aclanthology.org/2022.acl-long.581",
    doi = "10.18653/v1/2022.acl-long.581",
    pages = "8493--8502",
}

@inproceedings{conmy2023,
 author = {Conmy, Arthur and Mavor-Parker, Augustine and Lynch, Aengus and Heimersheim, Stefan and Garriga-Alonso, Adri\`{a}},
 booktitle = {Advances in Neural Information Processing Systems},
 editor = {A. Oh and T. Naumann and A. Globerson and K. Saenko and M. Hardt and S. Levine},
 pages = {16318--16352},
 publisher = {Curran Associates, Inc.},
 title = {Towards Automated Circuit Discovery for Mechanistic Interpretability},
 url = {https://proceedings.neurips.cc/paper_files/paper/2023/file/34e1dbe95d34d7ebaf99b9bcaeb5b2be-Paper-Conference.pdf},
 volume = {36},
 year = {2023}
}

@article{meng2022locating,
  title={Locating and Editing Factual Associations in {GPT}},
  author={Kevin Meng and David Bau and Alex Andonian and Yonatan Belinkov},
  journal={Advances in Neural Information Processing Systems},
  volume={36},
  year={2022},
  note={arXiv:2202.05262}
}

@misc{wang2022interpretabilitywildcircuitindirect,
      title={Interpretability in the Wild: a Circuit for Indirect Object Identification in GPT-2 small}, 
      author={Kevin Wang and Alexandre Variengien and Arthur Conmy and Buck Shlegeris and Jacob Steinhardt},
      year={2022},
      eprint={2211.00593},
      archivePrefix={arXiv},
      primaryClass={cs.LG},
      url={https://arxiv.org/abs/2211.00593}, 
}

@misc{cunningham2023sparseautoencodershighlyinterpretable,
      title={Sparse Autoencoders Find Highly Interpretable Features in Language Models}, 
      author={Hoagy Cunningham and Aidan Ewart and Logan Riggs and Robert Huben and Lee Sharkey},
      year={2023},
      eprint={2309.08600},
      archivePrefix={arXiv},
      primaryClass={cs.LG},
      url={https://arxiv.org/abs/2309.08600}, 
}

@inproceedings{yu-etal-2023-characterizing,
    title = "Characterizing Mechanisms for Factual Recall in Language Models",
    author = "Yu, Qinan  and
      Merullo, Jack  and
      Pavlick, Ellie",
    editor = "Bouamor, Houda  and
      Pino, Juan  and
      Bali, Kalika",
    booktitle = "Proceedings of the 2023 Conference on Empirical Methods in Natural Language Processing",
    month = dec,
    year = "2023",
    address = "Singapore",
    publisher = "Association for Computational Linguistics",
    url = "https://aclanthology.org/2023.emnlp-main.615",
    doi = "10.18653/v1/2023.emnlp-main.615",
    pages = "9924--9959",
}

@article{gao2024,
  author       = {Leo Gao and
                  Tom Dupr{\'{e}} la Tour and
                  Henk Tillman and
                  Gabriel Goh and
                  Rajan Troll and
                  Alec Radford and
                  Ilya Sutskever and
                  Jan Leike and
                  Jeffrey Wu},
  title        = {Scaling and evaluating sparse autoencoders},
  journal      = {CoRR},
  volume       = {abs/2406.04093},
  year         = {2024},
  url          = {https://doi.org/10.48550/arXiv.2406.04093},
  doi          = {10.48550/ARXIV.2406.04093},
  eprinttype    = {arXiv},
  eprint       = {2406.04093},
  timestamp    = {Fri, 05 Jul 2024 16:54:14 +0200},
  biburl       = {https://dblp.org/rec/journals/corr/abs-2406-04093.bib},
  bibsource    = {dblp computer science bibliography, https://dblp.org}
}

@article{templeton2024scaling,
       title={Scaling Monosemanticity: Extracting Interpretable Features from Claude 3 Sonnet},
       author={Templeton, Adly and Conerly, Tom and Marcus, Jonathan and Lindsey, Jack and Bricken, Trenton and Chen, Brian and Pearce, Adam and Citro, Craig and Ameisen, Emmanuel and Jones, Andy and Cunningham, Hoagy and Turner, Nicholas L and McDougall, Callum and MacDiarmid, Monte and Freeman, C. Daniel and Sumers, Theodore R. and Rees, Edward and Batson, Joshua and Jermyn, Adam and Carter, Shan and Olah, Chris and Henighan, Tom},
       year={2024},
       journal={Transformer Circuits Thread},
       url={https://transformer-circuits.pub/2024/scaling-monosemanticity/index.html}
    }

@misc{nostalgebraist2020,
  author = {Nostalgebraist},
  title = {{interpreting GPT: the logit lens}},
  year = {2020},
  howpublished = {\url{https://www.alignmentforum.org/posts/AcKRB8wDpdaN6v6ru/interpreting-gpt-the-logit-lens}}
}

@inproceedings{xu-etal-2021-probing,
    title = "Probing Word Translations in the Transformer and Trading Decoder for Encoder Layers",
    author = "Xu, Hongfei  and
      van Genabith, Josef  and
      Liu, Qiuhui  and
      Xiong, Deyi",
    editor = "Toutanova, Kristina  and
      Rumshisky, Anna  and
      Zettlemoyer, Luke  and
      Hakkani-Tur, Dilek  and
      Beltagy, Iz  and
      Bethard, Steven  and
      Cotterell, Ryan  and
      Chakraborty, Tanmoy  and
      Zhou, Yichao",
    booktitle = "Proceedings of the 2021 Conference of the North American Chapter of the Association for Computational Linguistics: Human Language Technologies",
    month = jun,
    year = "2021",
    address = "Online",
    publisher = "Association for Computational Linguistics",
    url = "https://aclanthology.org/2021.naacl-main.7",
    doi = "10.18653/v1/2021.naacl-main.7",
    pages = "74--85",
}

@misc{belrose2023eliciting,
      title={Eliciting Latent Predictions from Transformers with the Tuned Lens}, 
      author={Nora Belrose and Zach Furman and Logan Smith and Danny Halawi and Igor Ostrovsky and Lev McKinney and Stella Biderman and Jacob Steinhardt},
      year={2023},
      eprint={2303.08112},
      archivePrefix={arXiv},
      primaryClass={cs.LG}
}

@misc{din2023jump,
      title={Jump to Conclusions: Short-Cutting Transformers With Linear Transformations}, 
      author={Alexander Yom Din and Taelin Karidi and Leshem Choshen and Mor Geva},
      year={2023},
      eprint={2303.09435},
      archivePrefix={arXiv},
      primaryClass={cs.CL}
}

@misc{anthropic2021,
      title={A Mathematical Framework for Transformer Circuits}, 
      author={Nelson Elhage and Neel Nanda and Catherine Olsson and Tom Henighanâ€  and Nicholas Josephâ€  and Ben Mannâ€  and Amanda Askell and Yuntao Bai and Anna Chen and Tom Conerly and Nova DasSarma and Dawn Drain and Deep Ganguli and Zac Hatfield-Dodds and Danny Hernandez and Andy Jones and Jackson Kernion and Liane Lovitt and Kamal Ndousse and Dario Amodei and Tom Brown and Jack Clark and Jared Kaplan and Sam McCandlish and Chris Olahâ€¡},
      year={2021},
      eprint={https://transformer-circuits.pub/2021/framework/index.html},
}


@article{olsson2022context,
   title={In-context Learning and Induction Heads},
   author={Olsson, Catherine and Elhage, Nelson and Nanda, Neel and Joseph, Nicholas and DasSarma, Nova and Henighan, Tom and Mann, Ben and Askell, Amanda and Bai, Yuntao and Chen, Anna and Conerly, Tom and Drain, Dawn and Ganguli, Deep and Hatfield-Dodds, Zac and Hernandez, Danny and Johnston, Scott and Jones, Andy and Kernion, Jackson and Lovitt, Liane and Ndousse, Kamal and Amodei, Dario and Brown, Tom and Clark, Jack and Kaplan, Jared and McCandlish, Sam and Olah, Chris},
   year={2022},
   journal={Transformer Circuits Thread},
   note={https://transformer-circuits.pub/2022/in-context-learning-and-induction-heads/index.html}
}

@inproceedings{razzhigaev-etal-2024-shape,
    title = "The Shape of Learning: Anisotropy and Intrinsic Dimensions in Transformer-Based Models",
    author = "Razzhigaev, Anton  and
      Mikhalchuk, Matvey  and
      Goncharova, Elizaveta  and
      Oseledets, Ivan  and
      Dimitrov, Denis  and
      Kuznetsov, Andrey",
    editor = "Graham, Yvette  and
      Purver, Matthew",
    booktitle = "Findings of the Association for Computational Linguistics: EACL 2024",
    month = mar,
    year = "2024",
    address = "St. Julian{'}s, Malta",
    publisher = "Association for Computational Linguistics",
    url = "https://aclanthology.org/2024.findings-eacl.58",
    pages = "868--874",
}

@misc{razzhigaev2024transformersecretlylinear,
      title={Your Transformer is Secretly Linear}, 
      author={Anton Razzhigaev and Matvey Mikhalchuk and Elizaveta Goncharova and Nikolai Gerasimenko and Ivan Oseledets and Denis Dimitrov and Andrey Kuznetsov},
      year={2024},
      eprint={2405.12250},
      archivePrefix={arXiv},
      primaryClass={cs.LG},
      url={https://arxiv.org/abs/2405.12250}, 
}

@misc{wan2024informationleakageembeddinglarge,
      title={Information Leakage from Embedding in Large Language Models}, 
      author={Zhipeng Wan and Anda Cheng and Yinggui Wang and Lei Wang},
      year={2024},
      eprint={2405.11916},
      archivePrefix={arXiv},
      primaryClass={cs.LG},
      url={https://arxiv.org/abs/2405.11916}, 
}

@inproceedings{li-etal-2023-sentence,
    title = "Sentence Embedding Leaks More Information than You Expect: Generative Embedding Inversion Attack to Recover the Whole Sentence",
    author = "Li, Haoran  and
      Xu, Mingshi  and
      Song, Yangqiu",
    editor = "Rogers, Anna  and
      Boyd-Graber, Jordan  and
      Okazaki, Naoaki",
    booktitle = "Findings of the Association for Computational Linguistics: ACL 2023",
    month = jul,
    year = "2023",
    address = "Toronto, Canada",
    publisher = "Association for Computational Linguistics",
    url = "https://aclanthology.org/2023.findings-acl.881",
    doi = "10.18653/v1/2023.findings-acl.881",
    pages = "14022--14040",
}

@misc{yao2024knowledgecircuitspretrainedtransformers,
      title={Knowledge Circuits in Pretrained Transformers}, 
      author={Yunzhi Yao and Ningyu Zhang and Zekun Xi and Mengru Wang and Ziwen Xu and Shumin Deng and Huajun Chen},
      year={2024},
      eprint={2405.17969},
      archivePrefix={arXiv},
      primaryClass={cs.CL},
      url={https://arxiv.org/abs/2405.17969}, 
}

@article{radford2019language,
  title={Language Models are Unsupervised Multitask Learners},
  author={Radford, Alec and Wu, Jeff and Child, Rewon and Luan, David and Amodei, Dario and Sutskever, Ilya},
  year={2019}
}

@misc{zhang2024tinyllama,
      title={TinyLlama: An Open-Source Small Language Model}, 
      author={Peiyuan Zhang and Guangtao Zeng and Tianduo Wang and Wei Lu},
      year={2024},
      eprint={2401.02385},
      archivePrefix={arXiv},
      primaryClass={cs.CL},
      url={https://arxiv.org/abs/2401.02385}, 
}

@inproceedings{paperno-etal-2016-lambada,
    title = "The {LAMBADA} dataset: Word prediction requiring a broad discourse context",
    author = "Paperno, Denis  and
      Kruszewski, Germ{\'a}n  and
      Lazaridou, Angeliki  and
      Pham, Ngoc Quan  and
      Bernardi, Raffaella  and
      Pezzelle, Sandro  and
      Baroni, Marco  and
      Boleda, Gemma  and
      Fern{\'a}ndez, Raquel",
    editor = "Erk, Katrin  and
      Smith, Noah A.",
    booktitle = "Proceedings of the 54th Annual Meeting of the Association for Computational Linguistics (Volume 1: Long Papers)",
    month = aug,
    year = "2016",
    address = "Berlin, Germany",
    publisher = "Association for Computational Linguistics",
    url = "https://aclanthology.org/P16-1144",
    doi = "10.18653/v1/P16-1144",
    pages = "1525--1534",
}

@misc{hendrycks2021,
      title={Measuring Massive Multitask Language Understanding}, 
      author={Dan Hendrycks and Collin Burns and Steven Basart and Andy Zou and Mantas Mazeika and Dawn Song and Jacob Steinhardt},
      year={2021},
      eprint={2009.03300},
      archivePrefix={arXiv},
      primaryClass={cs.CY},
      url={https://arxiv.org/abs/2009.03300}, 
}

@misc{kuratov2024babilong,
      title={BABILong: Testing the Limits of LLMs with Long Context Reasoning-in-a-Haystack}, 
      author={Yuri Kuratov and Aydar Bulatov and Petr Anokhin and Ivan Rodkin and Dmitry Sorokin and Artyom Sorokin and Mikhail Burtsev},
      year={2024},
      eprint={2406.10149},
      archivePrefix={arXiv},
      primaryClass={id='cs.CL' full_name='Computation and Language' is_active=True alt_name='cmp-lg' in_archive='cs' is_general=False description='Covers natural language processing. Roughly includes material in ACM Subject Class I.2.7. Note that work on artificial languages (programming languages, logics, formal systems) that does not explicitly address natural-language issues broadly construed (natural-language processing, computational linguistics, speech, text retrieval, etc.) is not appropriate for this area.'}
}

@misc{weston2015,
      title={Towards AI-Complete Question Answering: A Set of Prerequisite Toy Tasks}, 
      author={Jason Weston and Antoine Bordes and Sumit Chopra and Alexander M. Rush and Bart van MerriÃ«nboer and Armand Joulin and Tomas Mikolov},
      year={2015},
      eprint={1502.05698},
      archivePrefix={arXiv},
      primaryClass={cs.AI},
      url={https://arxiv.org/abs/1502.05698}, 
}

@misc{rae2019,
      title={Compressive Transformers for Long-Range Sequence Modelling}, 
      author={Jack W. Rae and Anna Potapenko and Siddhant M. Jayakumar and Timothy P. Lillicrap},
      year={2019},
      eprint={1911.05507},
      archivePrefix={arXiv},
      primaryClass={cs.LG},
      url={https://arxiv.org/abs/1911.05507}, 
}