@article{Elzoukaetal2020,
  title={Interpretable forward and inverse design of particle spectral emissivity using common machine-learning models},
  author={Elzouka, Mahmoud and Yang, Charles and Albert, Adrian and Prasher, Ravi S and Lubner, Sean D},
  journal={Cell Reports Physical Science},
  volume={1},
  number={12},
  year={2020},
  publisher={Elsevier}
}

@inproceedings{Huetal2021,
  title={Solving Time Domain Electromagnetic Forward and Inverse Problems using a Differentiable Programming Platform},
  author={Hu, Yanyan and Jin, Yuchen and Wu, Xuqing and Chen, Jiefu},
  booktitle={2021 International Conference on Electromagnetics in Advanced Applications (ICEAA)},
  pages={216--221},
  year={2021},
  organization={IEEE}
}

@Inbook{Kakas2017,
    author="Kakas, Antonis C.",
    title="Abduction",
    bookTitle="Encyclopedia of Machine Learning and Data Mining",
    year="2017",
    publisher="Springer US",
    address="Boston, MA",
    pages="1--8",
    isbn="978-1-4899-7687-1"
}
    %doi="10.1007/978-1-4899-7687-1_1",
    url="https://doi.org/10.1007/978-1-4899-7687-1_1"
}

@article{Koeppeletal2021,
  title={Learning to rank Higgs boson candidates},
  author={K{\"o}ppel, Marius and Segner, Alexander and Wagener, Martin and Pensel, Lukas and Karwath, Andreas and Schmitt, Christian and Kramer, Stefan},
  journal={Scientific reports},
  volume={12},
  number={1},
  pages={13094},
  year={2022},
  publisher={Nature Publishing Group UK London}
}

@inproceedings{Lambertetal2018,
  title={Deep forward and inverse perceptual models for tracking and prediction},
  author={Lambert, Alexander and Shaban, Amirreza and Raj, Amit and Liu, Zhen and Boots, Byron},
  booktitle={2018 IEEE international conference on robotics and automation (ICRA)},
  pages={675--682},
  year={2018},
  organization={IEEE}
}

@article{RobertsHedayati2021,
  title={A deep learning approach to the forward prediction and inverse design of plasmonic metasurface structural color},
  author={Roberts, Nathan Bryn and Keshavarz Hedayati, Mehdi},
  journal={Applied Physics Letters},
  volume={119},
  number={6},
  year={2021},
  publisher={AIP Publishing}
}

@inproceedings{Wickeretal2015,
  title={Cinema data mining: The smell of fear},
  author={Wicker, J{\"o}rg and Krauter, Nicolas and Derstorff, Bettina and St{\"o}nner, Christof and Bourtsoukidis, Efstratios and Kl{\"u}pfel, Thomas and Williams, Jonathan and Kramer, Stefan},
  booktitle={Proceedings of the 21th ACM SIGKDD International Conference on Knowledge Discovery and Data Mining},
  pages={1295--1304},
  year={2015}
}

@article{ref:azam2021,
  title={Aircraft classification based on PCA and feature fusion techniques in convolutional neural network},
  author={Azam, Faisal and Rizvi, Akash and Khan, Wazir Zada and Aalsalem, Mohammed Y and Yu, Heejung and Zikria, Yousaf Bin},
  journal={IEEE Access},
  volume={9},
  pages={161683--161694},
  year={2021},
  publisher={IEEE}
}

@article{ref:gao2022,
  title={Optimizing and Evaluating Swin Transformer for Aircraft Classification: Analysis and Generalizability of the MTARSI Dataset},
  author={Gao, Kyle and He, Hongjie and Lu, Dening and Xu, Linlin and Ma, Lingfei and Li, Jonathan},
  journal={IEEE Access},
  volume={10},
  pages={134427--134439},
  year={2022},
  publisher={IEEE}
}

@article{ref:koppanyi2018,
  title={Object tracking with lidar: Monitoring taxiing and landing aircraft},
  author={Koppanyi, Zoltan and Toth, Charles K},
  journal={Applied Sciences},
  volume={8},
  number={2},
  pages={234},
  year={2018},
  publisher={Multidisciplinary Digital Publishing Institute}
}

@article{ref:tang2020,
  title={Improved interacting multiple model algorithm airport surface target tracking based on geomagnetic sensors},
  author={Tang, Xinmin and Zhao, Wenjie and Gao, Shangfeng},
  journal={International Journal of Distributed Sensor Networks},
  volume={16},
  number={2},
  pages={1550147720904563},
  year={2020},
  publisher={SAGE Publications Sage UK: London, England}
}

@article{ref:tian2020,
  title={4D trajectory optimization of commercial flight for green civil aviation},
  author={Tian, Yong and He, Xiuqi and Xu, Yan and Wan, Lili and Ye, Bojia},
  journal={IEEE Access},
  volume={8},
  pages={62815--62829},
  year={2020},
  publisher={IEEE}
}

@article{ref:won2020,
  title={Intelligent traffic monitoring systems for vehicle classification: A survey},
  author={Won, Myounggyu},
  journal={IEEE Access},
  volume={8},
  pages={73340--73358},
  year={2020},
  publisher={IEEE}
}

@article{ref:xia2022,
  title={Aircraft target classification method for conventional narrowband radar based on micro-doppler effect},
  author={Xia, Saiqiang and Zhang, Chaowei and Cai, Wanyong and Yang, Jun and Hua, Liangfa and Wei, Xu and Jiang, Haiman},
  journal={Mathematical Problems in Engineering},
  volume={2022},
  pages={1--11},
  year={2022},
  publisher={Hindawi Limited}
}

@article{ref:zhang2023,
  title={Perception and sensing for autonomous vehicles under adverse weather conditions: A survey},
  author={Zhang, Yuxiao and Carballo, Alexander and Yang, Hanting and Takeda, Kazuya},
  journal={ISPRS Journal of Photogrammetry and Remote Sensing},
  volume={196},
  pages={146--177},
  year={2023},
  publisher={Elsevier}
}

