@article{mansueto2021memetic,
  title={Memetic differential evolution methods for clustering problems},
  author={Mansueto, Pierluigi and Schoen, Fabio},
  journal={Pattern Recognition},
  volume={114},
  pages={107849},
  year={2021},
  publisher={Elsevier}
}

@article{bouarab2017dynamic,
  title={Dynamic constraint and variable aggregation in column generation},
  author={Bouarab, Hocine and El Hallaoui, Issmail and Metrane, Abdelmoutalib and Soumis, Fran{\c{c}}ois},
  journal={European Journal of Operational Research},
  volume={262},
  number={3},
  pages={835--850},
  year={2017},
  publisher={Elsevier}
}

@article{gribel2019hg,
  title={HG-means: A scalable hybrid genetic algorithm for minimum sum-of-squares clustering},
  author={Gribel, Daniel and Vidal, Thibaut},
  journal={Pattern Recognition},
  volume={88},
  pages={569--583},
  year={2019},
  publisher={Elsevier}
}

@article{rao1971cluster,
  title={Cluster analysis and mathematical programming},
  author={Rao, MR},
  journal={Journal of the American Statistical Association},
  volume={66},
  number={335},
  pages={622--626},
  year={1971},
  publisher={Taylor \& Francis}
}

@article{hartigan1979algorithm,
  title={Algorithm {AS} 136: A k-means clustering algorithm},
  author={Hartigan, John A and Wong, Manchek A},
  journal={Journal of the Royal Statistical Society. Series {C} (Applied Statistics)},
  volume={28},
  number={1},
  pages={100--108},
  year={1979},
  publisher={JSTOR}
}

@article{jain1999data,
  title={Data clustering: a review},
  author={Jain, Anil K and Murty, M Narasimha and Flynn, Patrick J},
  journal={ACM Computing Surveys},
  volume={31},
  number={3},
  pages={264--323},
  year={1999},
  publisher={ACM New York, NY, USA}
}

@article{gambella2021optimization,
  title={Optimization problems for machine learning: A survey},
  author={Gambella, Claudio and Ghaddar, Bissan and Naoum-Sawaya, Joe},
  journal={European Journal of Operational Research},
  volume={290},
  number={3},
  pages={807--828},
  year={2021},
  publisher={Elsevier}
}

@article{davies1979cluster,
  title={A cluster separation measure},
  author={Davies, David L and Bouldin, Donald W},
  journal={IEEE Transactions on Pattern Analysis and Machine Intelligence},
  volume={1},
  number={2},
  pages={224--227},
  year={1979},
  publisher={IEEE}
}

@article{plastria2002formulating,
  title={Formulating logical implications in combinatorial optimisation},
  author={Plastria, Frank},
  journal={European Journal of Operational Research},
  volume={140},
  number={2},
  pages={338--353},
  year={2002},
  publisher={Elsevier}
}
@article{edwards1965method,
  title={A method for cluster analysis},
  author={Edwards, Anthony WF and Cavalli-Sforza, Luigi Luca},
  journal={Biometrics},
  pages={362--375},
  year={1965},
  publisher={JSTOR}
}
@article{kaibel2008packing,
  title={Packing and partitioning orbitopes},
  author={Kaibel, Volker and Pfetsch, Marc},
  journal={Mathematical Programming},
  volume={114},
  number={1},
  pages={1--36},
  year={2008},
  publisher={Springer}
}

@article{drezner1991facility,
  title={The facility location problem with limited distances},
  author={Drezner, Zvi and Mehrez, Avram and Wesolowsky, George O},
  journal={Transportation Science},
  volume={25},
  number={3},
  pages={183--187},
  year={1991},
  publisher={INFORMS}
}


@article{carbonneau2012extensions,
  title={Extensions to the repetitive branch and bound algorithm for globally optimal clusterwise regression},
  author={Carbonneau, R{\'e}al A and Caporossi, Gilles and Hansen, Pierre},
  journal={Computers \& Operations Research},
  volume={39},
  number={11},
  pages={2748--2762},
  year={2012},
  publisher={Elsevier}
}

@article{calinski1974dendrite,
  title={A dendrite method for cluster analysis},
  author={Cali{\'n}ski, Tadeusz and Harabasz, Jerzy},
  journal={Communications in Statistics-theory and Methods},
  volume={3},
  number={1},
  pages={1--27},
  year={1974},
  publisher={Taylor \& Francis}
}

@article{rousseeuw1987silhouettes,
  title={Silhouettes: a graphical aid to the interpretation and validation of cluster analysis},
  author={Rousseeuw, Peter J},
  journal={Journal of Computational and Applied Mathematics},
  volume={20},
  pages={53--65},
  year={1987},
  publisher={Elsevier}
}

@article{kanungo2004local,
  title={A local search approximation algorithm for k-means clustering},
  author={Kanungo, Tapas and Mount, David M and Netanyahu, Nathan S and Piatko, Christine D and Silverman, Ruth and Wu, Angela Y},
  journal={Computational Geometry},
  volume={28},
  number={2-3},
  pages={89--112},
  year={2004},
  publisher={Elsevier}
}

@article{prasad2018improved,
  title={Improved conic reformulations for k-means clustering},
  author={Prasad, Madhushini Narayana and Hanasusanto, Grani A},
  journal={SIAM Journal on Optimization},
  volume={28},
  number={4},
  pages={3105--3126},
  year={2018},
  publisher={SIAM}
}

@article{kmeansor,
 ISSN = {00359254, 14679876},
 URL = {http://www.jstor.org/stable/2346830},
 author = {J. A. Hartigan and M. A. Wong},
 journal = {Journal of the Royal Statistical Society. Series C (Applied Statistics)},
 number = {1},
 pages = {100--108},
 publisher = {[Wiley, Royal Statistical Society]},
 title = {Algorithm {AS} 136: {A} {K}-{M}eans {C}lustering {A}lgorithm},
 volume = {28},
 year = {1979}
}

@article{franti2019much,
  title={How much can k-means be improved by using better initialization and repeats?},
  author={Fr{\"a}nti, Pasi and Sieranoja, Sami},
  journal={Pattern Recognition},
  volume={93},
  pages={95--112},
  year={2019},
  publisher={Elsevier}
}

@inproceedings{dhillon2004kernel,
  title={Kernel k-means: spectral clustering and normalized cuts},
  author={Dhillon, Inderjit S and Guan, Yuqiang and Kulis, Brian},
  booktitle={Proceedings of the tenth ACM SIGKDD International Conference on Knowledge Discovery and Data Mining},
  pages={551--556},
  year={2004}
}

@inproceedings{davidson2005clustering,
  title={Clustering with constraints: {F}easibility issues and the k-means algorithm},
  author={Davidson, Ian and Ravi, SS},
  booktitle={Proceedings of the 2005 SIAM International Conference on Data Mining},
  pages={138--149},
  year={2005},
  organization={SIAM}
}

@article{wen2010alternating,
  title={Alternating direction augmented {L}agrangian methods for semidefinite programming},
  author={Wen, Zaiwen and Goldfarb, Donald and Yin, Wotao},
  journal={Mathematical Programming Computation},
  volume={2},
  number={3-4},
  pages={203--230},
  year={2010},
  publisher={Springer}
}

@article{saxena2017review,
  title={A review of clustering techniques and developments},
  author={Saxena, Amit and Prasad, Mukesh and Gupta, Akshansh and Bharill, Neha and Patel, Om Prakash and Tiwari, Aruna and Er, Meng Joo and Ding, Weiping and Lin, Chin-Teng},
  journal={Neurocomputing},
  volume={267},
  pages={664--681},
  year={2017},
  publisher={Elsevier}
}

@article{alizadeh1995interior,
  title={Interior point methods in semidefinite programming with applications to combinatorial optimization},
  author={Alizadeh, Farid},
  journal={SIAM Journal on Optimization},
  volume={5},
  number={1},
  pages={13--51},
  year={1995},
  publisher={SIAM}
}

@article{aloise2009complexity,
  title={{NP}-hardness of {E}uclidean sum-of-squares clustering},
  author={Aloise, Daniel and Deshpande, Amit and Hansen, Pierre and Popat, Preyas},
  journal={Machine Learning},
  volume={75},
  number={2},
  pages={245--248},
  year={2009},
  publisher={Springer}
}

@article{mahajan2012planar,
  title={The planar k-means problem is {NP}-hard},
  author={Mahajan, Meena and Nimbhorkar, Prajakta and Varadarajan, Kasturi},
  journal={Theoretical Computer Science},
  volume={442},
  pages={13--21},
  year={2012},
  publisher={Elsevier}
}

@article{wang2011ckmeans,
  title={Ckmeans. 1d. dp: optimal k-means clustering in one dimension by dynamic programming},
  author={Wang, Haizhou and Song, Mingzhou},
  journal={The R Journal},
  volume={3},
  number={2},
  pages={29},
  year={2011},
  publisher={NIH Public Access}
}

@article{koontz1975branch,
  title={A branch and bound clustering algorithm},
  author={Koontz, Warren L. G. and Narendra, Patrenahalli M. and Fukunaga, Keinosuke},
  journal={IEEE Transactions on Computers},
  volume={100},
  number={9},
  pages={908--915},
  year={1975},
  publisher={IEEE}
}

@article{diehr1985evaluation,
  title={Evaluation of a branch and bound algorithm for clustering},
  author={Diehr, George},
  journal={SIAM Journal on Scientific and Statistical Computing},
  volume={6},
  number={2},
  pages={268--284},
  year={1985},
  publisher={SIAM}
}

@article{du1999interior,
  title={An interior point algorithm for minimum sum-of-squares clustering},
  author={Du Merle, Olivier and Hansen, Pierre and Jaumard, Brigitte and Mladenovic, Nenad},
  journal={SIAM Journal on Scientific Computing},
  volume={21},
  number={4},
  pages={1485--1505},
  year={1999},
  publisher={SIAM}
}

@article{brusco2006repetitive,
  title={A repetitive branch-and-bound procedure for minimum within-cluster sums of squares partitioning},
  author={Brusco, Michael J},
  journal={Psychometrika},
  volume={71},
  number={2},
  pages={347--363},
  year={2006},
  publisher={Springer}
}

@article{sherali2005global,
  title={A global optimization {RLT}-based approach for solving the hard clustering problem},
  author={Sherali, Hanif D and Desai, Jitamitra},
  journal={Journal of Global Optimization},
  volume={32},
  number={2},
  pages={281--306},
  year={2005},
  publisher={Springer}
}

@incollection{sherali1998reformulation,
  title={Reformulation-linearization techniques for discrete optimization problems},
  author={Sherali, Hanif D and Adams, Warren P},
  booktitle={Handbook of Combinatorial Optimization},
  pages={479--532},
  year={1998},
  publisher={Springer}
}

@article{aloise2011evaluating,
  title={Evaluating a branch-and-bound {RLT}-based algorithm for minimum sum-of-squares clustering},
  author={Aloise, Daniel and Hansen, Pierre},
  journal={Journal of Global Optimization},
  volume={49},
  number={3},
  pages={449--465},
  year={2011},
  publisher={Springer}
}

@article{aloise2012improved,
  title={An improved column generation algorithm for minimum sum-of-squares clustering},
  author={Aloise, Daniel and Hansen, Pierre and Liberti, Leo},
  journal={Mathematical Programming},
  volume={131},
  number={1},
  pages={195--220},
  year={2012},
  publisher={Springer}
}

@article{mahdavi2009harmony,
  title={Harmony K-means algorithm for document clustering},
  author={Mahdavi, Mehrdad and Abolhassani, Hassan},
  journal={Data Mining and Knowledge Discovery},
  volume={18},
  number={3},
  pages={370--391},
  year={2009},
  publisher={Springer}
}

@inproceedings{zhang2006clustering,
  title={Clustering-based missing value imputation for data preprocessing},
  author={Zhang, Chengqi and Qin, Yongsong and Zhu, Xiaofeng and Zhang, Jilian and Zhang, Shichao},
  booktitle={2006 4th IEEE International Conference on Industrial Informatics},
  pages={1081--1086},
  year={2006},
  organization={IEEE}
}

@incollection{peng2005new,
  title={A new theoretical framework for k-means-type clustering},
  author={Peng, Jiming and Xia, Yu},
  booktitle={Foundations and Advances in Data Mining},
  pages={79--96},
  year={2005},
  publisher={Springer}
}

@article{peng2007approximating,
  title={Approximating k-means-type clustering via semidefinite programming},
  author={Peng, Jiming and Wei, Yu},
  journal={SIAM Journal on Optimization},
  volume={18},
  number={1},
  pages={186--205},
  year={2007},
  publisher={SIAM}
}

@article{aloise2009branch,
  title={A branch-and-cut {SDP}-based algorithm for minimum sum-of-squares clustering},
  author={Aloise, Daniel and Hansen, Pierre},
  journal={Pesquisa Operacional},
  volume={29},
  number={3},
  pages={503--516},
  year={2009},
  publisher={SciELO Brasil}
}

@article{de2020ratio,
  title={The ratio-cut polytope and K-means clustering},
  author={De Rosa, Antonio and Khajavirad, Aida},
  journal={SIAM Journal on Optimization},
  volume={32},
  number={1},
  pages={173--203},
  year={2022},
  publisher={SIAM}
}

@inproceedings{macqueen1967some,
    AUTHOR = {MacQueen, J.},
     TITLE = {Some methods for classification and analysis of multivariate
              observations},
 BOOKTITLE = {Proc. {F}ifth {B}erkeley {S}ympos. {M}ath. {S}tatist. and
              {P}robability ({B}erkeley, {C}alif., 1965/66)},
     PAGES = {Vol. I: Statistics, pp. 281--297},
 PUBLISHER = {Univ. California Press, Berkeley, Calif.},
      YEAR = {1967},
}

@article{improvedkmeans2018,
title = {Two improved k-means algorithms},
journal = {Applied Soft Computing},
volume = {68},
pages = {747-755},
year = {2018},
issn = {1568-4946},
author = {Shyr-Shen Yu and Shao-Wei Chu and Chuin-Mu Wang and Yung-Kuan Chan and Ting-Cheng Chang}
}

@article{lloyd1982least,
  title={Least squares quantization in {PCM}},
  author={Lloyd, Stuart},
  journal={IEEE Transactions on Information Theory},
  volume={28},
  number={2},
  pages={129--137},
  year={1982},
  publisher={IEEE}
}

@inproceedings{wagstaff2001constrained,
  title={Constrained k-means clustering with background knowledge},
  author={Wagstaff, Kiri and Cardie, Claire and Rogers, Seth and Schr{\"o}dl, Stefan and others},
  booktitle={International Conference on Machine Learning},
  volume={1},
  pages={577--584},
  year={2001}
}

@techreport{arthur2006k,
  title={k-means++: {T}he advantages of careful seeding},
  author={Arthur, David and Vassilvitskii, Sergei},
  year={2006},
  institution={Stanford}
}

@inproceedings{awasthi2015relax,
  title={Relax, no need to round: {I}ntegrality of clustering formulations},
  author={Awasthi, Pranjal and Bandeira, Afonso S and Charikar, Moses and Krishnaswamy, Ravishankar and Villar, Soledad and Ward, Rachel},
  booktitle={Proceedings of the 2015 Conference on Innovations in Theoretical Computer Science},
  pages={191--200},
  year={2015}
}

@article{iguchi2017probably,
  title={Probably certifiably correct k-means clustering},
  author={Iguchi, Takayuki and Mixon, Dustin G and Peterson, Jesse and Villar, Soledad},
  journal={Mathematical Programming},
  volume={165},
  number={2},
  pages={605--642},
  year={2017},
  publisher={Springer}
}

@article{li2020birds,
  title={When do birds of a feather flock together? k-means, proximity, and conic programming},
  author={Li, Xiaodong and Li, Yang and Ling, Shuyang and Strohmer, Thomas and Wei, Ke},
  journal={Mathematical Programming},
  volume={179},
  number={1-2, Ser. A},
  pages={295--341},
  year={2020},
  publisher={Springer}
}

@article{mixon2017clustering,
  title={Clustering subgaussian mixtures by semidefinite programming},
  author={Mixon, Dustin G and Villar, Soledad and Ward, Rachel},
  journal={Information and Inference: A Journal of the IMA},
  volume={6},
  number={4},
  pages={389--415},
  year={2017},
  publisher={Oxford University Press}
}


@article{Lorenz2019,
  title={Non-stationary Douglas--Rachford and alternating direction method of multipliers: adaptive step-sizes and convergence},
  author={Lorenz, Dirk A and Tran-Dinh, Quoc},
  journal={Computational Optimization and Applications},
  volume={74},
  pages={67--92},
  year={2019},
  publisher={Springer}
}


@article{chopra1993partition,
  title={The partition problem},
  author={Chopra, Sunil and Rao, Mendu R},
  journal={Mathematical Programming},
  volume={59},
  number={1-3},
  pages={87--115},
  year={1993},
  publisher={Springer}
}

@article{eckart1936approximation,
  title={The approximation of one matrix by another of lower rank},
  author={Eckart, Carl and Young, Gale},
  journal={Psychometrika},
  volume={1},
  number={3},
  pages={211--218},
  year={1936},
  publisher={Springer}
}

@article{ghaddar2011branch,
  title={A branch-and-cut algorithm based on semidefinite programming for the minimum k-partition problem},
  author={Ghaddar, Bissan and Anjos, Miguel F and Liers, Frauke},
  journal={Annals of Operations Research},
  volume={188},
  number={1},
  pages={155--174},
  year={2011},
  publisher={Springer}
}

@article{KARMITSA2017367,
title = {New diagonal bundle method for clustering problems in large data sets},
journal = {European Journal of Operational Research},
volume = {263},
number = {2},
pages = {367-379},
year = {2017},
issn = {0377-2217},
author = {Napsu Karmitsa and Adil M. Bagirov and Sona Taheri}
}
@article{KARMITSA2018245,
title = {Clustering in large data sets with the limited memory bundle method},
journal = {Pattern Recognition},
volume = {83},
pages = {245-259},
year = {2018},
issn = {0031-3203},
author = {Napsu Karmitsa and Adil M. Bagirov and Sona Taheri}
}
@article{ALSULTAN19951443,
title = {A {T}abu search approach to the clustering problem},
journal = {Pattern Recognition},
volume = {28},
number = {9},
pages = {1443-1451},
year = {1995},
issn = {0031-3203},
author = {Khaled S. Al-Sultan}
}

@article{Orlov2018,
	year = 2018,
	month = {dec},
	publisher = {{IOP} Publishing},
	volume = {450},
	pages = {022035},
	author = {V I Orlov and L A Kazakovtsev and I P Rozhnov and N A Popov and V V Fedosov},
	title = {Variable neighborhood search algorithm for k-means clustering},
	journal = {{IOP} Conference Series: Materials Science and Engineering}
}

@article{tao2014new,
  title={New and efficient {DCA} based algorithms for minimum sum-of-squares clustering},
  author={Tao, Pham Dinh and others},
  journal={Pattern Recognition},
  volume={47},
  number={1},
  pages={388--401},
  year={2014},
  publisher={Elsevier}
}

@article{BAGIROV201612,
title = {Nonsmooth {DC} programming approach to the minimum sum-of-squares clustering problems},
journal = {Pattern Recognition},
volume = {53},
pages = {12-24},
year = {2016},
issn = {0031-3203},
author = {Adil M. Bagirov and Sona Taheri and Julien Ugon}
}

@article{SARKAR1997975,
title = {A clustering algorithm using an evolutionary programming-based approach},
journal = {Pattern Recognition Letters},
volume = {18},
number = {10},
pages = {975-986},
year = {1997},
author = {Napsu Karmitsa and Adil M. Bagirov and Sona Taheri},
issn = {0167-8655}
}

@article{MAULIK20001455,
title = {Genetic algorithm-based clustering technique},
journal = {Pattern Recognition},
volume = {33},
number = {9},
pages = {1455-1465},
year = {2000},
issn = {0031-3203},
author = {Ujjwal Maulik and Sanghamitra Bandyopadhyay}
}

@article{liberti2022side,
  title={Side-constrained minimum sum-of-squares clustering: mathematical programming and random projections},
  author={Liberti, Leo and Manca, Benedetto},
  journal={Journal of Global Optimization},
  volume={83},
  number={1},
  pages={83--118},
  year={2022},
  publisher={Springer}
}
@article{piccialli2023global,
  title={Global optimization for cardinality-constrained minimum sum-of-squares clustering via semidefinite programming},
  author={Piccialli, Veronica and Sudoso, Antonio M},
  journal={Mathematical Programming},
  pages={1--35},
  year={2023},
  publisher={Springer}
}
@article{HANSEN2001405,
title = {J-{M}eans: a new local search heuristic for minimum sum of squares clustering},
journal = {Pattern Recognition},
volume = {34},
number = {2},
pages = {405-413},
year = {2001},
issn = {0031-3203},
author = {Pierre Hansen and Nenad Mladenovi\`{c}}
}
@inproceedings{syakur2018integration,
  title={Integration k-means clustering method and elbow method for identification of the best customer profile cluster},
  author={Syakur, MA and Khotimah, BK and Rochman, EMS and Satoto, BD},
  booktitle={IOP Conference Series: Materials Science and Engineering},
  volume={336},
  pages={012017},
  year={2018},
  organization={IOP Publishing}
}
@article{jiang2004cluster,
  title={Cluster analysis for gene expression data: {A} survey},
  author={Jiang, Daxin and Tang, Chun and Zhang, Aidong},
  journal={IEEE Transactions on Knowledge and Data Engineering},
  volume={16},
  number={11},
  pages={1370--1386},
  year={2004},
  publisher={IEEE}
}

@article{likas2003global,
  title={The global k-means clustering algorithm},
  author={Likas, Aristidis and Vlassis, Nikos and Verbeek, Jakob J},
  journal={Pattern Recognition},
  volume={36},
  number={2},
  pages={451--461},
  year={2003},
  publisher={Elsevier}
}

@article{lee2021simulated,
  title={A simulated annealing algorithm with a dual perturbation method for clustering},
  author={Lee, Julian and Perkins, David},
  journal={Pattern Recognition},
  volume={112},
  pages={107713},
  year={2021},
  publisher={Elsevier}
}

@article{shi2000normalized,
  title={Normalized cuts and image segmentation},
  author={Shi, Jianbo and Malik, Jitendra},
  journal={IEEE Transactions on Pattern Analysis and Machine Intelligence},
  volume={22},
  number={8},
  pages={888--905},
  year={2000},
  publisher={IEEE}
}

@article{dhanachandra2015image,
  title={Image segmentation using K-means clustering algorithm and subtractive clustering algorithm},
  author={Dhanachandra, Nameirakpam and Manglem, Khumanthem and Chanu, Yambem Jina},
  journal={Procedia Computer Science},
  volume={54},
  pages={764--771},
  year={2015},
  publisher={Elsevier}
}

@misc{uci,
author = "Dua, Dheeru and Graff, Casey",
year = "2017",
title = "{UCI} Machine Learning Repository",
url = "http://archive.ics.uci.edu/ml",
institution = "University of California, Irvine, School of Information and Computer Sciences" 
}

@article{duong:2017,
  title={Constrained clustering by constraint programming},
  author={Duong, Khanh-Chuong and Vrain, Christel and others},
  journal={Artificial Intelligence},
  volume={244},
  pages={70--94},
  publisher={Elsevier}
}


@article{an2007new,
  title={A new efficient algorithm based on {DC} programming and {DCA} for clustering},
  author={An, Le Thi Hoai and Belghiti, M Tayeb and Tao, Pham Dinh},
  journal={Journal of Global Optimization},
  volume={37},
  number={4},
  pages={593--608},
  year={2007},
  publisher={Springer}
}
@article{papenberg2024k,
  title={K-Plus anticlustering: An improved k-means criterion for maximizing between-group similarity},
  author={Papenberg, Martin},
  journal={British Journal of Mathematical and Statistical Psychology},
  volume={77},
  number={1},
  pages={80--102},
  year={2024},
  publisher={Wiley Online Library}
}
@article{papenberg2021using,
  title={Using anticlustering to partition data sets into equivalent parts.},
  author={Papenberg, Martin and Klau, Gunnar W},
  journal={Psychological Methods},
  volume={26},
  number={2},
  pages={161},
  year={2021},
  publisher={American Psychological Association}
}

@article{brusco2020combining,
  title={Combining diversity and dispersion criteria for anticlustering: A bicriterion approach},
  author={Brusco, Michael J and Cradit, J Dennis and Steinley, Douglas},
  journal={British Journal of Mathematical and Statistical Psychology},
  volume={73},
  number={3},
  pages={375--396},
  year={2020},
  publisher={Wiley Online Library}
}
@article{spath1986anticlustering,
  title={Anticlustering: Maximizing the variance criterion},
  author={Sp{\"a}th, H},
  journal={Control and Cybernetics},
  volume={15},
  number={2},
  pages={213--218},
  year={1986}
}
@article{burgard2023mixed,
  title={Mixed-integer programming techniques for the minimum sum-of-squares clustering problem},
  author={Burgard, Jan Pablo and Moreira Costa, Carina and Hojny, Christopher and Kleinert, Thomas and Schmidt, Martin},
  journal={Journal of Global Optimization},
  pages={1--57},
  year={2023},
  publisher={Springer}
}
@article{johnson1993min,
  title={Min-cut clustering},
  author={Johnson, Ellis L and Mehrotra, Anuj and Nemhauser, George L},
  journal={Mathematical Programming},
  volume={62},
  number={1},
  pages={133--151},
  year={1993},
  publisher={Springer}
}
@article{LAI2016780,
title = {Iterated maxima search for the maximally diverse grouping problem},
journal = {European Journal of Operational Research},
volume = {254},
number = {3},
pages = {780-800},
year = {2016},
issn = {0377-2217},
author = {Xiangjing Lai and Jin-Kao Hao}
}

@article{schulz2023balanced,
  title={The balanced maximally diverse grouping problem with attribute values},
  author={Schulz, Arne},
  journal={Discrete Applied Mathematics},
  volume={335},
  pages={82--103},
  year={2023},
  publisher={Elsevier}
}
@article{schulz2023balanceda,
  title={The balanced maximally diverse grouping problem with integer attribute values},
  author={Schulz, Arne},
  journal={Journal of Combinatorial Optimization},
  volume={45},
  number={5},
  pages={135},
  year={2023},
  publisher={Springer}
}
@article{SCHULZ202142,
title = {The balanced maximally diverse grouping problem with block constraints},
journal = {European Journal of Operational Research},
volume = {294},
number = {1},
pages = {42-53},
year = {2021},
issn = {0377-2217},
author = {Arne Schulz}
}
@article{hansen1997cluster,
  title={Cluster analysis and mathematical programming},
  author={Hansen, Pierre and Jaumard, Brigitte},
  journal={Mathematical Programming},
  volume={79},
  number={1-3},
  pages={191--215},
  year={1997},
  publisher={Springer}
}

@article{sun2015convergent,
  title={A convergent 3-block semiproximal alternating direction method of multipliers for conic programming with 4-type constraints},
  author={Sun, Defeng and Toh, Kim-Chuan and Yang, Liuqin},
  journal={SIAM journal on Optimization},
  volume={25},
  number={2},
  pages={882--915},
  year={2015},
  publisher={SIAM}
}

@article{yang2015sdpnal,
  title={SDPNAL+: a majorized semismooth Newton-CG augmented Lagrangian method for semidefinite programming with nonnegative constraints},
  author={Yang, Liuqin and Sun, Defeng and Toh, Kim-Chuan},
  journal={Mathematical Programming Computation},
  volume={7},
  number={3},
  pages={331--366},
  year={2015},
  publisher={Springer}
}

@article{piccialli2022sos,
  title={{SOS-SDP}: an exact solver for minimum sum-of-squares clustering},
  author={Piccialli, Veronica and Sudoso, Antonio M and Wiegele, Angelika},
  journal={INFORMS Journal on Computing},
  volume={34},
  number={4},
  pages={2144--2162},
  year={2022},
  publisher={INFORMS}
}

@article{piccialli2022semi,
  title={An exact algorithm for semi-supervised minimum sum-of-squares clustering},
  author={Piccialli, Veronica and Russo, Anna Russo and Sudoso, Antonio M},
  journal={Computers \& Operations Research},
  volume={147},
  pages={105958},
  year={2022},
  publisher={Elsevier}
}



@manual{gurobi,
  title        = {Gurobi Optimizer Reference Manual, Version 10.0},
  author       = {Gurobi Optimization, LLC},
  year         = {2024},
  url          = {https://www.gurobi.com},
}

@article{SDPNAL,
author = {Defeng Sun, Kim-Chuan Toh, Yancheng Yuan and Xin-Yuan Zhao},
title = {SDPNAL+: A Matlab software for semidefinite programming with bound constraints (version 1.0)},
journal = {Optimization Methods and Software},
volume = {35},
number = {1},
pages = {87--115},
year = {2020},
publisher = {Taylor \& Francis}
}


@article{carrizosa2013variable,
  title={Variable neighborhood search for minimum sum-of-squares clustering on networks},
  author={Carrizosa, Emilio and Mladenovi{\'c}, Nenad and Todosijevi{\'c}, Raca},
  journal={European Journal of Operational Research},
  volume={230},
  number={2},
  pages={356--363},
  year={2013},
  publisher={Elsevier}
}

@article{bagirov2006new,
  title={A new nonsmooth optimization algorithm for minimum sum-of-squares clustering problems},
  author={Bagirov, Adil M and Yearwood, John},
  journal={European Journal of Operational Research},
  volume={170},
  number={2},
  pages={578--596},
  year={2006},
  publisher={Elsevier}
}

@article{sudoso2024column,
  title={A column generation algorithm with dynamic constraint aggregation for minimum sum-of-squares clustering},
  author={Sudoso, Antonio M and Aloise, Daniel},
  journal={arXiv preprint arXiv:2410.06187},
  year={2024}
}