@article{ALSULTAN19951443,
title = {A {T}abu search approach to the clustering problem},
journal = {Pattern Recognition},
volume = {28},
number = {9},
pages = {1443-1451},
year = {1995},
issn = {0031-3203},
author = {Khaled S. Al-Sultan}
}

@article{BAGIROV201612,
title = {Nonsmooth {DC} programming approach to the minimum sum-of-squares clustering problems},
journal = {Pattern Recognition},
volume = {53},
pages = {12-24},
year = {2016},
issn = {0031-3203},
author = {Adil M. Bagirov and Sona Taheri and Julien Ugon}
}

@article{HANSEN2001405,
title = {J-{M}eans: a new local search heuristic for minimum sum of squares clustering},
journal = {Pattern Recognition},
volume = {34},
number = {2},
pages = {405-413},
year = {2001},
issn = {0031-3203},
author = {Pierre Hansen and Nenad Mladenovi\`{c}}
}

@article{KARMITSA2017367,
title = {New diagonal bundle method for clustering problems in large data sets},
journal = {European Journal of Operational Research},
volume = {263},
number = {2},
pages = {367-379},
year = {2017},
issn = {0377-2217},
author = {Napsu Karmitsa and Adil M. Bagirov and Sona Taheri}
}

@article{KARMITSA2018245,
title = {Clustering in large data sets with the limited memory bundle method},
journal = {Pattern Recognition},
volume = {83},
pages = {245-259},
year = {2018},
issn = {0031-3203},
author = {Napsu Karmitsa and Adil M. Bagirov and Sona Taheri}
}

@article{MAULIK20001455,
title = {Genetic algorithm-based clustering technique},
journal = {Pattern Recognition},
volume = {33},
number = {9},
pages = {1455-1465},
year = {2000},
issn = {0031-3203},
author = {Ujjwal Maulik and Sanghamitra Bandyopadhyay}
}

@article{Orlov2018,
	year = 2018,
	month = {dec},
	publisher = {{IOP} Publishing},
	volume = {450},
	pages = {022035},
	author = {V I Orlov and L A Kazakovtsev and I P Rozhnov and N A Popov and V V Fedosov},
	title = {Variable neighborhood search algorithm for k-means clustering},
	journal = {{IOP} Conference Series: Materials Science and Engineering}
}

@article{SARKAR1997975,
title = {A clustering algorithm using an evolutionary programming-based approach},
journal = {Pattern Recognition Letters},
volume = {18},
number = {10},
pages = {975-986},
year = {1997},
author = {Napsu Karmitsa and Adil M. Bagirov and Sona Taheri},
issn = {0167-8655}
}

@article{aloise2009branch,
  title={A branch-and-cut {SDP}-based algorithm for minimum sum-of-squares clustering},
  author={Aloise, Daniel and Hansen, Pierre},
  journal={Pesquisa Operacional},
  volume={29},
  number={3},
  pages={503--516},
  year={2009},
  publisher={SciELO Brasil}
}

@article{aloise2011evaluating,
  title={Evaluating a branch-and-bound {RLT}-based algorithm for minimum sum-of-squares clustering},
  author={Aloise, Daniel and Hansen, Pierre},
  journal={Journal of Global Optimization},
  volume={49},
  number={3},
  pages={449--465},
  year={2011},
  publisher={Springer}
}

@article{aloise2012improved,
  title={An improved column generation algorithm for minimum sum-of-squares clustering},
  author={Aloise, Daniel and Hansen, Pierre and Liberti, Leo},
  journal={Mathematical Programming},
  volume={131},
  number={1},
  pages={195--220},
  year={2012},
  publisher={Springer}
}

@techreport{arthur2006k,
  title={k-means++: {T}he advantages of careful seeding},
  author={Arthur, David and Vassilvitskii, Sergei},
  year={2006},
  institution={Stanford}
}

@article{bagirov2006new,
  title={A new nonsmooth optimization algorithm for minimum sum-of-squares clustering problems},
  author={Bagirov, Adil M and Yearwood, John},
  journal={European Journal of Operational Research},
  volume={170},
  number={2},
  pages={578--596},
  year={2006},
  publisher={Elsevier}
}

@article{bouarab2017dynamic,
  title={Dynamic constraint and variable aggregation in column generation},
  author={Bouarab, Hocine and El Hallaoui, Issmail and Metrane, Abdelmoutalib and Soumis, Fran{\c{c}}ois},
  journal={European Journal of Operational Research},
  volume={262},
  number={3},
  pages={835--850},
  year={2017},
  publisher={Elsevier}
}

@article{brusco2006repetitive,
  title={A repetitive branch-and-bound procedure for minimum within-cluster sums of squares partitioning},
  author={Brusco, Michael J},
  journal={Psychometrika},
  volume={71},
  number={2},
  pages={347--363},
  year={2006},
  publisher={Springer}
}

@article{burgard2023mixed,
  title={Mixed-integer programming techniques for the minimum sum-of-squares clustering problem},
  author={Burgard, Jan Pablo and Moreira Costa, Carina and Hojny, Christopher and Kleinert, Thomas and Schmidt, Martin},
  journal={Journal of Global Optimization},
  pages={1--57},
  year={2023},
  publisher={Springer}
}

@article{carrizosa2013variable,
  title={Variable neighborhood search for minimum sum-of-squares clustering on networks},
  author={Carrizosa, Emilio and Mladenovi{\'c}, Nenad and Todosijevi{\'c}, Raca},
  journal={European Journal of Operational Research},
  volume={230},
  number={2},
  pages={356--363},
  year={2013},
  publisher={Elsevier}
}

@article{diehr1985evaluation,
  title={Evaluation of a branch and bound algorithm for clustering},
  author={Diehr, George},
  journal={SIAM Journal on Scientific and Statistical Computing},
  volume={6},
  number={2},
  pages={268--284},
  year={1985},
  publisher={SIAM}
}

@article{du1999interior,
  title={An interior point algorithm for minimum sum-of-squares clustering},
  author={Du Merle, Olivier and Hansen, Pierre and Jaumard, Brigitte and Mladenovic, Nenad},
  journal={SIAM Journal on Scientific Computing},
  volume={21},
  number={4},
  pages={1485--1505},
  year={1999},
  publisher={SIAM}
}

@article{franti2019much,
  title={How much can k-means be improved by using better initialization and repeats?},
  author={Fr{\"a}nti, Pasi and Sieranoja, Sami},
  journal={Pattern Recognition},
  volume={93},
  pages={95--112},
  year={2019},
  publisher={Elsevier}
}

@article{gribel2019hg,
  title={HG-means: A scalable hybrid genetic algorithm for minimum sum-of-squares clustering},
  author={Gribel, Daniel and Vidal, Thibaut},
  journal={Pattern Recognition},
  volume={88},
  pages={569--583},
  year={2019},
  publisher={Elsevier}
}

@article{improvedkmeans2018,
title = {Two improved k-means algorithms},
journal = {Applied Soft Computing},
volume = {68},
pages = {747-755},
year = {2018},
issn = {1568-4946},
author = {Shyr-Shen Yu and Shao-Wei Chu and Chuin-Mu Wang and Yung-Kuan Chan and Ting-Cheng Chang}
}

@article{koontz1975branch,
  title={A branch and bound clustering algorithm},
  author={Koontz, Warren L. G. and Narendra, Patrenahalli M. and Fukunaga, Keinosuke},
  journal={IEEE Transactions on Computers},
  volume={100},
  number={9},
  pages={908--915},
  year={1975},
  publisher={IEEE}
}

@article{lee2021simulated,
  title={A simulated annealing algorithm with a dual perturbation method for clustering},
  author={Lee, Julian and Perkins, David},
  journal={Pattern Recognition},
  volume={112},
  pages={107713},
  year={2021},
  publisher={Elsevier}
}

@article{liberti2022side,
  title={Side-constrained minimum sum-of-squares clustering: mathematical programming and random projections},
  author={Liberti, Leo and Manca, Benedetto},
  journal={Journal of Global Optimization},
  volume={83},
  number={1},
  pages={83--118},
  year={2022},
  publisher={Springer}
}

@article{likas2003global,
  title={The global k-means clustering algorithm},
  author={Likas, Aristidis and Vlassis, Nikos and Verbeek, Jakob J},
  journal={Pattern Recognition},
  volume={36},
  number={2},
  pages={451--461},
  year={2003},
  publisher={Elsevier}
}

@article{lloyd1982least,
  title={Least squares quantization in {PCM}},
  author={Lloyd, Stuart},
  journal={IEEE Transactions on Information Theory},
  volume={28},
  number={2},
  pages={129--137},
  year={1982},
  publisher={IEEE}
}

@inproceedings{macqueen1967some,
    AUTHOR = {MacQueen, J.},
     TITLE = {Some methods for classification and analysis of multivariate
              observations},
 BOOKTITLE = {Proc. {F}ifth {B}erkeley {S}ympos. {M}ath. {S}tatist. and
              {P}robability ({B}erkeley, {C}alif., 1965/66)},
     PAGES = {Vol. I: Statistics, pp. 281--297},
 PUBLISHER = {Univ. California Press, Berkeley, Calif.},
      YEAR = {1967},
}

@incollection{peng2005new,
  title={A new theoretical framework for k-means-type clustering},
  author={Peng, Jiming and Xia, Yu},
  booktitle={Foundations and Advances in Data Mining},
  pages={79--96},
  year={2005},
  publisher={Springer}
}

@article{peng2007approximating,
  title={Approximating k-means-type clustering via semidefinite programming},
  author={Peng, Jiming and Wei, Yu},
  journal={SIAM Journal on Optimization},
  volume={18},
  number={1},
  pages={186--205},
  year={2007},
  publisher={SIAM}
}

@article{piccialli2022semi,
  title={An exact algorithm for semi-supervised minimum sum-of-squares clustering},
  author={Piccialli, Veronica and Russo, Anna Russo and Sudoso, Antonio M},
  journal={Computers \& Operations Research},
  volume={147},
  pages={105958},
  year={2022},
  publisher={Elsevier}
}

@article{piccialli2022sos,
  title={{SOS-SDP}: an exact solver for minimum sum-of-squares clustering},
  author={Piccialli, Veronica and Sudoso, Antonio M and Wiegele, Angelika},
  journal={INFORMS Journal on Computing},
  volume={34},
  number={4},
  pages={2144--2162},
  year={2022},
  publisher={INFORMS}
}

@article{piccialli2023global,
  title={Global optimization for cardinality-constrained minimum sum-of-squares clustering via semidefinite programming},
  author={Piccialli, Veronica and Sudoso, Antonio M},
  journal={Mathematical Programming},
  pages={1--35},
  year={2023},
  publisher={Springer}
}

@article{sherali2005global,
  title={A global optimization {RLT}-based approach for solving the hard clustering problem},
  author={Sherali, Hanif D and Desai, Jitamitra},
  journal={Journal of Global Optimization},
  volume={32},
  number={2},
  pages={281--306},
  year={2005},
  publisher={Springer}
}

@article{sudoso2024column,
  title={A column generation algorithm with dynamic constraint aggregation for minimum sum-of-squares clustering},
  author={Sudoso, Antonio M and Aloise, Daniel},
  journal={arXiv preprint arXiv:2410.06187},
  year={2024}
}

@article{tao2014new,
  title={New and efficient {DCA} based algorithms for minimum sum-of-squares clustering},
  author={Tao, Pham Dinh and others},
  journal={Pattern Recognition},
  volume={47},
  number={1},
  pages={388--401},
  year={2014},
  publisher={Elsevier}
}

