@inproceedings{chen2022knowledge,
  title={Knowledge transfer from situation evaluation to multi-agent reinforcement learning},
  author={Chen, Min and Pu, Zhiqiang and Pan, Yi and Yi, Jianqiang},
  booktitle={International Conference on Neural Information Processing},
  pages={3--14},
  year={2022},
  organization={Springer}
}

@article{chen2024vision,
  title={Vision-language models provide promptable representations for reinforcement learning},
  author={Chen, William and Mees, Oier and Kumar, Aviral and Levine, Sergey},
  journal={arXiv preprint arXiv:2402.02651},
  year={2024}
}

@inproceedings{csimcsek2006intrinsic,
  title={An intrinsic reward mechanism for efficient exploration},
  author={Simsek, Ozgur and Barto, Andrew G},
  booktitle={Proceedings of the 23rd international conference on Machine learning},
  pages={833--840},
  year={2006}
}

@inproceedings{cui2022can,
  title={Can foundation models perform zero-shot task specification for robot manipulation?},
  author={Cui, Yuchen and Niekum, Scott and Gupta, Abhinav and Kumar, Vikash and Rajeswaran, Aravind},
  booktitle={Learning for dynamics and control conference},
  pages={893--905},
  year={2022},
  organization={PMLR}
}

@article{dang2023clip,
  title={CLIP-Motion: Learning reward functions for robotic actions using consecutive observations},
  author={Dang, Xuzhe and Edelkamp, Stefan and Ribault, Nicolas},
  journal={arXiv preprint arXiv:2311.03485},
  year={2023}
}

@inproceedings{devlin2012dynamic,
  title={Dynamic potential-based reward shaping},
  author={Devlin, Sam Michael and Kudenko, Daniel},
  booktitle={11th International Conference on Autonomous Agents and Multiagent Systems (AAMAS 2012)},
  pages={433--440},
  year={2012},
  organization={IFAAMAS}
}

@article{fu2024furl,
  title={FuRL: Visual-Language Models as Fuzzy Rewards for Reinforcement Learning},
  author={Fu, Yuwei and Zhang, Haichao and Wu, Di and Xu, Wei and Boulet, Benoit},
  journal={arXiv preprint arXiv:2406.00645},
  year={2024}
}

@inproceedings{grzes2017reward,
  title={Reward shaping in episodic reinforcement learning},
  author={Grzes, Marek},
  booktitle={Sixteenth International Conference on Autonomous Agents and Multiagent Systems},
  pages={565â€“-573},
  year={2017},
  organization={ACM}
}

@inproceedings{ju2022prompting,
  title={Prompting visual-language models for efficient video understanding},
  author={Ju, Chen and Han, Tengda and Zheng, Kunhao and Zhang, Ya and Xie, Weidi},
  booktitle={European Conference on Computer Vision},
  pages={105--124},
  year={2022},
  organization={Springer}
}

@article{ma2022elign,
  title={Elign: Expectation alignment as a multi-agent intrinsic reward},
  author={Ma, Zixian and Wang, Rose and Li, Fei-Fei and Bernstein, Michael and Krishna, Ranjay},
  journal={Advances in Neural Information Processing Systems},
  volume={35},
  pages={8304--8317},
  year={2022}
}

@inproceedings{mahmoudieh2022zero,
  title={Zero-shot reward specification via grounded natural language},
  author={Mahmoudieh, Parsa and Pathak, Deepak and Darrell, Trevor},
  booktitle={International Conference on Machine Learning},
  pages={14743--14752},
  year={2022},
  organization={PMLR}
}

@article{mguni2021ligs,
  title={Ligs: Learnable intrinsic-reward generation selection for multi-agent learning},
  author={Mguni, David Henry and Jafferjee, Taher and Wang, Jianhong and Slumbers, Oliver and Perez-Nieves, Nicolas and Tong, Feifei and Yang, Li and Zhu, Jiangcheng and Yang, Yaodong and Wang, Jun},
  journal={arXiv preprint arXiv:2112.02618},
  year={2021}
}

@inproceedings{ng1999policy,
  title={Policy invariance under reward transformations: Theory and application to reward shaping},
  author={Ng, Andrew Y and Harada, Daishi and Russell, Stuart},
  booktitle={Icml},
  volume={99},
  pages={278--287},
  year={1999}
}

@article{rocamonde2023vision,
  title={Vision-language models are zero-shot reward models for reinforcement learning},
  author={Rocamonde, Juan and Montesinos, Victoriano and Nava, Elvis and Perez, Ethan and Lindner, David},
  journal={arXiv preprint arXiv:2310.12921},
  year={2023}
}

@article{samvelyan2019starcraft,
  title={The starcraft multi-agent challenge},
  author={Samvelyan, Mikayel and Rashid, Tabish and De Witt, Christian Schroeder and Farquhar, Gregory and Nardelli, Nantas and Rudner, Tim GJ and Hung, Chia-Man and Torr, Philip HS and Foerster, Jakob and Whiteson, Shimon},
  journal={arXiv preprint arXiv:1902.04043},
  year={2019}
}

@article{sontakke2024roboclip,
  title={Roboclip: One demonstration is enough to learn robot policies},
  author={Sontakke, Sumedh and Zhang, Jesse and Arnold, S{\'e}b and Pertsch, Karl and B{\i}y{\i}k, Erdem and Sadigh, Dorsa and Finn, Chelsea and Itti, Laurent},
  journal={Advances in Neural Information Processing Systems},
  volume={36},
  year={2024}
}

@article{sumers2023distilling,
  title={Distilling internet-scale vision-language models into embodied agents},
  author={Sumers, Theodore and Marino, Kenneth and Ahuja, Arun and Fergus, Rob and Dasgupta, Ishita},
  journal={arXiv preprint arXiv:2301.12507},
  year={2023}
}

@article{wang2021simvlm,
  title={Simvlm: Simple visual language model pretraining with weak supervision},
  author={Wang, Zirui and Yu, Jiahui and Yu, Adams Wei and Dai, Zihang and Tsvetkov, Yulia and Cao, Yuan},
  journal={arXiv preprint arXiv:2108.10904},
  year={2021}
}

@article{wang2024rl,
  title={Rl-vlm-f: Reinforcement learning from vision language foundation model feedback},
  author={Wang, Yufei and Sun, Zhanyi and Zhang, Jesse and Xian, Zhou and Biyik, Erdem and Held, David and Erickson, Zackory},
  journal={arXiv preprint arXiv:2402.03681},
  year={2024}
}

@article{wei2022emergent,
  title={Emergent abilities of large language models},
  author={Wei, Jason and Tay, Yi and Bommasani, Rishi and Raffel, Colin and Zoph, Barret and Borgeaud, Sebastian and Yogatama, Dani and Bosma, Maarten and Zhou, Denny and Metzler, Donald and others},
  journal={arXiv preprint arXiv:2206.07682},
  year={2022}
}

@article{zhang2023multiexperience,
  title={Multiexperience-Assisted Efficient Multiagent Reinforcement Learning},
  author={Zhang, Tianle and Liu, Zhen and Yi, Jianqiang and Wu, Shiguang and Pu, Zhiqiang and Zhao, Yanjie},
  journal={IEEE Transactions on Neural Networks and Learning Systems},
  year={2023},
  publisher={IEEE}
}

