@inproceedings{langley00,
 author    = {P. Langley},
 title     = {Crafting Papers on Machine Learning},
 year      = {2000},
 pages     = {1207--1216},
 editor    = {Pat Langley},
 booktitle     = {Proceedings of the 17th International Conference
              on Machine Learning (ICML 2000)},
 address   = {Stanford, CA},
 publisher = {Morgan Kaufmann}
}

@TechReport{mitchell80,
  author = 	 "T. M. Mitchell",
  title = 	 "The Need for Biases in Learning Generalizations",
  institution =  "Computer Science Department, Rutgers University",
  year = 	 "1980",
  address =	 "New Brunswick, MA",
}

@phdthesis{kearns89,
  author = {M. J. Kearns},
  title =  {Computational Complexity of Machine Learning},
  school = {Department of Computer Science, Harvard University},
  year =   {1989}
}

@Book{MachineLearningI,
  editor = 	 "R. S. Michalski and J. G. Carbonell and T.
		  M. Mitchell",
  title = 	 "Machine Learning: An Artificial Intelligence
		  Approach, Vol. I",
  publisher = 	 "Tioga",
  year = 	 "1983",
  address =	 "Palo Alto, CA"
}

@Book{DudaHart2nd,
  author =       "R. O. Duda and P. E. Hart and D. G. Stork",
  title =        "Pattern Classification",
  publisher =    "John Wiley and Sons",
  edition =      "2nd",
  year =         "2000"
}

@misc{anonymous,
  title= {Suppressed for Anonymity},
  author= {Author, N. N.},
  year= {2021}
}

@InCollection{Newell81,
  author =       "A. Newell and P. S. Rosenbloom",
  title =        "Mechanisms of Skill Acquisition and the Law of
                  Practice", 
  booktitle =    "Cognitive Skills and Their Acquisition",
  pages =        "1--51",
  publisher =    "Lawrence Erlbaum Associates, Inc.",
  year =         "1981",
  editor =       "J. R. Anderson",
  chapter =      "1",
  address =      "Hillsdale, NJ"
}


@Article{Samuel59,
  author = 	 "A. L. Samuel",
  title = 	 "Some Studies in Machine Learning Using the Game of
		  Checkers",
  journal =	 "IBM Journal of Research and Development",
  year =	 "1959",
  volume =	 "3",
  number =	 "3",
  pages =	 "211--229"
}

%%%%%%%%%%%%%%%%%%%%%%%%%%%%%%%%%%%%%%%%%%%%%%%%%%%%%%%%%%%%%%%

@inproceedings{
tangaccelerating,
title={Accelerating {S}inkhorn algorithm with sparse Newton iterations},
author={Xun Tang and Michael Shavlovsky and Holakou Rahmanian and Elisa Tardini and Kiran Koshy Thekumparampil and Tesi Xiao and Lexing Ying},
booktitle={The Twelfth International Conference on Learning Representations},
year={2024},
url={https://openreview.net/forum?id=Kuj5gVp5GQ}
}

@article{chu2023efficient,
  title={An efficient implementable inexact entropic proximal point algorithm for a class of linear programming problems},
  author={Chu, Hong TM and Liang, Ling and Toh, Kim-Chuan and Yang, Lei},
  journal={Computational Optimization and Applications},
  volume={85},
  number={1},
  pages={107--146},
  year={2023},
  publisher={Springer}
}

@article{cuturi2013sinkhorn,
  title={Sinkhorn distances: Lightspeed computation of optimal transport},
  author={Cuturi, Marco},
  journal={Advances in neural information processing systems},
  volume={26},
  year={2013}
}

@inproceedings{xie2020fast,
  title={A fast proximal point method for computing exact {W}asserstein distance},
  author={Xie, Yujia and Wang, Xiangfeng and Wang, Ruijia and Zha, Hongyuan},
  booktitle={Uncertainty in artificial intelligence},
  pages={433--453},
  year={2020},
  organization={PMLR}
}

@inproceedings{weed2018explicit,
  title={An explicit analysis of the entropic penalty in linear programming},
  author={Weed, Jonathan},
  booktitle={Conference On Learning Theory},
  pages={1841--1855},
  year={2018},
  organization={PMLR}
}

@article{pinsker1964information,
  title={Information and information stability of random variables and processes},
  author={Pinsker, Mark S},
  journal={Holden-Day},
  year={1964}
}

@article{ghosal2022convergence,
  title={On the convergence rate of {S}inkhorn's algorithm},
  author={Ghosal, Promit and Nutz, Marcel},
  journal={arXiv preprint arXiv:2212.06000},
  year={2022}
}

@inproceedings{bonneel2011displacement,
  title={Displacement interpolation using {L}agrangian mass transport},
  author={Bonneel, Nicolas and Van De Panne, Michiel and Paris, Sylvain and Heidrich, Wolfgang},
  booktitle={Proceedings of the 2011 SIGGRAPH Asia conference},
  pages={1--12},
  year={2011}
}

@article{mezard1987solution,
  title={On the solution of the random link matching problems},
  author={M{\'e}zard, Marc and Parisi, Giorgio},
  journal={Journal de Physique},
  volume={48},
  number={9},
  pages={1451--1459},
  year={1987},
  publisher={Soci{\'e}t{\'e} fran{\c{c}}aise de physique}
}

@book{steele1997probability,
  title={Probability theory and combinatorial optimization},
  author={Steele, J Michael},
  year={1997},
  publisher={SIAM}
}

@article{aldous2001zeta,
  title={The $\zeta$ (2) limit in the random assignment problem},
  author={Aldous, David J},
  journal={Random Structures \& Algorithms},
  volume={18},
  number={4},
  pages={381--418},
  year={2001},
  publisher={Wiley Online Library}
}

@article{peyre2019computational,
  title={Computational optimal transport: With applications to data science},
  author={Peyr{\'e}, Gabriel and Cuturi, Marco and others},
  journal={Foundations and Trends{\textregistered} in Machine Learning},
  volume={11},
  number={5-6},
  pages={355--607},
  year={2019},
  publisher={Now Publishers, Inc.}
}

@book{galichon2018optimal,
  title={Optimal transport methods in economics},
  author={Galichon, Alfred},
  year={2018},
  publisher={Princeton University Press}
}

@article{de2015power,
  title={Power particles: an incompressible fluid solver based on power diagrams.},
  author={De Goes, Fernando and Wallez, Corentin and Huang, Jin and Pavlov, Dmitry and Desbrun, Mathieu},
  journal={ACM Trans. Graph.},
  volume={34},
  pages={50--1},
  year={2015}
}

@book{villani2009optimal,
  title={Optimal transport: old and new},
  author={Villani, C{\'e}dric and others},
  volume={338},
  year={2009},
  publisher={Springer}
}

@article{sandler2011nonnegative,
  title={Nonnegative matrix factorization with earth mover's distance metric for image analysis},
  author={Sandler, Roman and Lindenbaum, Michael},
  journal={IEEE Transactions on Pattern Analysis and Machine Intelligence},
  volume={33},
  number={8},
  pages={1590--1602},
  year={2011},
  publisher={IEEE}
}

@article{jitkrittum2016interpretable,
  title={Interpretable distribution features with maximum testing power},
  author={Jitkrittum, Wittawat and Szab{\'o}, Zolt{\'a}n and Chwialkowski, Kacper P and Gretton, Arthur},
  journal={Advances in Neural Information Processing Systems},
  volume={29},
  year={2016}
}

@inproceedings{arjovsky2017wasserstein,
  title={Wasserstein generative adversarial networks},
  author={Arjovsky, Martin and Chintala, Soumith and Bottou, L{\'e}on},
  booktitle={International conference on machine learning},
  pages={214--223},
  year={2017},
  organization={PMLR}
}

@inproceedings{wang2021deep,
  title={Deep generative learning via {S}chr{\"o}dinger bridge},
  author={Wang, Gefei and Jiao, Yuling and Xu, Qian and Wang, Yang and Yang, Can},
  booktitle={International conference on machine learning},
  pages={10794--10804},
  year={2021},
  organization={PMLR}
}

@inproceedings{gao2019deep,
  title={Deep generative learning via variational gradient flow},
  author={Gao, Yuan and Jiao, Yuling and Wang, Yang and Wang, Yao and Yang, Can and Zhang, Shunkang},
  booktitle={International Conference on Machine Learning},
  pages={2093--2101},
  year={2019},
  organization={PMLR}
}

@inproceedings{salimans2018improving,
  title={Improving {GAN}s Using Optimal Transport},
  author={Salimans, Tim and Zhang, Han and Radford, Alec and Metaxas, Dimitris},
  booktitle={International Conference on Learning Representations},
  year={2018}
}

@inproceedings{genevay2018learning,
  title={Learning generative models with {S}inkhorn divergences},
  author={Genevay, Aude and Peyr{\'e}, Gabriel and Cuturi, Marco},
  booktitle={International Conference on Artificial Intelligence and Statistics},
  pages={1608--1617},
  year={2018},
  organization={PMLR}
}

@inproceedings{chen2020graph,
  title={Graph optimal transport for cross-domain alignment},
  author={Chen, Liqun and Gan, Zhe and Cheng, Yu and Li, Linjie and Carin, Lawrence and Liu, Jingjing},
  booktitle={International Conference on Machine Learning},
  pages={1542--1553},
  year={2020},
  organization={PMLR}
}

@inproceedings{fatras2021unbalanced,
  title={Unbalanced minibatch optimal transport; applications to domain adaptation},
  author={Fatras, Kilian and S{\'e}journ{\'e}, Thibault and Flamary, R{\'e}mi and Courty, Nicolas},
  booktitle={International Conference on Machine Learning},
  pages={3186--3197},
  year={2021},
  organization={PMLR}
}

@article{leonard2013survey,
  title={A survey of the {S}chr{\"o}dinger problem and some of its connections with optimal transport},
  author={L{\'e}onard, Christian},
  journal={Discrete and Continuous Dynamical Systems},
  volume={34},
  number={4},
  pages={1533--1574},
  year={2013},
  publisher={Discrete and Continuous Dynamical Systems}
}

@book{burkard2012assignment,
  title={Assignment problems: revised reprint},
  author={Burkard, Rainer and Dell'Amico, Mauro and Martello, Silvano},
  year={2012},
  publisher={SIAM}
}

@book{nesterov1994interior,
  title={Interior-point polynomial algorithms in convex programming},
  author={Nesterov, Yurii and Nemirovskii, Arkadii},
  year={1994},
  publisher={SIAM}
}

@article{fletcher1964function,
  title={Function minimization by conjugate gradients},
  author={Fletcher, Reeves and Reeves, Colin M},
  journal={The computer journal},
  volume={7},
  number={2},
  pages={149--154},
  year={1964},
  publisher={Oxford University Press}
}

@book{nocedal1999numerical,
  title={Numerical optimization},
  author={Nocedal, Jorge and Wright, Stephen J},
  year={1999},
  publisher={Springer}
}

@inproceedings{chen2023exponential,
  title={Exponential convergence of {S}inkhorn under regularization scheduling},
  author={Chen, Jingbang and Chen, Li and Liu, Yang P and Peng, Richard and Ramaswami, Arvind},
  booktitle={SIAM Conference on Applied and Computational Discrete Algorithms (ACDA23)},
  pages={180--188},
  year={2023},
  organization={SIAM}
}

@article{genevay2016stochastic,
  title={Stochastic optimization for large-scale optimal transport},
  author={Genevay, Aude and Cuturi, Marco and Peyr{\'e}, Gabriel and Bach, Francis},
  journal={Advances in neural information processing systems},
  volume={29},
  year={2016}
}

@article{altschuler2017near,
  title={Near-linear time approximation algorithms for optimal transport via {S}inkhorn iteration},
  author={Altschuler, Jason and Niles-Weed, Jonathan and Rigollet, Philippe},
  journal={Advances in neural information processing systems},
  volume={30},
  year={2017}
}

@inproceedings{scetbon2021low,
  title={Low-rank sinkhorn factorization},
  author={Scetbon, Meyer and Cuturi, Marco and Peyr{\'e}, Gabriel},
  booktitle={International Conference on Machine Learning},
  pages={9344--9354},
  year={2021},
  organization={PMLR}
}

@article{solomon2015convolutional,
  title={Convolutional {W}asserstein distances: Efficient optimal transportation on geometric domains},
  author={Solomon, Justin and De Goes, Fernando and Peyr{\'e}, Gabriel and Cuturi, Marco and Butscher, Adrian and Nguyen, Andy and Du, Tao and Guibas, Leonidas},
  journal={ACM Transactions on Graphics (ToG)},
  volume={34},
  number={4},
  pages={1--11},
  year={2015},
  publisher={ACM New York, NY, USA}
}

@article{bonneel2016wasserstein,
  title={Wasserstein barycentric coordinates: histogram regression using optimal transport.},
  author={Bonneel, Nicolas and Peyr{\'e}, Gabriel and Cuturi, Marco},
  journal={ACM Trans. Graph.},
  volume={35},
  number={4},
  pages={71--1},
  year={2016}
}

@article{altschuler2019massively,
  title={Massively scalable {S}inkhorn distances via the {N}ystr{\"o}m method},
  author={Altschuler, Jason and Bach, Francis and Rudi, Alessandro and Niles-Weed, Jonathan},
  journal={Advances in neural information processing systems},
  volume={32},
  year={2019}
}

@article{scetbon2020linear,
  title={Linear time {S}inkhorn divergences using positive features},
  author={Scetbon, Meyer and Cuturi, Marco},
  journal={Advances in neural information processing systems},
  volume={33},
  pages={13468--13480},
  year={2020}
}

@inproceedings{huguet2023geodesic,
  title={Geodesic {S}inkhorn for fast and accurate optimal transport on manifolds},
  author={Huguet, Guillaume and Tong, Alexander and Zapatero, Mar{\'\i}a Ramos and Tape, Christopher J and Wolf, Guy and Krishnaswamy, Smita},
  booktitle={2023 IEEE 33rd International Workshop on Machine Learning for Signal Processing (MLSP)},
  pages={1--6},
  year={2023},
  organization={IEEE}
}

@article{de2021diffusion,
  title={Diffusion {S}chr{\"o}dinger bridge with applications to score-based generative modeling},
  author={De Bortoli, Valentin and Thornton, James and Heng, Jeremy and Doucet, Arnaud},
  journal={Advances in Neural Information Processing Systems},
  volume={34},
  pages={17695--17709},
  year={2021}
}

@article{shi2024diffusion,
  title={Diffusion {S}chr{\"o}dinger bridge matching},
  author={Shi, Yuyang and De Bortoli, Valentin and Campbell, Andrew and Doucet, Arnaud},
  journal={Advances in Neural Information Processing Systems},
  volume={36},
  year={2024}
}

@article{wang2023large,
  title={Large-scale multi-modal pre-trained models: A comprehensive survey},
  author={Wang, Xiao and Chen, Guangyao and Qian, Guangwu and Gao, Pengcheng and Wei, Xiao-Yong and Wang, Yaowei and Tian, Yonghong and Gao, Wen},
  journal={Machine Intelligence Research},
  volume={20},
  number={4},
  pages={447--482},
  year={2023},
  publisher={Springer}
}

@article{wang2024recent,
  title={Recent advances on machine learning for computational fluid dynamics: A survey},
  author={Wang, Haixin and Cao, Yadi and Huang, Zijie and Liu, Yuxuan and Hu, Peiyan and Luo, Xiao and Song, Zezheng and Zhao, Wanjia and Liu, Jilin and Sun, Jinan and others},
  journal={arXiv preprint arXiv:2408.12171},
  year={2024}
}

@article{chang2022unified,
  title={Unified optimal transport framework for universal domain adaptation},
  author={Chang, Wanxing and Shi, Ye and Tuan, Hoang and Wang, Jingya},
  journal={Advances in Neural Information Processing Systems},
  volume={35},
  pages={29512--29524},
  year={2022}
}

@inproceedings{bellemare2017distributional,
  title={A distributional perspective on reinforcement learning},
  author={Bellemare, Marc G and Dabney, Will and Munos, R{\'e}mi},
  booktitle={International conference on machine learning},
  pages={449--458},
  year={2017},
  organization={PMLR}
}

@inproceedings{dabney2018distributional,
  title={Distributional reinforcement learning with quantile regression},
  author={Dabney, Will and Rowland, Mark and Bellemare, Marc and Munos, R{\'e}mi},
  booktitle={Proceedings of the AAAI conference on artificial intelligence},
  volume={32},
  year={2018}
}

@inproceedings{kulinski2023towards,
  title={Towards explaining distribution shifts},
  author={Kulinski, Sean and Inouye, David I},
  booktitle={International Conference on Machine Learning},
  pages={17931--17952},
  year={2023},
  organization={PMLR}
}

@article{luo2023optimal,
  title={Optimal transport for offline imitation learning},
  author={Luo, Yicheng and Jiang, Zhengyao and Cohen, Samuel and Grefenstette, Edward and Deisenroth, Marc Peter},
  journal={arXiv preprint arXiv:2303.13971},
  year={2023}
}

@inproceedings{wu2024neural,
  title={Neural Network Approximation for Pessimistic Offline Reinforcement Learning},
  author={Wu, Di and Jiao, Yuling and Shen, Li and Yang, Haizhao and Lu, Xiliang},
  booktitle={Proceedings of the AAAI Conference on Artificial Intelligence},
  volume={38},
  pages={15868--15877},
  year={2024}
}

@article{censor1992proximal,
  title={Proximal minimization algorithm with {D}-functions},
  author={Censor, Yair and Zenios, Stavros Andrea},
  journal={Journal of Optimization Theory and Applications},
  volume={73},
  number={3},
  pages={451--464},
  year={1992},
  publisher={Springer}
}

@article{chen1993convergence,
  title={Convergence analysis of a proximal-like minimization algorithm using {B}regman functions},
  author={Chen, Gong and Teboulle, Marc},
  journal={SIAM Journal on Optimization},
  volume={3},
  number={3},
  pages={538--543},
  year={1993},
  publisher={SIAM}
}

@article{eckstein1993nonlinear,
  title={Nonlinear proximal point algorithms using {B}regman functions, with applications to convex programming},
  author={Eckstein, Jonathan},
  journal={Mathematics of Operations Research},
  volume={18},
  number={1},
  pages={202--226},
  year={1993},
  publisher={INFORMS}
}

@article{eckstein1998approximate,
  title={Approximate iterations in {B}regman-function-based proximal algorithms},
  author={Eckstein, Jonathan},
  journal={Mathematical programming},
  volume={83},
  pages={113--123},
  year={1998},
  publisher={Springer}
}

@article{benamou2015iterative,
  title={Iterative {B}regman projections for regularized transportation problems},
  author={Benamou, Jean-David and Carlier, Guillaume and Cuturi, Marco and Nenna, Luca and Peyr{\'e}, Gabriel},
  journal={SIAM Journal on Scientific Computing},
  volume={37},
  number={2},
  pages={A1111--A1138},
  year={2015},
  publisher={SIAM}
}

@inproceedings{
tang2024safe,
title={Safe and Sparse {N}ewton Method for Entropic-Regularized Optimal Transport},
author={Zihao Tang and Yixuan Qiu},
booktitle={The Thirty-eighth Annual Conference on Neural Information Processing Systems},
year={2024},
url={https://openreview.net/forum?id=Nmmiyjw7Xg}
}

@article{montesuma2024recent,
  title={Recent advances in optimal transport for machine learning},
  author={Montesuma, Eduardo Fernandes and Mboula, Fred Maurice Ngol{\`e} and Souloumiac, Antoine},
  journal={IEEE Transactions on Pattern Analysis and Machine Intelligence},
  year={2024},
  publisher={IEEE}
}

@article{torres2021survey,
  title={A survey on optimal transport for machine learning: Theory and applications},
  author={Torres, Luis Caicedo and Pereira, Luiz Manella and Amini, M Hadi},
  journal={arXiv preprint arXiv:2106.01963},
  year={2021}
}

@article{tang2024sinkhorn,
  title={A {S}inkhorn-type Algorithm for Constrained Optimal Transport},
  author={Tang, Xun and Rahmanian, Holakou and Shavlovsky, Michael and Thekumparampil, Kiran Koshy and Xiao, Tesi and Ying, Lexing},
  journal={arXiv preprint arXiv:2403.05054},
  year={2024}
}

@book{polyak1987introduction,
  title={Introduction to optimization},
  author={Polyak, Boris T},
  year={1987},
  publisher={Optimization Software, Publications Division}
}

@article{schmitzer2019stabilized,
  title={Stabilized sparse scaling algorithms for entropy regularized transport problems},
  author={Schmitzer, Bernhard},
  journal={SIAM Journal on Scientific Computing},
  volume={41},
  number={3},
  pages={A1443--A1481},
  year={2019},
  publisher={SIAM}
}

@article{lin2022efficiency,
  title={On the efficiency of entropic regularized algorithms for optimal transport},
  author={Lin, Tianyi and Ho, Nhat and Jordan, Michael I},
  journal={Journal of Machine Learning Research},
  volume={23},
  number={137},
  pages={1--42},
  year={2022}
}

@article{liang2024accelerating,
  title={Accelerating Multi-Block Constrained Optimization Through Learning to Optimize},
  author={Liang, Ling and Austin, Cameron and Yang, Haizhao},
  journal={arXiv preprint arXiv:2409.17320},
  year={2024}
}

@article{yang2024corrected,
  title={A Corrected Inexact Proximal Augmented {L}agrangian Method with a Relative Error Criterion for a Class of Group-Quadratic Regularized Optimal Transport Problems},
  author={Yang, Lei and Liang, Ling and Chu, Hong TM and Toh, Kim-Chuan},
  journal={Journal of Scientific Computing},
  volume={99},
  number={3},
  pages={79},
  year={2024},
  publisher={Springer}
}

@article{hou2024sparse,
  title={A sparse smoothing {N}ewton method for solving discrete optimal transport problems},
  author={Hou, Di and Liang, Ling and Toh, Kim-Chuan},
  journal={ACM Transactions on Mathematical Software},
  volume={50},
  number={3},
  pages={1--26},
  year={2024},
  publisher={ACM New York, NY}
}

@article{zhu2024ripalm,
  title={rip{ALM}: A Relative-Type Inexact Proximal Augmented {L}agrangian Method with Applications to Quadratically Regularized Optimal Transport},
  author={Zhu, Jiayi and Liang, Ling and Yang, Lei and Toh, Kim-Chuan},
  journal={arXiv preprint arXiv:2411.13267},
  year={2024}
}

@article{birkhoff1946three,
  title={Three observations on linear algebra},
  author={Birkhoff, Garrett},
  journal={Univ. Nac. Tacuman, Rev. Ser. A},
  volume={5},
  pages={147--151},
  year={1946}
}

@article{dieci2019boundary,
  title={The boundary method for semi-discrete optimal transport partitions and Wasserstein distance computation},
  author={Dieci, Luca and Walsh III, Joseph D},
  journal={Journal of Computational and Applied Mathematics},
  volume={353},
  pages={318--344},
  year={2019},
  publisher={Elsevier}
}

@book{bertsimas1997introduction,
  title={Introduction to linear optimization},
  author={Bertsimas, Dimitris and Tsitsiklis, John N},
  volume={6},
  year={1997},
  publisher={Athena scientific Belmont, MA}
}

@article{stanley2011enumerative,
  title={Enumerative Combinatorics Volume 1 second edition},
  author={Stanley, Richard P},
  journal={Cambridge studies in advanced mathematics},
  year={2011}
}

@article{cipolla2024regularized,
  title={A regularized interior point method for sparse optimal transport on graphs},
  author={Cipolla, Stefano and Gondzio, Jacek and Zanetti, Filippo},
  journal={European Journal of Operational Research},
  volume={319},
  number={2},
  pages={413--426},
  year={2024},
  publisher={Elsevier}
}