@article{altschuler2017near,
  title={Near-linear time approximation algorithms for optimal transport via {S}inkhorn iteration},
  author={Altschuler, Jason and Niles-Weed, Jonathan and Rigollet, Philippe},
  journal={Advances in neural information processing systems},
  volume={30},
  year={2017}
}

@article{altschuler2019massively,
  title={Massively scalable {S}inkhorn distances via the {N}ystr{\"o}m method},
  author={Altschuler, Jason and Bach, Francis and Rudi, Alessandro and Niles-Weed, Jonathan},
  journal={Advances in neural information processing systems},
  volume={32},
  year={2019}
}

@inproceedings{bellemare2017distributional,
  title={A distributional perspective on reinforcement learning},
  author={Bellemare, Marc G and Dabney, Will and Munos, R{\'e}mi},
  booktitle={International conference on machine learning},
  pages={449--458},
  year={2017},
  organization={PMLR}
}

@article{benamou2015iterative,
  title={Iterative {B}regman projections for regularized transportation problems},
  author={Benamou, Jean-David and Carlier, Guillaume and Cuturi, Marco and Nenna, Luca and Peyr{\'e}, Gabriel},
  journal={SIAM Journal on Scientific Computing},
  volume={37},
  number={2},
  pages={A1111--A1138},
  year={2015},
  publisher={SIAM}
}

@article{censor1992proximal,
  title={Proximal minimization algorithm with {D}-functions},
  author={Censor, Yair and Zenios, Stavros Andrea},
  journal={Journal of Optimization Theory and Applications},
  volume={73},
  number={3},
  pages={451--464},
  year={1992},
  publisher={Springer}
}

@article{chang2022unified,
  title={Unified optimal transport framework for universal domain adaptation},
  author={Chang, Wanxing and Shi, Ye and Tuan, Hoang and Wang, Jingya},
  journal={Advances in Neural Information Processing Systems},
  volume={35},
  pages={29512--29524},
  year={2022}
}

@article{chen1993convergence,
  title={Convergence analysis of a proximal-like minimization algorithm using {B}regman functions},
  author={Chen, Gong and Teboulle, Marc},
  journal={SIAM Journal on Optimization},
  volume={3},
  number={3},
  pages={538--543},
  year={1993},
  publisher={SIAM}
}

@article{chu2023efficient,
  title={An efficient implementable inexact entropic proximal point algorithm for a class of linear programming problems},
  author={Chu, Hong TM and Liang, Ling and Toh, Kim-Chuan and Yang, Lei},
  journal={Computational Optimization and Applications},
  volume={85},
  number={1},
  pages={107--146},
  year={2023},
  publisher={Springer}
}

@article{cuturi2013sinkhorn,
  title={Sinkhorn distances: Lightspeed computation of optimal transport},
  author={Cuturi, Marco},
  journal={Advances in neural information processing systems},
  volume={26},
  year={2013}
}

@inproceedings{dabney2018distributional,
  title={Distributional reinforcement learning with quantile regression},
  author={Dabney, Will and Rowland, Mark and Bellemare, Marc and Munos, R{\'e}mi},
  booktitle={Proceedings of the AAAI conference on artificial intelligence},
  volume={32},
  year={2018}
}

@article{de2021diffusion,
  title={Diffusion {S}chr{\"o}dinger bridge with applications to score-based generative modeling},
  author={De Bortoli, Valentin and Thornton, James and Heng, Jeremy and Doucet, Arnaud},
  journal={Advances in Neural Information Processing Systems},
  volume={34},
  pages={17695--17709},
  year={2021}
}

@article{eckstein1993nonlinear,
  title={Nonlinear proximal point algorithms using {B}regman functions, with applications to convex programming},
  author={Eckstein, Jonathan},
  journal={Mathematics of Operations Research},
  volume={18},
  number={1},
  pages={202--226},
  year={1993},
  publisher={INFORMS}
}

@article{eckstein1998approximate,
  title={Approximate iterations in {B}regman-function-based proximal algorithms},
  author={Eckstein, Jonathan},
  journal={Mathematical programming},
  volume={83},
  pages={113--123},
  year={1998},
  publisher={Springer}
}

@inproceedings{fatras2021unbalanced,
  title={Unbalanced minibatch optimal transport; applications to domain adaptation},
  author={Fatras, Kilian and S{\'e}journ{\'e}, Thibault and Flamary, R{\'e}mi and Courty, Nicolas},
  booktitle={International Conference on Machine Learning},
  pages={3186--3197},
  year={2021},
  organization={PMLR}
}

@inproceedings{huguet2023geodesic,
  title={Geodesic {S}inkhorn for fast and accurate optimal transport on manifolds},
  author={Huguet, Guillaume and Tong, Alexander and Zapatero, Mar{\'\i}a Ramos and Tape, Christopher J and Wolf, Guy and Krishnaswamy, Smita},
  booktitle={2023 IEEE 33rd International Workshop on Machine Learning for Signal Processing (MLSP)},
  pages={1--6},
  year={2023},
  organization={IEEE}
}

@inproceedings{kulinski2023towards,
  title={Towards explaining distribution shifts},
  author={Kulinski, Sean and Inouye, David I},
  booktitle={International Conference on Machine Learning},
  pages={17931--17952},
  year={2023},
  organization={PMLR}
}

@article{luo2023optimal,
  title={Optimal transport for offline imitation learning},
  author={Luo, Yicheng and Jiang, Zhengyao and Cohen, Samuel and Grefenstette, Edward and Deisenroth, Marc Peter},
  journal={arXiv preprint arXiv:2303.13971},
  year={2023}
}

@article{montesuma2024recent,
  title={Recent advances in optimal transport for machine learning},
  author={Montesuma, Eduardo Fernandes and Mboula, Fred Maurice Ngol{\`e} and Souloumiac, Antoine},
  journal={IEEE Transactions on Pattern Analysis and Machine Intelligence},
  year={2024},
  publisher={IEEE}
}

@article{scetbon2020linear,
  title={Linear time {S}inkhorn divergences using positive features},
  author={Scetbon, Meyer and Cuturi, Marco},
  journal={Advances in neural information processing systems},
  volume={33},
  pages={13468--13480},
  year={2020}
}

@inproceedings{scetbon2021low,
  title={Low-rank sinkhorn factorization},
  author={Scetbon, Meyer and Cuturi, Marco and Peyr{\'e}, Gabriel},
  booktitle={International Conference on Machine Learning},
  pages={9344--9354},
  year={2021},
  organization={PMLR}
}

@article{shi2024diffusion,
  title={Diffusion {S}chr{\"o}dinger bridge matching},
  author={Shi, Yuyang and De Bortoli, Valentin and Campbell, Andrew and Doucet, Arnaud},
  journal={Advances in Neural Information Processing Systems},
  volume={36},
  year={2024}
}

@article{solomon2015convolutional,
  title={Convolutional {W}asserstein distances: Efficient optimal transportation on geometric domains},
  author={Solomon, Justin and De Goes, Fernando and Peyr{\'e}, Gabriel and Cuturi, Marco and Butscher, Adrian and Nguyen, Andy and Du, Tao and Guibas, Leonidas},
  journal={ACM Transactions on Graphics (ToG)},
  volume={34},
  number={4},
  pages={1--11},
  year={2015},
  publisher={ACM New York, NY, USA}
}

@article{tang2024sinkhorn,
  title={A {S}inkhorn-type Algorithm for Constrained Optimal Transport},
  author={Tang, Xun and Rahmanian, Holakou and Shavlovsky, Michael and Thekumparampil, Kiran Koshy and Xiao, Tesi and Ying, Lexing},
  journal={arXiv preprint arXiv:2403.05054},
  year={2024}
}

@article{torres2021survey,
  title={A survey on optimal transport for machine learning: Theory and applications},
  author={Torres, Luis Caicedo and Pereira, Luiz Manella and Amini, M Hadi},
  journal={arXiv preprint arXiv:2106.01963},
  year={2021}
}

@inproceedings{wang2021deep,
  title={Deep generative learning via {S}chr{\"o}dinger bridge},
  author={Wang, Gefei and Jiao, Yuling and Xu, Qian and Wang, Yang and Yang, Can},
  booktitle={International conference on machine learning},
  pages={10794--10804},
  year={2021},
  organization={PMLR}
}

@article{wang2023large,
  title={Large-scale multi-modal pre-trained models: A comprehensive survey},
  author={Wang, Xiao and Chen, Guangyao and Qian, Guangwu and Gao, Pengcheng and Wei, Xiao-Yong and Wang, Yaowei and Tian, Yonghong and Gao, Wen},
  journal={Machine Intelligence Research},
  volume={20},
  number={4},
  pages={447--482},
  year={2023},
  publisher={Springer}
}

@article{wang2024recent,
  title={Recent advances on machine learning for computational fluid dynamics: A survey},
  author={Wang, Haixin and Cao, Yadi and Huang, Zijie and Liu, Yuxuan and Hu, Peiyan and Luo, Xiao and Song, Zezheng and Zhao, Wanjia and Liu, Jilin and Sun, Jinan and others},
  journal={arXiv preprint arXiv:2408.12171},
  year={2024}
}

@inproceedings{wu2024neural,
  title={Neural Network Approximation for Pessimistic Offline Reinforcement Learning},
  author={Wu, Di and Jiao, Yuling and Shen, Li and Yang, Haizhao and Lu, Xiliang},
  booktitle={Proceedings of the AAAI Conference on Artificial Intelligence},
  volume={38},
  pages={15868--15877},
  year={2024}
}

@inproceedings{xie2020fast,
  title={A fast proximal point method for computing exact {W}asserstein distance},
  author={Xie, Yujia and Wang, Xiangfeng and Wang, Ruijia and Zha, Hongyuan},
  booktitle={Uncertainty in artificial intelligence},
  pages={433--453},
  year={2020},
  organization={PMLR}
}

