@inproceedings{10.1145/3637528.3671750,
author = {Chen, Xiaocong and Wang, Siyu and Yao, Lina},
title = {Maximum-Entropy Regularized Decision Transformer with Reward Relabelling for Dynamic Recommendation},
year = {2024},
isbn = {9798400704901},
publisher = {Association for Computing Machinery},
address = {New York, NY, USA},
url = {https://doi.org/10.1145/3637528.3671750},
doi = {10.1145/3637528.3671750},
booktitle = {Proceedings of the 30th ACM SIGKDD Conference on Knowledge Discovery and Data Mining},
pages = {376â€“384},
numpages = {9},
keywords = {deep learning, offline reinforcement learning, recommender systems},
location = {Barcelona, Spain},
series = {KDD '24}
}

@inproceedings{chen2021generative,
  title={Generative inverse deep reinforcement learning for online recommendation},
  author={Chen, Xiaocong and Yao, Lina and Sun, Aixin and Wang, Xianzhi and Xu, Xiwei and Zhu, Liming},
  booktitle={Proceedings of the 30th ACM International Conference on Information \& Knowledge Management},
  pages={201--210},
  year={2021}
}

@article{chen2023intrinsically,
  title={Intrinsically motivated reinforcement learning based recommendation with counterfactual data augmentation},
  author={Chen, Xiaocong and Wang, Siyu and Qi, Lianyong and Li, Yong and Yao, Lina},
  journal={World Wide Web},
  volume={26},
  number={5},
  pages={3253--3274},
  year={2023},
  publisher={Springer}
}

@inproceedings{gao2023alleviating,
  title={Alleviating matthew effect of offline reinforcement learning in interactive recommendation},
  author={Gao, Chongming and Huang, Kexin and Chen, Jiawei and Zhang, Yuan and Li, Biao and Jiang, Peng and Wang, Shiqi and Zhang, Zhong and He, Xiangnan},
  booktitle={Proceedings of the 46th International ACM SIGIR Conference on Research and Development in Information Retrieval},
  pages={238--248},
  year={2023}
}

@article{he2023addressing,
  title={Addressing confounding feature issue for causal recommendation},
  author={He, Xiangnan and Zhang, Yang and Feng, Fuli and Song, Chonggang and Yi, Lingling and Ling, Guohui and Zhang, Yongdong},
  journal={ACM Transactions on Information Systems},
  volume={41},
  number={3},
  pages={1--23},
  year={2023},
  publisher={ACM New York, NY}
}

@inproceedings{li2023should,
  title={Who should be given incentives? counterfactual optimal treatment regimes learning for recommendation},
  author={Li, Haoxuan and Zheng, Chunyuan and Wu, Peng and Kuang, Kun and Liu, Yue and Cui, Peng},
  booktitle={Proceedings of the 29th ACM SIGKDD Conference on Knowledge Discovery and Data Mining},
  pages={1235--1247},
  year={2023}
}

@article{li2024removing,
  title={Removing hidden confounding in recommendation: a unified multi-task learning approach},
  author={Li, Haoxuan and Wu, Kunhan and Zheng, Chunyuan and Xiao, Yanghao and Wang, Hao and Geng, Zhi and Feng, Fuli and He, Xiangnan and Wu, Peng},
  journal={Advances in Neural Information Processing Systems},
  volume={36},
  year={2024}
}

@inproceedings{mahmood2007learning,
  title={Learning and adaptivity in interactive recommender systems},
  author={Mahmood, Tariq and Ricci, Francesco},
  booktitle={Proceedings of the ninth international conference on Electronic commerce},
  pages={75--84},
  year={2007}
}

@inproceedings{wang2022causalint,
  title={Causalint: Causal inspired intervention for multi-scenario recommendation},
  author={Wang, Yichao and Guo, Huifeng and Chen, Bo and Liu, Weiwen and Liu, Zhirong and Zhang, Qi and He, Zhicheng and Zheng, Hongkun and Yao, Weiwei and Zhang, Muyu and others},
  booktitle={Proceedings of the 28th ACM SIGKDD Conference on Knowledge Discovery and Data Mining},
  pages={4090--4099},
  year={2022}
}

@inproceedings{wang2023causal,
  title={Causal decision transformer for recommender systems via offline reinforcement learning},
  author={Wang, Siyu and Chen, Xiaocong and Jannach, Dietmar and Yao, Lina},
  booktitle={Proceedings of the 46th International ACM SIGIR Conference on Research and Development in Information Retrieval},
  pages={1599--1608},
  year={2023}
}

@article{wang2023plug,
  title={Plug-and-Play Model-Agnostic Counterfactual Policy Synthesis for Deep Reinforcement Learning-Based Recommendation},
  author={Wang, Siyu and Chen, Xiaocong and McAuley, Julian and Cripps, Sally and Yao, Lina},
  journal={IEEE Transactions on Neural Networks and Learning Systems},
  year={2023},
  publisher={IEEE}
}

@inproceedings{zhang2021causal,
  title={Causal intervention for leveraging popularity bias in recommendation},
  author={Zhang, Yang and Feng, Fuli and He, Xiangnan and Wei, Tianxin and Song, Chonggang and Ling, Guohui and Zhang, Yongdong},
  booktitle={Proceedings of the 44th International ACM SIGIR Conference on Research and Development in Information Retrieval},
  pages={11--20},
  year={2021}
}

