
@book{10.5555/3202377,
author = {Peters, Jonas and Janzing, Dominik and Schlkopf, Bernhard},
title = {Elements of Causal Inference: Foundations and Learning Algorithms},
year = {2017},
isbn = {0262037319},
publisher = {The MIT Press},
}

@book{pearl2009causality,
  title={Causality},
  author={Pearl, Judea},
  year={2009},
  publisher={Cambridge university press}
}

@book{spirtes2000causation,
  title={Causation, prediction, and search},
  author={Spirtes, Peter and Glymour, Clark N and Scheines, Richard},
  year={2000},
  publisher={MIT press}
}


@inproceedings{shi2019virtual,
  title={Virtual-taobao: Virtualizing real-world online retail environment for reinforcement learning},
  author={Shi, Jing-Cheng and Yu, Yang and Da, Qing and Chen, Shi-Yong and Zeng, An-Xiang},
  booktitle={Proceedings of the AAAI Conference on Artificial Intelligence},
  volume={33},
  number={01},
  pages={4902--4909},
  year={2019}
}

@inproceedings{fujimoto2018addressing,
  title={Addressing function approximation error in actor-critic methods},
  author={Fujimoto, Scott and Hoof, Herke and Meger, David},
  booktitle={International conference on machine learning},
  pages={1587--1596},
  year={2018},
  organization={PMLR}
}

@article{lillicrap2015continuous,
  title={Continuous control with deep reinforcement learning},
  author={Lillicrap, Timothy P and Hunt, Jonathan J and Pritzel, Alexander and Heess, Nicolas and Erez, Tom and Tassa, Yuval and Silver, David and Wierstra, Daan},
  journal={arXiv preprint arXiv:1509.02971},
  year={2015}
}

@inproceedings{haarnoja2018soft,
  title={Soft actor-critic: Off-policy maximum entropy deep reinforcement learning with a stochastic actor},
  author={Haarnoja, Tuomas and Zhou, Aurick and Abbeel, Pieter and Levine, Sergey},
  booktitle={International conference on machine learning},
  pages={1861--1870},
  year={2018},
  organization={PMLR}
}

@inproceedings{chen2019large,
  title={Large-scale interactive recommendation with tree-structured policy gradient},
  author={Chen, Haokun and Dai, Xinyi and Cai, Han and Zhang, Weinan and Wang, Xuejian and Tang, Ruiming and Zhang, Yuzhou and Yu, Yong},
  booktitle={Proceedings of the AAAI Conference on Artificial Intelligence},
  volume={33},
  pages={3312--3320},
  year={2019}
}

@inproceedings{xian2019reinforcement,
  title={Reinforcement Knowledge Graph Reasoning for Explainable Recommendation},
  author={Xian, Yikun and Fu, Zuohui and Muthukrishnan, S and de Melo, Gerard and Zhang, Yongfeng},
  booktitle={Proceedings of the 42nd International ACM SIGIR Conference on Research and Development in Information Retrieval},
  pages={285-294},
  year={2019},
  organization={ACM}
}

@article{LIU2020106170,
title = {State representation modeling for deep reinforcement learning based recommendation},
journal = {Knowledge-Based Systems},
volume = {205},
pages = {106170},
year = {2020},
issn = {0950-7051},
doi = {https://doi.org/10.1016/j.knosys.2020.106170},
url = {https://www.sciencedirect.com/science/article/pii/S095070512030407X},
author = {Feng Liu and Ruiming Tang and Xutao Li and Weinan Zhang and Yunming Ye and Haokun Chen and Huifeng Guo and Yuzhou Zhang and Xiuqiang He},
keywords = {State representation modeling, Deep reinforcement learning, Recommendation}
}

@article{wang2023plug,
  title={Plug-and-Play Model-Agnostic Counterfactual Policy Synthesis for Deep Reinforcement Learning-Based Recommendation},
  author={Wang, Siyu and Chen, Xiaocong and McAuley, Julian and Cripps, Sally and Yao, Lina},
  journal={IEEE Transactions on Neural Networks and Learning Systems},
  year={2023},
  publisher={IEEE}
}


@inproceedings{chen2020knowledge,
  title={Knowledge-guided deep reinforcement learning for interactive recommendation},
  author={Chen, Xiaocong and Huang, Chaoran and Yao, Lina and Wang, Xianzhi and Zhang, Wenjie and others},
  booktitle={2020 International Joint Conference on Neural Networks (IJCNN)},
  pages={1--8},
  year={2020},
  organization={IEEE}
}

@inproceedings{zhang2021causerec,
  title={Causerec: Counterfactual user sequence synthesis for sequential recommendation},
  author={Zhang, Shengyu and Yao, Dong and Zhao, Zhou and Chua, Tat-Seng and Wu, Fei},
  booktitle={Proceedings of the 44th International ACM SIGIR Conference on Research and Development in Information Retrieval},
  pages={367--377},
  year={2021}
}



@inproceedings{zhao2018recommendations,
  title={Recommendations with negative feedback via pairwise deep reinforcement learning},
  author={Zhao, Xiangyu and Zhang, Liang and Ding, Zhuoye and Xia, Long and Tang, Jiliang and Yin, Dawei},
  booktitle={Proceedings of the 24th ACM SIGKDD International Conference on Knowledge Discovery \& Data Mining},
  pages={1040--1048},
  year={2018}
}

@inproceedings{bonner2018causal,
  title={Causal embeddings for recommendation},
  author={Bonner, Stephen and Vasile, Flavian},
  booktitle={Proceedings of the 12th ACM conference on recommender systems},
  pages={104--112},
  year={2018}
}




@inproceedings{mahmood2007learning,
  title={Learning and adaptivity in interactive recommender systems},
  author={Mahmood, Tariq and Ricci, Francesco},
  booktitle={Proceedings of the ninth international conference on Electronic commerce},
  pages={75--84},
  year={2007}
}

@inproceedings{liu2020general,
  title={A general knowledge distillation framework for counterfactual recommendation via uniform data},
  author={Liu, Dugang and Cheng, Pengxiang and Dong, Zhenhua and He, Xiuqiang and Pan, Weike and Ming, Zhong},
  booktitle={Proceedings of the 43rd International ACM SIGIR Conference on Research and Development in Information Retrieval},
  pages={831--840},
  year={2020}
}

@inproceedings{madumal2020explainable,
  title={Explainable reinforcement learning through a causal lens},
  author={Madumal, Prashan and Miller, Tim and Sonenberg, Liz and Vetere, Frank},
  booktitle={Proceedings of the AAAI conference on artificial intelligence},
  volume={34},
  number={03},
  pages={2493--2500},
  year={2020}
}

@inproceedings{tan2021counterfactual,
  title={Counterfactual explainable recommendation},
  author={Tan, Juntao and Xu, Shuyuan and Ge, Yingqiang and Li, Yunqi and Chen, Xu and Zhang, Yongfeng},
  booktitle={Proceedings of the 30th ACM International Conference on Information \& Knowledge Management},
  pages={1784--1793},
  year={2021}
}

@inproceedings{chen2021generative,
  title={Generative inverse deep reinforcement learning for online recommendation},
  author={Chen, Xiaocong and Yao, Lina and Sun, Aixin and Wang, Xianzhi and Xu, Xiwei and Zhu, Liming},
  booktitle={Proceedings of the 30th ACM International Conference on Information \& Knowledge Management},
  pages={201--210},
  year={2021}
}

@inproceedings{zhang2021causal,
  title={Causal intervention for leveraging popularity bias in recommendation},
  author={Zhang, Yang and Feng, Fuli and He, Xiangnan and Wei, Tianxin and Song, Chonggang and Ling, Guohui and Zhang, Yongdong},
  booktitle={Proceedings of the 44th International ACM SIGIR Conference on Research and Development in Information Retrieval},
  pages={11--20},
  year={2021}
}

@inproceedings{wang2021clicks,
  title={Clicks can be cheating: Counterfactual recommendation for mitigating clickbait issue},
  author={Wang, Wenjie and Feng, Fuli and He, Xiangnan and Zhang, Hanwang and Chua, Tat-Seng},
  booktitle={Proceedings of the 44th International ACM SIGIR Conference on Research and Development in Information Retrieval},
  pages={1288--1297},
  year={2021}
}

@inproceedings{wang2022causal,
  title={Causal Representation Learning for Out-of-Distribution Recommendation},
  author={Wang, Wenjie and Lin, Xinyu and Feng, Fuli and He, Xiangnan and Lin, Min and Chua, Tat-Seng},
  booktitle={Proceedings of the ACM Web Conference 2022},
  pages={3562--3571},
  year={2022}
}




@ARTICLE{9737000,
  author={Ding, Sihao and Feng, Fuli and He, Xiangnan and Liao, Yong and Shi, Jun and Zhang, Yongdong},
  journal={IEEE Transactions on Neural Networks and Learning Systems}, 
  title={Causal Incremental Graph Convolution for Recommender System Retraining}, 
  year={2022},
  volume={},
  number={},
  pages={1-11},
  doi={10.1109/TNNLS.2022.3156066}}



@inproceedings{wang2023causal,
  title={Causal decision transformer for recommender systems via offline reinforcement learning},
  author={Wang, Siyu and Chen, Xiaocong and Jannach, Dietmar and Yao, Lina},
  booktitle={Proceedings of the 46th International ACM SIGIR Conference on Research and Development in Information Retrieval},
  pages={1599--1608},
  year={2023}
}

@article{chen2024maximum,
  title={Maximum-Entropy Regularized Decision Transformer with Reward Relabelling for Dynamic Recommendation},
  author={Chen, Xiaocong and Wang, Siyu and Yao, Lina},
  journal={arXiv preprint arXiv:2406.00725},
  year={2024}
}

@article{chen2023intrinsically,
  title={Intrinsically motivated reinforcement learning based recommendation with counterfactual data augmentation},
  author={Chen, Xiaocong and Wang, Siyu and Qi, Lianyong and Li, Yong and Yao, Lina},
  journal={World Wide Web},
  volume={26},
  number={5},
  pages={3253--3274},
  year={2023},
  publisher={Springer}
}

@article{CHEN2023110335,
title = {Deep reinforcement learning in recommender systems: A survey and new perspectives},
journal = {Knowledge-Based Systems},
volume = {264},
pages = {110335},
year = {2023},
issn = {0950-7051},
doi = {https://doi.org/10.1016/j.knosys.2023.110335},
url = {https://www.sciencedirect.com/science/article/pii/S0950705123000850},
author = {Xiaocong Chen and Lina Yao and Julian McAuley and Guanglin Zhou and Xianzhi Wang},
keywords = {Deep reinforcement learning, Deep learning, Recommender systems},
}

@article{afsar2022reinforcement,
  title={Reinforcement learning based recommender systems: A survey},
  author={Afsar, M Mehdi and Crump, Trafford and Far, Behrouz},
  journal={ACM Computing Surveys},
  volume={55},
  number={7},
  pages={1--38},
  year={2022},
  publisher={ACM New York, NY}
}

@inproceedings{
zhang2021learning,
title={Learning Invariant Representations for Reinforcement Learning without Reconstruction},
author={Amy Zhang and Rowan Thomas McAllister and Roberto Calandra and Yarin Gal and Sergey Levine},
booktitle={International Conference on Learning Representations},
year={2021},
url={https://openreview.net/forum?id=-2FCwDKRREu}
}

@article{lesort2018state,
  title={State representation learning for control: An overview},
  author={Lesort, Timoth{\'e}e and D{\'\i}az-Rodr{\'\i}guez, Natalia and Goudou, Jean-Franois and Filliat, David},
  journal={Neural Networks},
  volume={108},
  pages={379--392},
  year={2018},
  publisher={Elsevier}
}

@inproceedings{gelada2019deepmdp,
  title={Deepmdp: Learning continuous latent space models for representation learning},
  author={Gelada, Carles and Kumar, Saurabh and Buckman, Jacob and Nachum, Ofir and Bellemare, Marc G},
  booktitle={International Conference on Machine Learning},
  pages={2170--2179},
  year={2019},
  organization={PMLR}
}



@InProceedings{pmlr-v162-wang22ae,
  title = 	 {Causal Dynamics Learning for Task-Independent State Abstraction},
  author =       {Wang, Zizhao and Xiao, Xuesu and Xu, Zifan and Zhu, Yuke and Stone, Peter},
  booktitle = 	 {Proceedings of the 39th International Conference on Machine Learning},
  pages = 	 {23151--23180},
  year = 	 {2022},
  editor = 	 {Chaudhuri, Kamalika and Jegelka, Stefanie and Song, Le and Szepesvari, Csaba and Niu, Gang and Sabato, Sivan},
  volume = 	 {162},
  series = 	 {Proceedings of Machine Learning Research},
  month = 	 {17--23 Jul},
  publisher =    {PMLR},
  pdf = 	 {https://proceedings.mlr.press/v162/wang22ae/wang22ae.pdf},
  url = 	 {https://proceedings.mlr.press/v162/wang22ae.html},
}

@inproceedings{huang2022action,
  title={Action-sufficient state representation learning for control with structural constraints},
  author={Huang, Biwei and Lu, Chaochao and Leqi, Liu and Hern{\'a}ndez-Lobato, Jos{\'e} Miguel and Glymour, Clark and Sch{\"o}lkopf, Bernhard and Zhang, Kun},
  booktitle={International Conference on Machine Learning},
  pages={9260--9279},
  year={2022},
  organization={PMLR}
}

@inproceedings{mastakouri2021necessary,
  title={Necessary and sufficient conditions for causal feature selection in time series with latent common causes},
  author={Mastakouri, Atalanti A and Sch{\"o}lkopf, Bernhard and Janzing, Dominik},
  booktitle={International Conference on Machine Learning},
  pages={7502--7511},
  year={2021},
  organization={PMLR}
}




@inproceedings{wang2020hybrid,
  title={A hybrid recommendation for music based on reinforcement learning},
  author={Wang, Yu},
  booktitle={Advances in Knowledge Discovery and Data Mining: 24th Pacific-Asia Conference, PAKDD 2020, Singapore, May 11--14, 2020, Proceedings, Part I 24},
  pages={91--103},
  year={2020},
  organization={Springer}
}

@inproceedings{DBLP:conf/iclr/KostrikovADLT19,
  author       = {Ilya Kostrikov and
                  Kumar Krishna Agrawal and
                  Debidatta Dwibedi and
                  Sergey Levine and
                  Jonathan Tompson},
  title        = {Discriminator-Actor-Critic: Addressing Sample Inefficiency and Reward
                  Bias in Adversarial Imitation Learning},
  booktitle    = {7th International Conference on Learning Representations, {ICLR} 2019,
                  New Orleans, LA, USA, May 6-9, 2019},
  publisher    = {OpenReview.net},
  year         = {2019},
  url          = {https://openreview.net/forum?id=Hk4fpoA5Km},
  timestamp    = {Thu, 25 Jul 2019 14:25:53 +0200},
  biburl       = {https://dblp.org/rec/conf/iclr/KostrikovADLT19.bib},
  bibsource    = {dblp computer science bibliography, https://dblp.org}
}

@inproceedings{chen2018stabilizing,
  title={Stabilizing reinforcement learning in dynamic environment with application to online recommendation},
  author={Chen, Shi-Yong and Yu, Yang and Da, Qing and Tan, Jun and Huang, Hai-Kuan and Tang, Hai-Hong},
  booktitle={Proceedings of the 24th ACM SIGKDD International Conference on Knowledge Discovery \& Data Mining},
  pages={1187--1196},
  year={2018}
}


@article{ferns2011bisimulation,
  title={Bisimulation metrics for continuous Markov decision processes},
  author={Ferns, Norm and Panangaden, Prakash and Precup, Doina},
  journal={SIAM Journal on Computing},
  volume={40},
  number={6},
  pages={1662--1714},
  year={2011},
  publisher={SIAM}
}

@article{zang2024understanding,
  title={Understanding and addressing the pitfalls of bisimulation-based representations in offline reinforcement learning},
  author={Zang, Hongyu and Li, Xin and Zhang, Leiji and Liu, Yang and Sun, Baigui and Islam, Riashat and Tachet des Combes, Remi and Laroche, Romain},
  journal={Advances in Neural Information Processing Systems},
  volume={36},
  year={2024}
}

@article{chen2024opportunities,
  title={On the opportunities and challenges of offline reinforcement learning for recommender systems},
  author={Chen, Xiaocong and Wang, Siyu and McAuley, Julian and Jannach, Dietmar and Yao, Lina},
  journal={ACM Transactions on Information Systems},
  volume={42},
  number={6},
  pages={1--26},
  year={2024},
  publisher={ACM New York, NY, USA}
}
@inproceedings{schnabel2016recommendations,
  title={Recommendations as treatments: Debiasing learning and evaluation},
  author={Schnabel, Tobias and Swaminathan, Adith and Singh, Ashudeep and Chandak, Navin and Joachims, Thorsten},
  booktitle={international conference on machine learning},
  pages={1670--1679},
  year={2016},
  organization={PMLR}
}
@inproceedings{marlin2009collaborative,
  title={Collaborative prediction and ranking with non-random missing data},
  author={Marlin, Benjamin M and Zemel, Richard S},
  booktitle={Proceedings of the third ACM conference on Recommender systems},
  pages={5--12},
  year={2009}
}
@inproceedings{gao2022kuairec,
  title={KuaiRec: A fully-observed dataset and insights for evaluating recommender systems},
  author={Gao, Chongming and Li, Shijun and Lei, Wenqiang and Chen, Jiawei and Li, Biao and Jiang, Peng and He, Xiangnan and Mao, Jiaxin and Chua, Tat-Seng},
  booktitle={Proceedings of the 31st ACM International Conference on Information \& Knowledge Management},
  pages={540--550},
  year={2022}
}
@inproceedings{gao2022kuairand,
  title = {KuaiRand: An Unbiased Sequential Recommendation Dataset with Randomly Exposed Videos},
  author = {Gao, Chongming and Li, Shijun and Zhang, Yuan and Chen, Jiawei and Li, Biao and Lei, Wenqiang and Jiang, Peng and He, Xiangnan},
  url = {https://doi.org/10.1145/3511808.3557624},
  doi = {10.1145/3511808.3557624},
  booktitle = {Proceedings of the 31st ACM International Conference on Information and Knowledge Management},
  series = {CIKM '22},
  location = {Atlanta, GA, USA},
  numpages = {5},
  year = {2022},
  pages = {3953–3957}
}
@inproceedings{yu2024easyrl4rec,
  title={EasyRL4Rec: An Easy-to-use Library for Reinforcement Learning Based Recommender Systems},
  author={Yu, Yuanqing and Gao, Chongming and Chen, Jiawei and Tang, Heng and Sun, Yuefeng and Chen, Qian and Ma, Weizhi and Zhang, Min},
  booktitle={Proceedings of the 47th International ACM SIGIR Conference on Research and Development in Information Retrieval},
  pages={977--987},
  year={2024}
}

@inproceedings{10.1145/3637528.3671750,
author = {Chen, Xiaocong and Wang, Siyu and Yao, Lina},
title = {Maximum-Entropy Regularized Decision Transformer with Reward Relabelling for Dynamic Recommendation},
year = {2024},
isbn = {9798400704901},
publisher = {Association for Computing Machinery},
address = {New York, NY, USA},
url = {https://doi.org/10.1145/3637528.3671750},
doi = {10.1145/3637528.3671750},
booktitle = {Proceedings of the 30th ACM SIGKDD Conference on Knowledge Discovery and Data Mining},
pages = {376–384},
numpages = {9},
keywords = {deep learning, offline reinforcement learning, recommender systems},
location = {Barcelona, Spain},
series = {KDD '24}
}

@inproceedings{gao2023alleviating,
  title={Alleviating matthew effect of offline reinforcement learning in interactive recommendation},
  author={Gao, Chongming and Huang, Kexin and Chen, Jiawei and Zhang, Yuan and Li, Biao and Jiang, Peng and Wang, Shiqi and Zhang, Zhong and He, Xiangnan},
  booktitle={Proceedings of the 46th International ACM SIGIR Conference on Research and Development in Information Retrieval},
  pages={238--248},
  year={2023}
}

@inproceedings{li2023should,
  title={Who should be given incentives? counterfactual optimal treatment regimes learning for recommendation},
  author={Li, Haoxuan and Zheng, Chunyuan and Wu, Peng and Kuang, Kun and Liu, Yue and Cui, Peng},
  booktitle={Proceedings of the 29th ACM SIGKDD Conference on Knowledge Discovery and Data Mining},
  pages={1235--1247},
  year={2023}
}

@inproceedings{wang2022causalint,
  title={Causalint: Causal inspired intervention for multi-scenario recommendation},
  author={Wang, Yichao and Guo, Huifeng and Chen, Bo and Liu, Weiwen and Liu, Zhirong and Zhang, Qi and He, Zhicheng and Zheng, Hongkun and Yao, Weiwei and Zhang, Muyu and others},
  booktitle={Proceedings of the 28th ACM SIGKDD Conference on Knowledge Discovery and Data Mining},
  pages={4090--4099},
  year={2022}
}

@article{he2023addressing,
  title={Addressing confounding feature issue for causal recommendation},
  author={He, Xiangnan and Zhang, Yang and Feng, Fuli and Song, Chonggang and Yi, Lingling and Ling, Guohui and Zhang, Yongdong},
  journal={ACM Transactions on Information Systems},
  volume={41},
  number={3},
  pages={1--23},
  year={2023},
  publisher={ACM New York, NY}
}

@article{li2024removing,
  title={Removing hidden confounding in recommendation: a unified multi-task learning approach},
  author={Li, Haoxuan and Wu, Kunhan and Zheng, Chunyuan and Xiao, Yanghao and Wang, Hao and Geng, Zhi and Feng, Fuli and He, Xiangnan and Wu, Peng},
  journal={Advances in Neural Information Processing Systems},
  volume={36},
  year={2024}
}

@article{wang2024causally,
  title={On Causally Disentangled State Representation Learning for Reinforcement Learning based Recommender Systems},
  author={Wang, Siyu and Chen, Xiaocong and Yao, Lina},
  journal={arXiv preprint arXiv:2407.13091},
  year={2024}
}

