@inproceedings{agustsson2019generative,
  title={Generative adversarial networks for extreme learned image compression},
  author={Agustsson, E. and Tschannen, M. and Mentzer, F. and Timofte, R. and Gool, L.},
  booktitle={IEEE/CVF CVPR},
  pages={221--231},
  year={2019}
}

@inproceedings{agustsson2023multi,
  title={Multi-realism image compression with a conditional generator},
  author={Agustsson, Eirikur and Minnen, David and Toderici, George and Mentzer, Fabian},
  booktitle={IEEE/CVF CVPR},
  pages={22324--22333},
  year={2023}
}

@inproceedings{akbari2019dsslic,
  title={DSSLIC: {D}eep semantic segmentation-based layered image compression},
  author={Akbari, M. and Liang, J. and Han, J.},
  booktitle={IEEE ICASSP},
  pages={2042--2046},
  year={2019},
  organization={IEEE}
}

@inproceedings{balle2017end,
  title={End-to-end optimized image compression},
  author={Ball{\'e}, Johannes and Laparra, Valero and Simoncelli, Eero P},
  booktitle={ICLR},
  year={2017}
}

@article{balle2018variational,
  title={Variational image compression with a scale hyperprior},
  author={Ball{\'e}, J. and Minnen, D. and Singh, S. and Hwang, S. and Johnston, N.},
  journal={arXiv preprint arXiv:1802.01436},
  year={2018}
}

@article{bross2021overview,
  title={Overview of the versatile video coding ({VVC}) standard and its applications},
  author={Bross, B. and Wang, Y. and Ye, Y. and Liu, S. and Chen, J. and Sullivan, G. and Ohm, J.},
  journal={IEEE Transactions on Circuits and Systems for Video Technology},
  volume={31},
  number={10},
  pages={3736--3764},
  year={2021},
  publisher={IEEE}
}

@inproceedings{careil2023towards,
  title={Towards image compression with perfect realism at ultra-low bitrates},
  author={Careil, Marlene and Muckley, Matthew J and Verbeek, Jakob and Lathuili{\`e}re, St{\'e}phane},
  booktitle={The Twelfth International Conference on Learning Representations},
  year={2023}
}

@article{chang2022conceptual,
  title={Conceptual compression via deep structure and texture synthesis},
  author={Chang, Jianhui and Zhao, Zhenghui and Jia, Chuanmin and Wang, Shiqi and Yang, Lingbo and Mao, Qi and Zhang, Jian and Ma, Siwei},
  journal={IEEE Transactions on Image Processing},
  volume={31},
  pages={2809--2823},
  year={2022},
  publisher={IEEE}
}

@article{chang2023semantic,
  title={Semantic-aware visual decomposition for image coding},
  author={Chang, Jianhui and Zhang, Jian and Li, Jiguo and Wang, Shiqi and Mao, Qi and Jia, Chuanmin and Ma, Siwei and Gao, Wen},
  journal={International Journal of Computer Vision},
  volume={131},
  number={9},
  pages={2333--2355},
  year={2023},
  publisher={Springer}
}

@inproceedings{cheng2020learned,
  title={Learned image compression with discretized gaussian mixture likelihoods and attention modules},
  author={Cheng, Z. and Sun, H. and Takeuchi, M. and Katto, J.},
  booktitle={IEEE/CVF CVPR},
  pages={7939--7948},
  year={2020}
}

@inproceedings{guo2024smooth,
  title={Smooth diffusion: Crafting smooth latent spaces in diffusion models},
  author={Guo, Jiayi and Xu, Xingqian and Pu, Yifan and Ni, Zanlin and Wang, Chaofei and Vasu, Manushree and Song, Shiji and Huang, Gao and Shi, Humphrey},
  booktitle={IEEE/CVF CVPR},
  pages={7548--7558},
  year={2024}
}

@inproceedings{he2022elic,
  title={Elic: Efficient learned image compression with unevenly grouped space-channel contextual adaptive coding},
  author={He, Dailan and Yang, Ziming and Peng, Weikun and Ma, Rui and Qin, Hongwei and Wang, Yan},
  booktitle={IEEE/CVF CVPR},
  pages={5718--5727},
  year={2022}
}

@inproceedings{he2022po,
  title={PO-ELIC: Perception-oriented efficient learned image coding},
  author={He, Dailan and Yang, Ziming and Yu, Hongjiu and Xu, Tongda and Luo, Jixiang and Chen, Yuan and Gao, Chenjian and Shi, Xinjie and Qin, Hongwei and Wang, Yan},
  booktitle={IEEE/CVF CVPR},
  pages={1764--1769},
  year={2022}
}

@article{ho2020denoising,
  title={Denoising diffusion probabilistic models},
  author={Ho, Jonathan and Jain, Ajay and Abbeel, Pieter},
  journal={Advances in NIPS},
  volume={33},
  pages={6840--6851},
  year={2020}
}

@inproceedings{huang2021deep,
  title={Deep learning-based image semantic coding for semantic communications},
  author={Huang, Danlan and Tao, Xiaoming and Gao, Feifei and Lu, Jianhua},
  booktitle={IEEE GLOBECOM},
  pages={1--6},
  year={2021},
  organization={IEEE}
}

@inproceedings{kim2017deep,
  title={Deep learning of human visual sensitivity in image quality assessment framework},
  author={Kim, Jongyoo and Lee, Sanghoon},
  booktitle={IEEE/CVF CVPR},
  pages={1676--1684},
  year={2017}
}

@inproceedings{korber2024egic,
  title={Egic: enhanced low-bit-rate generative image compression guided by semantic segmentation},
  author={K{\"o}rber, Nikolai and Kromer, Eduard and Siebert, Andreas and Hauke, Sascha and Mueller-Gritschneder, Daniel and Schuller, Bj{\"o}rn},
  booktitle={European Conference on Computer Vision},
  pages={202--220},
  year={2024},
  organization={Springer}
}

@article{lee2024neural,
  title={Neural Image Compression with Text-guided Encoding for both Pixel-level and Perceptual Fidelity},
  author={Lee, Hagyeong and Kim, Minkyu and Kim, Jun-Hyuk and Kim, Seungeon and Oh, Dokwan and Lee, Jaeho},
  journal={arXiv preprint arXiv:2403.02944},
  year={2024}
}

@inproceedings{lei2023text+sketch,
  title={Text+ Sketch: Image Compression at Ultra Low Rates},
  author={Lei, Eric and Uslu, Yi\u{g}it Berkay and Hassani, Hamed and Bidokhti, Shirin Saeedi},
  booktitle={ICML 2023 Workshop on Neural Compression: From Information Theory to Applications},
  year={2023}
}

@inproceedings{li2021cross,
  title={Cross modal compression: Towards human-comprehensible semantic compression},
  author={Li, Jiguo and Jia, Chuanmin and Zhang, Xinfeng and Ma, Siwei and Gao, Wen},
  booktitle={Proceedings of the 29th ACM international conference on multimedia},
  pages={4230--4238},
  year={2021}
}

@article{li2024misc,
  title={â€˜Misc: Ultra-low bitrate image semantic compression driven by large multimodal model},
  author={Li, Chunyi and Lu, Guo and Feng, Donghui and Wu, Haoning and Zhang, Zicheng and Liu, Xiaohong and Zhai, Guangtao and Lin, Weisi and Zhang, Wenjun},
  journal={arXiv preprint arXiv:2402.16749},
  year={2024}
}

@article{mao2023scalable,
  title={Scalable Face Image Coding via StyleGAN Prior: Towards Compression for Human-Machine Collaborative Vision},
  author={Mao, Qi and Wang, Chongyu and Wang, Meng and Wang, Shiqi and Chen, Ruijie and Jin, Libiao and Ma, Siwei},
  journal={IEEE Transactions on Image Processing},
  year={2023},
  publisher={IEEE}
}

@inproceedings{marcellin2000overview,
  title={An overview of JPEG-2000},
  author={Marcellin, Michael W and Gormish, Michael J and Bilgin, Ali and Boliek, Martin P},
  booktitle={IEEE DCC},
  pages={523--541},
  year={2000},
  organization={IEEE}
}

@article{mentzer2020high,
  title={High-fidelity generative image compression},
  author={Mentzer, Fabian and Toderici, George D and Tschannen, Michael and Agustsson, Eirikur},
  journal={Advances in NIPS},
  volume={33},
  pages={11913--11924},
  year={2020}
}

@article{minnen2018joint,
  title={Joint autoregressive and hierarchical priors for learned image compression},
  author={Minnen, David and Ball{\'e}, Johannes and Toderici, George D},
  journal={Advances in NIPS},
  volume={31},
  year={2018}
}

@inproceedings{muckley2023improving,
  title={Improving statistical fidelity for neural image compression with implicit local likelihood models},
  author={Muckley, Matthew J and El-Nouby, Alaaeldin and Ullrich, Karen and J{\'e}gou, Herv{\'e} and Verbeek, Jakob},
  booktitle={ICML},
  pages={25426--25443},
  year={2023},
  organization={PMLR}
}

@inproceedings{preechakul2022diffusion,
  title={Diffusion autoencoders: Toward a meaningful and decodable representation},
  author={Preechakul, Konpat and Chatthee, Nattanat and Wizadwongsa, Suttisak and Suwajanakorn, Supasorn},
  booktitle={IEEE/CVF CVPR},
  pages={10619--10629},
  year={2022}
}

@inproceedings{rippel2017real,
  title={Real-time adaptive image compression},
  author={Rippel, Oren and Bourdev, Lubomir},
  booktitle={ICML},
  pages={2922--2930},
  year={2017},
  organization={PMLR}
}

@article{song2020denoising,
  title={Denoising diffusion implicit models},
  author={Song, Jiaming and Meng, Chenlin and Ermon, Stefano},
  journal={arXiv preprint arXiv:2010.02502},
  year={2020}
}

@article{sullivan2012overview,
  title={Overview of the high efficiency video coding (HEVC) standard},
  author={Sullivan, G. and Ohm, J. and Han, W. and Wiegand, T.},
  journal={IEEE Transactions on Circuits and Systems for Video Technology},
  volume={22},
  number={12},
  pages={1649--1668},
  year={2012},
  publisher={IEEE}
}

@article{toderici2015variable,
  title={Variable rate image compression with recurrent neural networks},
  author={Toderici, George and O'Malley, Sean M and Hwang, Sung Jin and Vincent, Damien and Minnen, David and Baluja, Shumeet and Covell, Michele and Sukthankar, Rahul},
  journal={arXiv preprint arXiv:1511.06085},
  year={2015}
}

@inproceedings{wang2003multiscale,
  title={Multiscale structural similarity for image quality assessment},
  author={Wang, Zhou and Simoncelli, Eero P and Bovik, Alan C},
  booktitle={The Thrity-Seventh Asilomar Conference on Signals, Systems \& Computers, 2003},
  volume={2},
  pages={1398--1402},
  year={2003},
  organization={Ieee}
}

@article{wang2004image,
  title={Image quality assessment: from error visibility to structural similarity},
  author={Wang, Zhou and Bovik, Alan C and Sheikh, Hamid R and Simoncelli, Eero P},
  journal={IEEE Transactions on Image Processing},
  volume={13},
  number={4},
  pages={600--612},
  year={2004},
  publisher={IEEE}
}

@article{wiegand2003overview,
  title={Overview of the H. 264/AVC video coding standard},
  author={Wiegand, Thomas and Sullivan, Gary J and Bjontegaard, Gisle and Luthra, Ajay},
  journal={IEEE Transactions on Circuits and Systems for Video Technology},
  volume={13},
  number={7},
  pages={560--576},
  year={2003},
  publisher={IEEE}
}

@inproceedings{wu2023latent,
  title={A latent space of stochastic diffusion models for zero-shot image editing and guidance},
  author={Wu, Chen Henry and De la Torre, Fernando},
  booktitle={IEEE/CVF ICCV},
  pages={7378--7387},
  year={2023}
}

@inproceedings{xie2021enhanced,
  title={Enhanced invertible encoding for learned image compression},
  author={Xie, Yueqi and Cheng, Ka Leong and Chen, Qifeng},
  booktitle={Proceedings of the 29th ACM international conference on multimedia},
  pages={162--170},
  year={2021}
}

@article{yang2024lossy,
  title={Lossy image compression with conditional diffusion models},
  author={Yang, Ruihan and Mandt, Stephan},
  journal={Advances in NIPS},
  volume={36},
  year={2024}
}

@article{zhang2024machine,
  title={Machine Perception-Driven Facial Image Compression: A Layered Generative Approach},
  author={Zhang, Yuefeng and Jia, Chuanmin and Chang, Jianhui and Ma, Siwei},
  journal={IEEE Transactions on Circuits and Systems for Video Technology},
  year={2024},
  publisher={IEEE}
}

