@inproceedings{marcellin2000overview,
  title={An overview of JPEG-2000},
  author={Marcellin, Michael W and Gormish, Michael J and Bilgin, Ali and Boliek, Martin P},
  booktitle={IEEE DCC},
  pages={523--541},
  year={2000},
  organization={IEEE}
}

@article{wiegand2003overview,
  title={Overview of the H. 264/AVC video coding standard},
  author={Wiegand, Thomas and Sullivan, Gary J and Bjontegaard, Gisle and Luthra, Ajay},
  journal={IEEE Transactions on Circuits and Systems for Video Technology},
  volume={13},
  number={7},
  pages={560--576},
  year={2003},
  publisher={IEEE}
}

@article{sullivan2012overview,
  title={Overview of the high efficiency video coding (HEVC) standard},
  author={Sullivan, G. and Ohm, J. and Han, W. and Wiegand, T.},
  journal={IEEE Transactions on Circuits and Systems for Video Technology},
  volume={22},
  number={12},
  pages={1649--1668},
  year={2012},
  publisher={IEEE}
}

@article{bross2021overview,
  title={Overview of the versatile video coding ({VVC}) standard and its applications},
  author={Bross, B. and Wang, Y. and Ye, Y. and Liu, S. and Chen, J. and Sullivan, G. and Ohm, J.},
  journal={IEEE Transactions on Circuits and Systems for Video Technology},
  volume={31},
  number={10},
  pages={3736--3764},
  year={2021},
  publisher={IEEE}
}

@inproceedings{balle2017end,
  title={End-to-end optimized image compression},
  author={Ball{\'e}, Johannes and Laparra, Valero and Simoncelli, Eero P},
  booktitle={ICLR},
  year={2017}
}


@article{balle2018variational,
  title={Variational image compression with a scale hyperprior},
  author={Ball{\'e}, J. and Minnen, D. and Singh, S. and Hwang, S. and Johnston, N.},
  journal={arXiv preprint arXiv:1802.01436},
  year={2018}
}

@article{minnen2018joint,
  title={Joint autoregressive and hierarchical priors for learned image compression},
  author={Minnen, David and Ball{\'e}, Johannes and Toderici, George D},
  journal={Advances in NIPS},
  volume={31},
  year={2018}
}

@inproceedings{toderici2017full,
  title={Full resolution image compression with recurrent neural networks},
  author={Toderici, G. and Vincent, D. and Johnston, N. and Jin Hwang, S. and Minnen, D. and Shor, J. and Covell, M.},
  booktitle={IEEE/CVF CVPR},
  pages={5306--5314},
  year={2017}
}

@inproceedings{cheng2020learned,
  title={Learned image compression with discretized gaussian mixture likelihoods and attention modules},
  author={Cheng, Z. and Sun, H. and Takeuchi, M. and Katto, J.},
  booktitle={IEEE/CVF CVPR},
  pages={7939--7948},
  year={2020}
}

@inproceedings{xie2021enhanced,
  title={Enhanced invertible encoding for learned image compression},
  author={Xie, Yueqi and Cheng, Ka Leong and Chen, Qifeng},
  booktitle={Proceedings of the 29th ACM international conference on multimedia},
  pages={162--170},
  year={2021}
}


@inproceedings{blau2018perception,
  title={The perception-distortion tradeoff},
  author={Blau, Yochai and Michaeli, Tomer},
  booktitle={IEEE/CVF CVPR},
  pages={6228--6237},
  year={2018}
}

@inproceedings{agustsson2019generative,
  title={Generative adversarial networks for extreme learned image compression},
  author={Agustsson, E. and Tschannen, M. and Mentzer, F. and Timofte, R. and Gool, L.},
  booktitle={IEEE/CVF CVPR},
  pages={221--231},
  year={2019}
}

@article{mentzer2020high,
  title={High-fidelity generative image compression},
  author={Mentzer, Fabian and Toderici, George D and Tschannen, Michael and Agustsson, Eirikur},
  journal={Advances in NIPS},
  volume={33},
  pages={11913--11924},
  year={2020}
}

@inproceedings{muckley2023improving,
  title={Improving statistical fidelity for neural image compression with implicit local likelihood models},
  author={Muckley, Matthew J and El-Nouby, Alaaeldin and Ullrich, Karen and J{\'e}gou, Herv{\'e} and Verbeek, Jakob},
  booktitle={ICML},
  pages={25426--25443},
  year={2023},
  organization={PMLR}
}

@inproceedings{agustsson2023multi,
  title={Multi-realism image compression with a conditional generator},
  author={Agustsson, Eirikur and Minnen, David and Toderici, George and Mentzer, Fabian},
  booktitle={IEEE/CVF CVPR},
  pages={22324--22333},
  year={2023}
}

@article{fu2020improved,
  title={Improved hybrid layered image compression using deep learning and traditional codecs},
  author={Fu, H. and Liang, F. and Lei, B. and Bian, N. and Zhang, Q. and Akbari, M. and Liang, J. and Tu, C.},
  journal={SP-IC},
  volume={82},
  pages={115774},
  year={2020},
  publisher={Elsevier}
}



@inproceedings{akbari2019dsslic,
  title={DSSLIC: {D}eep semantic segmentation-based layered image compression},
  author={Akbari, M. and Liang, J. and Han, J.},
  booktitle={IEEE ICASSP},
  pages={2042--2046},
  year={2019},
  organization={IEEE}
}


@inproceedings{chen2019lossy,
	title={Lossy intermediate deep learning feature compression and evaluation},
	author={Chen, Z. and Fan, K. and Wang, S. and Duan, L. and Lin, W. and Kot, A.},
	booktitle={ACM-MM},
	pages={2414--2422},
	year={2019}
}

@article{yang2023introduction,
  title={An introduction to neural data compression},
  author={Yang, Yibo and Mandt, Stephan and Theis, Lucas and others},
  journal={Foundations and Trends{\textregistered} in Computer Graphics and Vision},
  volume={15},
  number={2},
  pages={113--200},
  year={2023},
  publisher={Now Publishers, Inc.}
}

@inproceedings{blau2019rethinking,
  title={Rethinking lossy compression: The rate-distortion-perception tradeoff},
  author={Blau, Yochai and Michaeli, Tomer},
  booktitle={ICML},
  pages={675--685},
  year={2019},
  organization={PMLR}
}

@article{lan2021semantic,
  title={What is semantic communication? A view on conveying meaning in the era of machine intelligence},
  author={Lan, Qiao and Wen, Dingzhu and Zhang, Zezhong and Zeng, Qunsong and Chen, Xu and Popovski, Petar and Huang, Kaibin},
  journal={Journal of Communications and Information Networks},
  volume={6},
  number={4},
  pages={336--371},
  year={2021},
  publisher={PTP}
}

@article{zhong2017theory,
  title={A theory of semantic information},
  author={Zhong, Yixin},
  journal={China communications},
  volume={14},
  number={1},
  pages={1--17},
  year={2017},
  publisher={IEEE}
}

@article{melnik2024face,
  title={Face generation and editing with stylegan: A survey},
  author={Melnik, Andrew and Miasayedzenkau, Maksim and Makaravets, Dzianis and Pirshtuk, Dzianis and Akbulut, Eren and Holzmann, Dennis and Renusch, Tarek and Reichert, Gustav and Ritter, Helge},
  journal={IEEE Transactions on Pattern Analysis and Machine Intelligence},
  year={2024},
  publisher={IEEE}
}

@article{xia2022gan,
  title={Gan inversion: A survey},
  author={Xia, Weihao and Zhang, Yulun and Yang, Yujiu and Xue, Jing-Hao and Zhou, Bolei and Yang, Ming-Hsuan},
  journal={IEEE Transactions on Pattern Analysis and Machine Intelligence},
  volume={45},
  number={3},
  pages={3121--3138},
  year={2022},
  publisher={IEEE}
}

@inproceedings{yao2022style,
  title={A style-based gan encoder for high fidelity reconstruction of images and videos},
  author={Yao, Xu and Newson, Alasdair and Gousseau, Yann and Hellier, Pierre},
  booktitle={European conference on computer vision},
  pages={581--597},
  year={2022},
  organization={Springer}
}

@inproceedings{minnen2020channel,
  title={Channel-wise autoregressive entropy models for learned image compression},
  author={Minnen, David and Singh, Saurabh},
  booktitle={IEEE ICIP},
  pages={3339--3343},
  year={2020},
  organization={IEEE}
}

@inproceedings{he2022po,
  title={PO-ELIC: Perception-oriented efficient learned image coding},
  author={He, Dailan and Yang, Ziming and Yu, Hongjiu and Xu, Tongda and Luo, Jixiang and Chen, Yuan and Gao, Chenjian and Shi, Xinjie and Qin, Hongwei and Wang, Yan},
  booktitle={IEEE/CVF CVPR},
  pages={1764--1769},
  year={2022}
}

@article{yang2024lossy,
  title={Lossy image compression with conditional diffusion models},
  author={Yang, Ruihan and Mandt, Stephan},
  journal={Advances in NIPS},
  volume={36},
  year={2024}
}

@inproceedings{lei2023text+sketch,
  title={Text+ Sketch: Image Compression at Ultra Low Rates},
  author={Lei, Eric and Uslu, Yi\u{g}it Berkay and Hassani, Hamed and Bidokhti, Shirin Saeedi},
  booktitle={ICML 2023 Workshop on Neural Compression: From Information Theory to Applications},
  year={2023}
}

@inproceedings{careil2023towards,
  title={Towards image compression with perfect realism at ultra-low bitrates},
  author={Careil, Marlene and Muckley, Matthew J and Verbeek, Jakob and Lathuili{\`e}re, St{\'e}phane},
  booktitle={The Twelfth International Conference on Learning Representations},
  year={2023}
}

@article{pan2022extreme,
  title={Extreme generative image compression by learning text embedding from diffusion models},
  author={Pan, Zhihong and Zhou, Xin and Tian, Hao},
  journal={arXiv preprint arXiv:2211.07793},
  year={2022}
}

@article{li2024misc,
  title={â€˜Misc: Ultra-low bitrate image semantic compression driven by large multimodal model},
  author={Li, Chunyi and Lu, Guo and Feng, Donghui and Wu, Haoning and Zhang, Zicheng and Liu, Xiaohong and Zhai, Guangtao and Lin, Weisi and Zhang, Wenjun},
  journal={arXiv preprint arXiv:2402.16749},
  year={2024}
}

@article{wang2021towards,
  title={Towards analysis-friendly face representation with scalable feature and texture compression},
  author={Wang, Shurun and Wang, Shiqi and Yang, Wenhan and Zhang, Xinfeng and Wang, Shanshe and Ma, Siwei and Gao, Wen},
  journal={IEEE Transactions on Multimedia},
  volume={24},
  pages={3169--3181},
  year={2021},
  publisher={IEEE}
}

@inproceedings{huang2021deep,
  title={Deep learning-based image semantic coding for semantic communications},
  author={Huang, Danlan and Tao, Xiaoming and Gao, Feifei and Lu, Jianhua},
  booktitle={IEEE GLOBECOM},
  pages={1--6},
  year={2021},
  organization={IEEE}
}

@article{chang2022conceptual,
  title={Conceptual compression via deep structure and texture synthesis},
  author={Chang, Jianhui and Zhao, Zhenghui and Jia, Chuanmin and Wang, Shiqi and Yang, Lingbo and Mao, Qi and Zhang, Jian and Ma, Siwei},
  journal={IEEE Transactions on Image Processing},
  volume={31},
  pages={2809--2823},
  year={2022},
  publisher={IEEE}
}

@inproceedings{korber2024egic,
  title={Egic: enhanced low-bit-rate generative image compression guided by semantic segmentation},
  author={K{\"o}rber, Nikolai and Kromer, Eduard and Siebert, Andreas and Hauke, Sascha and Mueller-Gritschneder, Daniel and Schuller, Bj{\"o}rn},
  booktitle={European Conference on Computer Vision},
  pages={202--220},
  year={2024},
  organization={Springer}
}

@article{zhang2024machine,
  title={Machine Perception-Driven Facial Image Compression: A Layered Generative Approach},
  author={Zhang, Yuefeng and Jia, Chuanmin and Chang, Jianhui and Ma, Siwei},
  journal={IEEE Transactions on Circuits and Systems for Video Technology},
  year={2024},
  publisher={IEEE}
}

@inproceedings{li2021cross,
  title={Cross modal compression: Towards human-comprehensible semantic compression},
  author={Li, Jiguo and Jia, Chuanmin and Zhang, Xinfeng and Ma, Siwei and Gao, Wen},
  booktitle={Proceedings of the 29th ACM international conference on multimedia},
  pages={4230--4238},
  year={2021}
}

@inproceedings{rombach2022high,
  title={High-resolution image synthesis with latent diffusion models},
  author={Rombach, Robin and Blattmann, Andreas and Lorenz, Dominik and Esser, Patrick and Ommer, Bj{\"o}rn},
  booktitle={IEEE/CVF CVPR},
  pages={10684--10695},
  year={2022}
}

@article{ramesh2022hierarchical,
  title={Hierarchical text-conditional image generation with clip latents},
  author={Ramesh, Aditya and Dhariwal, Prafulla and Nichol, Alex and Chu, Casey and Chen, Mark},
  journal={arXiv preprint arXiv:2204.06125},
  volume={1},
  number={2},
  pages={3},
  year={2022}
}

@article{mao2023scalable,
  title={Scalable Face Image Coding via StyleGAN Prior: Towards Compression for Human-Machine Collaborative Vision},
  author={Mao, Qi and Wang, Chongyu and Wang, Meng and Wang, Shiqi and Chen, Ruijie and Jin, Libiao and Ma, Siwei},
  journal={IEEE Transactions on Image Processing},
  year={2023},
  publisher={IEEE}
}

@article{wang2004image,
  title={Image quality assessment: from error visibility to structural similarity},
  author={Wang, Zhou and Bovik, Alan C and Sheikh, Hamid R and Simoncelli, Eero P},
  journal={IEEE Transactions on Image Processing},
  volume={13},
  number={4},
  pages={600--612},
  year={2004},
  publisher={IEEE}
}

@article{Karras2017ProgressiveGO,
  title={Progressive Growing of GANs for Improved Quality, Stability, and Variation},
  author={Tero Karras and Timo Aila and Samuli Laine and Jaakko Lehtinen},
  journal={ArXiv},
  year={2017},
  volume={abs/1710.10196},
  url={https://api.semanticscholar.org/CorpusID:3568073}
}

@article{yu15lsun,
    Author = {Yu, Fisher and Zhang, Yinda and Song, Shuran and Seff, Ari and Xiao, Jianxiong},
    Title = {LSUN: Construction of a Large-scale Image Dataset using Deep Learning with Humans in the Loop},
    Journal = {arXiv preprint arXiv:1506.03365},
    Year = {2015}
}

@inproceedings{CelebAMask-HQ,
  title={MaskGAN: Towards Diverse and Interactive Facial Image Manipulation},
  author={Lee, Cheng-Han and Liu, Ziwei and Wu, Lingyun and Luo, Ping},
  booktitle={IEEE/CVF CVPR},
  year={2020}
}

@inproceedings{karras2019style,
  title={A style-based generator architecture for generative adversarial networks},
  author={Karras, Tero and Laine, Samuli and Aila, Timo},
  booktitle={IEEE/CVF CVPR},
  pages={4401--4410},
  year={2019}
}

@inproceedings{zhang2018unreasonable,
  title={The unreasonable effectiveness of deep features as a perceptual metric},
  author={Zhang, Richard and Isola, Phillip and Efros, Alexei A and Shechtman, Eli and Wang, Oliver},
  booktitle={IEEE/CVF CVPR},
  pages={586--595},
  year={2018}
}

@article{ding2020image,
  title={Image quality assessment: Unifying structure and texture similarity},
  author={Ding, Keyan and Ma, Kede and Wang, Shiqi and Simoncelli, Eero P},
  journal={IEEE Transactions on Pattern Analysis and Machine Intelligence},
  volume={44},
  number={5},
  pages={2567--2581},
  year={2020},
  publisher={IEEE}
}

@article{heusel2017gans,
  title={Gans trained by a two time-scale update rule converge to a local nash equilibrium},
  author={Heusel, Martin and Ramsauer, Hubert and Unterthiner, Thomas and Nessler, Bernhard and Hochreiter, Sepp},
  journal={Advances in NIPS},
  volume={30},
  year={2017}
}

@inproceedings{sutherland2018demystifying,
  title={Demystifying mmd gans},
  author={Sutherland, JD and Arbel, Michael and Gretton, Arthur},
  booktitle={International Conference for Learning Representations},
  pages={1--36},
  year={2018}
}

@article{garcia2017review,
  title={A review on deep learning techniques applied to semantic segmentation},
  author={Garcia-Garcia, Alberto and Orts-Escolano, Sergio and Oprea, Sergiu and Villena-Martinez, Victor and Garcia-Rodriguez, Jose},
  journal={arXiv preprint arXiv:1704.06857},
  year={2017}
}

@article{yan2021sssic,
  title={SSSIC: semantics-to-signal scalable image coding with learned structural representations},
  author={Yan, Ning and Gao, Changsheng and Liu, Dong and Li, Houqiang and Li, Li and Wu, Feng},
  journal={IEEE Transactions on Image Processing},
  volume={30},
  pages={8939--8954},
  year={2021},
  publisher={IEEE}
}

@article{liu2019variance,
  title={On the variance of the adaptive learning rate and beyond. arXiv 2019},
  author={Liu, Liyuan and Jiang, Haoming and He, Pengcheng and Chen, Weizhu and Liu, Xiaodong and Gao, Jianfeng and Han, Jiawei},
  journal={arXiv preprint arXiv:1908.03265},
  year={2019}
}

@article{zhang2019lookahead,
  title={Lookahead optimizer: k steps forward, 1 step back},
  author={Zhang, Michael and Lucas, James and Ba, Jimmy and Hinton, Geoffrey E},
  journal={Advances in NIPS},
  volume={32},
  year={2019}
}

@inproceedings{he2022elic,
  title={Elic: Efficient learned image compression with unevenly grouped space-channel contextual adaptive coding},
  author={He, Dailan and Yang, Ziming and Peng, Weikun and Ma, Rui and Qin, Hongwei and Wang, Yan},
  booktitle={IEEE/CVF CVPR},
  pages={5718--5727},
  year={2022}
}

@inproceedings{richardson2021encoding,
  title={Encoding in style: a stylegan encoder for image-to-image translation},
  author={Richardson, Elad and Alaluf, Yuval and Patashnik, Or and Nitzan, Yotam and Azar, Yaniv and Shapiro, Stav and Cohen-Or, Daniel},
  booktitle={IEEE/CVF CVPR},
  pages={2287--2296},
  year={2021}
}

@article{harkonen2020ganspace,
  title={Ganspace: Discovering interpretable gan controls},
  author={H{\"a}rk{\"o}nen, Erik and Hertzmann, Aaron and Lehtinen, Jaakko and Paris, Sylvain},
  journal={Advances in NIPS},
  volume={33},
  pages={9841--9850},
  year={2020}
}

@inproceedings{shen2020interpreting,
  title={Interpreting the latent space of gans for semantic face editing},
  author={Shen, Yujun and Gu, Jinjin and Tang, Xiaoou and Zhou, Bolei},
  booktitle={IEEE/CVF CVPR},
  pages={9243--9252},
  year={2020}
}

@article{kwon2022diffusion,
  title={Diffusion models already have a semantic latent space},
  author={Kwon, Mingi and Jeong, Jaeseok and Uh, Youngjung},
  journal={arXiv preprint arXiv:2210.10960},
  year={2022}
}

@article{gao2021recent,
  title={Recent standard development activities on video coding for machines},
  author={Gao, Wen and Liu, Shan and Xu, Xiaozhong and Rafie, Manouchehr and Zhang, Yuan and Curcio, Igor},
  journal={arXiv preprint arXiv:2105.12653},
  year={2021}
}

@article{krizhevsky2012imagenet,
  title={Imagenet classification with deep convolutional neural networks},
  author={Krizhevsky, Alex and Sutskever, Ilya and Hinton, Geoffrey E},
  journal={Advances in NIPS},
  volume={25},
  year={2012}
}

@article{wei2022e2style,
  title={E2Style: Improve the Efficiency and Effectiveness of StyleGAN Inversion},
  author={Wei, Tianyi and Chen, Dongdong and Zhou, Wenbo and Liao, Jing and Zhang, Weiming and Yuan, Lu and Hua, Gang and Yu, Nenghai},
  journal={IEEE Transactions on Image Processing},
  year={2022}
}

@inproceedings{deng2019arcface,
  title={Arcface: Additive angular margin loss for deep face recognition},
  author={Deng, Jiankang and Guo, Jia and Xue, Niannan and Zafeiriou, Stefanos},
  booktitle={IEEE/CVF CVPR},
  pages={4690--4699},
  year={2019}
}

@article{jamil2023learning,
  title={Learning-driven lossy image compression: A comprehensive survey},
  author={Jamil, Sonain and Piran, Md Jalil and Rahman, MuhibUr and Kwon, Oh-Jin},
  journal={Engineering Applications of Artificial Intelligence},
  volume={123},
  pages={106361},
  year={2023},
  publisher={Elsevier}
}

@article{cai2019end,
  title={End-to-end optimized ROI image compression},
  author={Cai, Chunlei and Chen, Li and Zhang, Xiaoyun and Gao, Zhiyong},
  journal={IEEE Transactions on Image Processing},
  volume={29},
  pages={3442--3457},
  year={2019},
  publisher={IEEE}
}

@article{hudson2018jpeg,
  title={JPEG-1 standard 25 years: past, present, and future reasons for a success},
  author={Hudson, Graham and L{\'e}ger, Alain and Niss, Birger and Sebesty{\'e}n, Istv{\'a}n and Vaaben, J{\o}rgen},
  journal={Journal of Electronic Imaging},
  volume={27},
  number={4},
  pages={040901--040901},
  year={2018},
  publisher={Society of Photo-Optical Instrumentation Engineers}
}

@article{hu2021learning,
  title={Learning end-to-end lossy image compression: A benchmark},
  author={Hu, Yueyu and Yang, Wenhan and Ma, Zhan and Liu, Jiaying},
  journal={IEEE Transactions on Pattern Analysis and Machine Intelligence},
  volume={44},
  number={8},
  pages={4194--4211},
  year={2021},
  publisher={IEEE}
}

@article{hussain2018image,
  title={Image compression techniques: A survey in lossless and lossy algorithms},
  author={Hussain, Abir Jaafar and Al-Fayadh, Ali and Radi, Naeem},
  journal={Neurocomputing},
  volume={300},
  pages={44--69},
  year={2018},
  publisher={Elsevier}
}

@inproceedings{christopoulos2000jpeg2000,
  title={JPEG2000: the new still picture compression standard},
  author={Christopoulos, Charilaos A and Ebrahimi, Touradj and Skodras, Athanassios N},
  booktitle={Proceedings of the 2000 ACM workshops on Multimedia},
  pages={45--49},
  year={2000}
}

@article{li2022region,
  title={Region-of-interest and channel attention-based joint optimization of image compression and computer vision},
  author={Li, Binglin and Ye, Linwei and Liang, Jie and Wang, Yang and Han, Jingning},
  journal={Neurocomputing},
  volume={500},
  pages={13--25},
  year={2022},
  publisher={Elsevier}
}

@inproceedings{arikan2024semantic,
  title={Semantic Image Compression Using Textual Transforms},
  author={Arikan, Lara and Weissman, Tsachy},
  booktitle={IEEE ISIT-W},
  pages={1--6},
  year={2024},
  organization={IEEE}
}

@inproceedings{prakash2017semantic,
  title={Semantic perceptual image compression using deep convolution networks},
  author={Prakash, Aaditya and Moran, Nick and Garber, Solomon and DiLillo, Antonella and Storer, James},
  booktitle={IEEE DCC},
  pages={250--259},
  year={2017},
  organization={IEEE}
}

@inproceedings{jiang2022does,
  title={Does text attract attention on e-commerce images: A novel saliency prediction dataset and method},
  author={Jiang, Lai and Li, Yifei and Li, Shengxi and Xu, Mai and Lei, Se and Guo, Yichen and Huang, Bo},
  booktitle={IEEE/CVF CVPR},
  pages={2088--2097},
  year={2022}
}

@article{li2017closed,
  title={Closed-form optimization on saliency-guided image compression for HEVC-MSP},
  author={Li, Shengxi and Xu, Mai and Ren, Yun and Wang, Zulin},
  journal={IEEE Transactions on Multimedia},
  volume={20},
  number={1},
  pages={155--170},
  year={2017},
  publisher={IEEE}
}

@article{toderici2015variable,
  title={Variable rate image compression with recurrent neural networks},
  author={Toderici, George and O'Malley, Sean M and Hwang, Sung Jin and Vincent, Damien and Minnen, David and Baluja, Shumeet and Covell, Michele and Sukthankar, Rahul},
  journal={arXiv preprint arXiv:1511.06085},
  year={2015}
}

@inproceedings{wang2003multiscale,
  title={Multiscale structural similarity for image quality assessment},
  author={Wang, Zhou and Simoncelli, Eero P and Bovik, Alan C},
  booktitle={The Thrity-Seventh Asilomar Conference on Signals, Systems \& Computers, 2003},
  volume={2},
  pages={1398--1402},
  year={2003},
  organization={Ieee}
}

@inproceedings{rippel2017real,
  title={Real-time adaptive image compression},
  author={Rippel, Oren and Bourdev, Lubomir},
  booktitle={ICML},
  pages={2922--2930},
  year={2017},
  organization={PMLR}
}

@inproceedings{preechakul2022diffusion,
  title={Diffusion autoencoders: Toward a meaningful and decodable representation},
  author={Preechakul, Konpat and Chatthee, Nattanat and Wizadwongsa, Suttisak and Suwajanakorn, Supasorn},
  booktitle={IEEE/CVF CVPR},
  pages={10619--10629},
  year={2022}
}

@article{song2020denoising,
  title={Denoising diffusion implicit models},
  author={Song, Jiaming and Meng, Chenlin and Ermon, Stefano},
  journal={arXiv preprint arXiv:2010.02502},
  year={2020}
}

@article{ho2020denoising,
  title={Denoising diffusion probabilistic models},
  author={Ho, Jonathan and Jain, Ajay and Abbeel, Pieter},
  journal={Advances in NIPS},
  volume={33},
  pages={6840--6851},
  year={2020}
}

@inproceedings{pappas2010image,
  title={Image analysis and compression: Renewed focus on texture},
  author={Pappas, Thrasyvoulos N and Zujovic, Jana and Neuhoff, David L},
  booktitle={Visual Information Processing and Communication},
  volume={7543},
  pages={178--189},
  year={2010},
  organization={SPIE}
}

@article{chang2023semantic,
  title={Semantic-aware visual decomposition for image coding},
  author={Chang, Jianhui and Zhang, Jian and Li, Jiguo and Wang, Shiqi and Mao, Qi and Jia, Chuanmin and Ma, Siwei and Gao, Wen},
  journal={International Journal of Computer Vision},
  volume={131},
  number={9},
  pages={2333--2355},
  year={2023},
  publisher={Springer}
}

@article{lee2024neural,
  title={Neural Image Compression with Text-guided Encoding for both Pixel-level and Perceptual Fidelity},
  author={Lee, Hagyeong and Kim, Minkyu and Kim, Jun-Hyuk and Kim, Seungeon and Oh, Dokwan and Lee, Jaeho},
  journal={arXiv preprint arXiv:2403.02944},
  year={2024}
}

@inproceedings{karras2020analyzing,
  title={Analyzing and improving the image quality of stylegan},
  author={Karras, Tero and Laine, Samuli and Aittala, Miika and Hellsten, Janne and Lehtinen, Jaakko and Aila, Timo},
  booktitle={IEEE/CVF CVPR},
  pages={8110--8119},
  year={2020}
}

@inproceedings{krause20133d,
  title={3d object representations for fine-grained categorization},
  author={Krause, Jonathan and Stark, Michael and Deng, Jia and Fei-Fei, Li},
  booktitle={Proceedings of the IEEE international conference on computer vision workshops},
  pages={554--561},
  year={2013}
}

@inproceedings{wang2021HFGI,
  title={High-Fidelity GAN Inversion for Image Attribute Editing},
  author={Wang, Tengfei and Zhang, Yong and Fan, Yanbo and Wang, Jue and Chen, Qifeng},
  booktitle = {IEEE/CVF CVPR},
  year={2022}
}

@article{shen2020interfacegan,
  title={Interfacegan: Interpreting the disentangled face representation learned by gans},
  author={Shen, Yujun and Yang, Ceyuan and Tang, Xiaoou and Zhou, Bolei},
  journal={IEEE Transactions on Pattern Analysis and Machine Intelligence},
  volume={44},
  number={4},
  pages={2004--2018},
  year={2020},
  publisher={IEEE}
}

@inproceedings{kim2017deep,
  title={Deep learning of human visual sensitivity in image quality assessment framework},
  author={Kim, Jongyoo and Lee, Sanghoon},
  booktitle={IEEE/CVF CVPR},
  pages={1676--1684},
  year={2017}
}

@inproceedings{korber2024perco,
  title={PerCo (SD): Open Perceptual Compression},
  author={K{\"o}rber, Nikolai},
  booktitle={Workshop on Machine Learning and Compression, NIPS 2024}
}

@inproceedings{guo2024smooth,
  title={Smooth diffusion: Crafting smooth latent spaces in diffusion models},
  author={Guo, Jiayi and Xu, Xingqian and Pu, Yifan and Ni, Zanlin and Wang, Chaofei and Vasu, Manushree and Song, Shiji and Huang, Gao and Shi, Humphrey},
  booktitle={IEEE/CVF CVPR},
  pages={7548--7558},
  year={2024}
}

@inproceedings{wu2023latent,
  title={A latent space of stochastic diffusion models for zero-shot image editing and guidance},
  author={Wu, Chen Henry and De la Torre, Fernando},
  booktitle={IEEE/CVF ICCV},
  pages={7378--7387},
  year={2023}
}