@inproceedings{bengio2021gflownets,
  title={Flow Network based Generative Models for Non-Iterative Diverse Candidate Generation},
  author={Bengio, Emmanuel and Jain, Moksh and Korablyov, Maksym and Precup, Doina and Bengio, Yoshua},
  booktitle={Advances in Neural Information Processing Systems},
  year={2021},
}

@article{bengio2023foundations,
  author  = {Yoshua Bengio and Salem Lahlou and Tristan Deleu and Edward J. Hu and Mo Tiwari and Emmanuel Bengio},
  title   = {GFlowNet Foundations},
  journal = {Journal of Machine Learning Research},
  year    = {2023},
  volume  = {24},
  number  = {210},
  pages   = {1--55}
}

@article{berner2024dis,
  title={An Optimal Control Perspective on Diffusion-based Generative Modeling},
  author={Berner, Julius and Richter, Lorenz and Ullrich, Karen},
  journal={Transactions on Machine Learning Research},
  issn={2835-8856},
  year={2024}
}

@article{brooks2012handbookmcmc,
  title={Handbook of Markov Chain Monte Carlo: Hardcover},
  author={Steve P. Brooks and Andrew Gelman and Galin L. Jones and Xiao-Li Meng},
  journal={CHANCE},
  year={2012},
  volume={25},
  pages={53--55},
}

@inproceedings{chen2014stochastic,
  title={Stochastic Gradient Hamiltonian Monte Carlo},
  author={Chen, Tianqi and Fox, Emily and Guestrin, Carlos},
  booktitle={International Conference on Machine Learning},
  pages={1683--1691},
  year={2014},
  organization={PMLR}
}

@inproceedings{chen2025SCLD,
  title={Sequential Controlled Langevin Diffusions},
  author={Junhua Chen and Lorenz Richter and Julius Berner and Denis Blessing and Gerhard Neumann and Anima Anandkumar},
  booktitle={Proceedings of the International Conference on Learning Representations (ICLR)},
  year={2025}
}

@article{duance1987hmc,
    title = {Hybrid Monte Carlo},
    journal = {Physics Letters B},
    volume = {195},
    number = {2},
    pages = {216--222},
    year = {1987},
    issn = {0370-2693},
    author = {Simon Duane and A.D. Kennedy and Brian J. Pendleton and Duncan Roweth},
}

@inproceedings{frans2025shortcut,
  title={One Step Diffusion via Shortcut Models},
  author={Kevin Frans and Danijar Hafner and Sergey Levine and Pieter Abbeel},
  booktitle={Proceedings of the International Conference on Learning Representations},
  year={2025},
  organization={ICLR},
}

@inproceedings{geffner2023langevin,
  title={Langevin Diffusion Variational Inference},
  author={Geffner, Tomas and Domke, Justin},
  booktitle={International Conference on Artificial Intelligence and Statistics},
  pages={576--593},
  year={2023},
  organization={PMLR}
}

@article{geman1984gibbs,
  title={Stochastic Relaxation, Gibbs Distributions, and the Bayesian Restoration of Images},
  author={Geman, Stuart and Geman, Donald},
  journal={IEEE Transactions on Pattern Analysis and Machine Intelligence},
  volume={PAMI-6},
  number={6},
  pages={721--741},
  year={1984},
  publisher={IEEE}
}

@inproceedings{gershman2014amortized,
  title={Amortized Inference in Probabilistic Reasoning},
  author={Gershman, Samuel J. and Goodman, Noah D.},
  booktitle={Proceedings of the Annual Meeting of the Cognitive Science Society},
  year={2014},
  publisher={Stanford University}
}

@article{hastings1970monte,
  title={Monte Carlo Sampling Methods using Markov Chains and their Applications},
  author={Hastings, W. Keith},
  journal={Biometrika},
  volume={57},
  number={1},
  pages={97--109},
  year={1970},
  publisher={Oxford University Press}
}

@article{li2017amortizedmcmc,
  title={Approximate Inference with Amortised MCMC},
  author={Li, Yingzhen and Turner, Richard E and Liu, Qiang},
  journal={arXiv preprint arXiv:1702.08343},
  year={2017}
}

@inproceedings{liu2023flowstraight,
  title={Flow Straight and Fast: Learning to Generate and Transfer Data with Rectified Flow},
  author={Xingchao Liu and Chengyue Gong and Qiang Liu},
  booktitle={International Conference on Learning Representations},
  year={2023}
}

@book{mackay2003mcmcbook,
	title={Information Theory, Inference and Learning Algorithms},
	author={MacKay, David JC},
	year={2003},
	publisher={Cambridge University Press}
}

@inproceedings{meng2023distillation,
  title={On distillation of guided diffusion models},
  author={Meng, Chenlin and Rombach, Robin and Gao, Ruiqi and Kingma, Diederik and Ermon, Stefano and Ho, Jonathan and Salimans, Tim},
  booktitle={Proceedings of the IEEE/CVF Conference on Computer Vision and Pattern Recognition},
  year={2023}
}

@article{metropolis1953equation,
  title={Equation of State Calculations by Fast Computing Machines},
  author={Metropolis, Nicholas and Rosenbluth, Arianna W. and Rosenbluth, Marshall N. and Teller, Augusta H. and Teller, Edward},
  journal={The Journal of Chemical Physics},
  volume={21},
  number={6},
  pages={1087--1092},
  year={1953},
  publisher={AIP Publishing}
}

@article{parisi1981langevin,
    title = {Correlation Functions and Computer Simulations},
    journal = {Nuclear Physics B},
    volume = {180},
    number = {3},
    pages = {378--384},
    year = {1981},
    author = {G. Parisi},
}

@misc{phillips2024particle,
      title={Particle Denoising Diffusion Sampler}, 
      author={Angus Phillips and Hai-Dang Dau and Michael John Hutchinson and Valentin De Bortoli and George Deligiannidis and Arnaud Doucet},
      year={2024},
      eprint={2402.06320},
      archivePrefix={arXiv},
      primaryClass={stat.ML}
}

@inproceedings{richter2024improved,
  title={Improved Sampling via Learned Diffusions},
  author={Richter, Lorenz and Berner, Julius},
  booktitle={International Conference on Learning Representations},
  year={2024}
}

@article{rossky1978langevin,
    author = {Rossky, P. J. and Doll, J. D. and Friedman, H. L.},
    title = "{Brownian Dynamics as Smart Monte Carlo Simulation}",
    journal = {The Journal of Chemical Physics},
    volume = {69},
    number = {10},
    pages = {4628--4633},
    year = {1978},
    month = {11},
}

@inproceedings{salimans2022progdist,
    title={Progressive Distillation for Fast Sampling of Diffusion Models},
    author={Tim Salimans and Jonathan Ho},
    booktitle={International Conference on Learning Representations},
    year={2022},
}

@article{schrodinger1931umkehrung,
  author = {Schrödinger, Erwin},
  title = {Über die Umkehrung der Naturgesetze},
  journal = {Sitzungsberichte der Preussischen Akademie der Wissenschaften Berlin, Physikalisch-Mathematische Klasse},
  year = {1931},
  pages = {144--153}
}

@article{schrodinger1932relativiste,
  author = {Schrödinger, Erwin},
  title = {Sur la Théorie Relativiste de l'Électron et l'Interprétation de la Mécanique Quantique},
  journal = {Annales de l'Institut Henri Poincaré},
  volume = {2},
  pages = {269--310},
  year = {1932}
}

@article{song2023consistency,
  title={Consistency Models},
  author={Song, Yang and Dhariwal, Prafulla and Chen, Mark and Sutskever, Ilya},
  journal={arXiv preprint arXiv:2303.01469},
  year={2023},
}

@article{song2023improved,
  title={Improved Techniques for Training Consistency Models},
  author={Song, Yang and Dhariwal, Prafulla},
  journal={arXiv preprint arXiv:2310.14189},
  year={2023}
}

@inproceedings{welling2011langevin,
	author = {Welling, Max and Teh, Yee Whye},
	title = {Bayesian Learning via Stochastic Gradient Langevin Dynamics},
	year = {2011},
	isbn = {9781450306195},
	publisher = {Omnipress},
	address = {Madison, WI, USA},
	booktitle = {International Conference on Machine Learning},
	pages = {681--688},
	numpages = {8}
}

@article{zhang2019cyclical,
  title={Cyclical Stochastic Gradient MCMC for Bayesian deep learning},
  author={Zhang, Ruqi and Li, Chunyuan and Zhang, Jianyi and Chen, Changyou and Wilson, Andrew Gordon},
  journal={International Conference on Learning Representations},
  year={2020}
}

@inproceedings{zhang2020amagold,
  title={AMAGOLD: Amortized Metropolis Adjustment for Efficient Stochastic Gradient MCMC},
  author={Zhang, Ruqi and Cooper, A Feder and De Sa, Christopher},
  booktitle={International Conference on Artificial Intelligence and Statistics},
  pages={2142--2152},
  year={2020},
  organization={PMLR}
}

@inproceedings{zhang2022pis,
title={Path Integral Sampler: A Stochastic Control Approach For Sampling},
author={Qinsheng Zhang and Yongxin Chen},
booktitle={International Conference on Learning Representations},
year={2022},
}

@inproceedings{zhang2024dgfs,
  title={Diffusion Generative Flow Samplers: Improving Learning Signals through Partial Trajectory Optimization},
  author={Zhang, Dinghuai and Chen, Ricky Tian Qi and Liu, Cheng-Hao and Courville, Aaron and Bengio, Yoshua},
  booktitle={International Conference on Learning Representations},
  year={2024},
}

