@inproceedings{sohl2015thermo,
  title={Deep Unsupervised Learning Using Nonequilibrium Thermodynamics},
  author={Sohl-Dickstein, Jascha and Weiss, Eric and Maheswaranathan, Niru and Ganguli, Surya},
  booktitle={International Conference on Machine Learning},
  pages={2256--2265},
  year={2015},
  organization={PMLR}
}

@article{song2019smld,
  title={Generative Modeling by Estimating Gradients of the Data Distribution},
  author={Song, Yang and Ermon, Stefano},
  journal={Advances in Neural Information Processing Systems},
  volume={32},
  year={2019}
}

@inproceedings{richter2024improved,
  title={Improved Sampling via Learned Diffusions},
  author={Richter, Lorenz and Berner, Julius},
  booktitle={International Conference on Learning Representations},
  year={2024}
}

@article{berner2024dis,
  title={An Optimal Control Perspective on Diffusion-based Generative Modeling},
  author={Berner, Julius and Richter, Lorenz and Ullrich, Karen},
  journal={Transactions on Machine Learning Research},
  issn={2835-8856},
  year={2024}
}

@inproceedings{zhang2022pis,
title={Path Integral Sampler: A Stochastic Control Approach For Sampling},
author={Qinsheng Zhang and Yongxin Chen},
booktitle={International Conference on Learning Representations},
year={2022},
}

@inproceedings{song2021sde,
  title={Score-Based Generative Modeling through Stochastic Differential Equations},
  author={Yang Song and Jascha Sohl-Dickstein and Diederik P Kingma and Abhishek Kumar and Stefano Ermon and Ben Poole},
  booktitle={International Conference on Learning Representations},
  year={2021},
}

@article{song2023consistency,
  title={Consistency Models},
  author={Song, Yang and Dhariwal, Prafulla and Chen, Mark and Sutskever, Ilya},
  journal={arXiv preprint arXiv:2303.01469},
  year={2023},
}

@inproceedings{karras2022edm,
  author    = {Tero Karras and Miika Aittala and Timo Aila and Samuli Laine},
  title     = {Elucidating the Design Space of Diffusion-Based Generative Models},
  booktitle = {Advances in Neural Information Processing Systems},
  year      = {2022}
}

@inproceedings{ho2020ddpm,
  title={Denoising Diffusion Probabilistic Models},
  author={Jonathan Ho and Ajay Jain and Pieter Abbeel},
  booktitle={Advances in Neural Information Processing Systems},
  volume={33},
  pages={6840--6851},
  year={2020}
}

@article{song2023improved,
  title={Improved Techniques for Training Consistency Models},
  author={Song, Yang and Dhariwal, Prafulla},
  journal={arXiv preprint arXiv:2310.14189},
  year={2023}
}

@article{Anderson1982ReversetimeDE,
  title={Reverse-time Diffusion Equation Models},
  author={Brian. D. O. Anderson},
  journal={Stochastic Processes and their Applications},
  year={1982},
  volume={12},
  pages={313--326}
}

@inproceedings{
    vargas2023dds,
    title={Denoising Diffusion Samplers},
    author={Francisco Vargas and Will Sussman Grathwohl and Arnaud Doucet},
    booktitle={International Conference on Learning Representations},
    year={2023},
}

@article{wu2020snf,
  title={Stochastic Normalizing Flows},
  author={Wu, Hao and K{\"o}hler, Jonas and No{\'e}, Frank},
  journal={Advances in Neural Information Processing Systems},
  volume={33},
  pages={5933--5944},
  year={2020}
}

@inproceedings{cuturi2013sinkhorn,
  title={Sinkhorn distances: Lightspeed computation of optimal transport},
  author={Cuturi, Marco},
  booktitle={Advances in Neural Information Processing Systems},
  pages={2292--2300},
  year={2013}
}

@inproceedings{zhang2024dgfs,
  title={Diffusion Generative Flow Samplers: Improving Learning Signals through Partial Trajectory Optimization},
  author={Zhang, Dinghuai and Chen, Ricky Tian Qi and Liu, Cheng-Hao and Courville, Aaron and Bengio, Yoshua},
  booktitle={International Conference on Learning Representations},
  year={2024},
}

@book{mackay2003mcmcbook,
	title={Information Theory, Inference and Learning Algorithms},
	author={MacKay, David JC},
	year={2003},
	publisher={Cambridge University Press}
}

@article{robert1995convergencemcmc,
	author = {Christian P. Robert},
	title = {Convergence Control Methods for Markov Chain Monte Carlo Algorithms},
	volume = {10},
	journal = {Statistical Science},
	number = {3},
	publisher = {Institute of Mathematical Statistics},
	pages = {231--253},
	year = {1995},
}

@article{blei2017variational,
  title={Variational Inference: A Review for Statisticians},
  author={Blei, David M and Kucukelbir, Alp and McAuliffe, Jon D},
  journal={Journal of the American Statistical Association},
  volume={112},
  number={518},
  pages={859--877},
  year={2017},
  publisher={Taylor \& Francis}
}

@article{zhang2018advances,
  title={Advances in Variational Inference},
  author={Zhang, Cheng and B{\"u}tepage, Judith and Kjellstr{\"o}m, Hedvig and Mandt, Stephan},
  journal={IEEE Transactions on Pattern Analysis and Machine Intelligence},
  volume={41},
  number={8},
  pages={2008--2026},
  year={2018},
  publisher={IEEE}
}

@inproceedings{salimans2022progdist,
    title={Progressive Distillation for Fast Sampling of Diffusion Models},
    author={Tim Salimans and Jonathan Ho},
    booktitle={International Conference on Learning Representations},
    year={2022},
}

@inproceedings{neal1995bayesian,
  title={Bayesian learning for neural networks},
  author={Radford M. Neal},
  year={1995},
}

@inproceedings{hernandez2015probabilistic,
  title={Probabilistic Backpropagation for Scalable Learning of Bayesian Neural Networks},
  author={Hern{\'a}ndez-Lobato, Jos{\'e} Miguel and Adams, Ryan},
  booktitle={International Conference on Machine Learning},
  pages={1861--1869},
  year={2015},
  organization={PMLR}
}

@article{neal2001annealed,
  title={Annealed Importance Sampling},
  author={Neal, Radford M},
  journal={Statistics and Computing},
  volume={11},
  pages={125--139},
  year={2001},
  publisher={Springer}
}

@article{andrieu2003mcmc,
  title={An Introduction to MCMC for Machine Learning},
  author={Andrieu, Christophe and de Freitas, Nando and Doucet, Arnaud and Jordan, Michael I.},
  journal={Machine Learning},
  volume={50},
  number={1-2},
  pages={5--43},
  year={2003},
  publisher={Springer},
}

@article{wu2019solving,
  title={Solving Statistical Mechanics using Variational Autoregressive Networks},
  author={Wu, Dian and Wang, Lei and Zhang, Pan},
  journal={Physical Review Letters},
  volume={122},
  number={8},
  pages={080602},
  year={2019},
  publisher={APS}
}

@article{albergo2019flow,
  title={Flow-based Generative Models for Markov chain Monte Carlo in Lattice Field Theory},
  author={Albergo, Michael S and Kanwar, Gurtej and Shanahan, Phiala E},
  journal={Physical Review D},
  volume={100},
  number={3},
  pages={034515},
  year={2019},
  publisher={APS}
}

@book{frenkel2002molecularsimulation,
  title={Understanding Molecular Simulation: From Algorithms to Applications},
  author={Frenkel, Daan and Smit, Berend},
  year={2002},
  publisher={Academic Press},
  address={Amsterdam, The Netherlands},
  isbn={978-0-12-267351-1},
}

@article{hollingsworth2018moleculardynamics,
	title = {Molecular Dynamics Simulation for All},
	journal = {Neuron},
	volume = {99},
	number = {6},
	pages = {1129--1143},
	year = {2018},
	issn = {0896-6273},
	author = {Scott A. Hollingsworth and Ron O. Dror},
}

@article{hyvarinen2005scorematching,
  author  = {Aapo Hyv{{\"a}}rinen},
  title   = {Estimation of Non-Normalized Statistical Models by Score Matching},
  journal = {Journal of Machine Learning Research},
  year    = {2005},
  volume  = {6},
  number  = {24},
  pages   = {695--709},
}

@inproceedings{mathieu2020rcnf,
	author = {Mathieu, Emile and Nickel, Maximilian},
	title = {Riemannian Continuous Normalizing Flows},
	year = {2020},
	isbn = {9781713829546},
	publisher = {Curran Associates Inc.},
	address = {Red Hook, NY, USA},
	booktitle = {Advances in Neural Information Processing Systems},
	articleno = {211},
	numpages = {13},
}

@inproceedings{chen2018neuralode,
  title={Neural Ordinary Differential Equations},
  author={Chen, Tian Qi and Rubanova, Yulia and Bettencourt, Jesse and Duvenaud, David},
  booktitle={Advances in Neural Information Processing Systems},
  volume={31},
  year={2018},
  publisher={Curran Associates, Inc.}
}

@inproceedings{rezende2015variationalnf,
  title={Variational Inference with Normalizing Flows},
  author={Rezende, Danilo and Mohamed, Shakir},
  booktitle={International Conference on Machine Learning},
  pages={1530--1538},
  year={2015},
  organization={PMLR}
}


@article{brooks2012handbookmcmc,
  title={Handbook of Markov Chain Monte Carlo: Hardcover},
  author={Steve P. Brooks and Andrew Gelman and Galin L. Jones and Xiao-Li Meng},
  journal={CHANCE},
  year={2012},
  volume={25},
  pages={53--55},
}

@inproceedings{welling2011langevin,
	author = {Welling, Max and Teh, Yee Whye},
	title = {Bayesian Learning via Stochastic Gradient Langevin Dynamics},
	year = {2011},
	isbn = {9781450306195},
	publisher = {Omnipress},
	address = {Madison, WI, USA},
	booktitle = {International Conference on Machine Learning},
	pages = {681--688},
	numpages = {8}
}

@book{doucet2001sequential,
  title={Sequential Monte Carlo Methods in Practice},
  author={Doucet, Arnaud and De Freitas, Nando and Gordon, Neil J},
  year={2001},
  publisher={Springer},
  series={Statistics for Engineering and Information Science}
}

@article{dinh2014nice,
  title={Nice: Non-linear Independent Components Estimation},
  author={Dinh, Laurent and Krueger, David and Bengio, Yoshua},
  journal={arXiv preprint arXiv:1410.8516},
  year={2014}
}

@article{duance1987hmc,
    title = {Hybrid Monte Carlo},
    journal = {Physics Letters B},
    volume = {195},
    number = {2},
    pages = {216--222},
    year = {1987},
    issn = {0370-2693},
    author = {Simon Duane and A.D. Kennedy and Brian J. Pendleton and Duncan Roweth},
}

@inproceedings{chen2014stochastic,
  title={Stochastic Gradient Hamiltonian Monte Carlo},
  author={Chen, Tianqi and Fox, Emily and Guestrin, Carlos},
  booktitle={International Conference on Machine Learning},
  pages={1683--1691},
  year={2014},
  organization={PMLR}
}

@article{gao2020flow,
  title={i-flow: High-dimensional Integration and Sampling with Normalizing Flows},
  author={Gao, Christina and Isaacson, Joshua and Krause, Claudius},
  journal={Machine Learning: Science and Technology},
  volume={1},
  number={4},
  pages={045023},
  year={2020},
  publisher={IOP Publishing}
}

@inproceedings{matthews2022continual,
  title={Continual Repeated Annealed Flow Transport Monte Carlo},
  author={Matthews, Alex and Arbel, Michael and Rezende, Danilo Jimenez and Doucet, Arnaud},
  booktitle={International Conference on Machine Learning},
  pages={15196--15219},
  year={2022},
  organization={PMLR}
}

@article{schrodinger1931umkehrung,
  author = {Schrödinger, Erwin},
  title = {Über die Umkehrung der Naturgesetze},
  journal = {Sitzungsberichte der Preussischen Akademie der Wissenschaften Berlin, Physikalisch-Mathematische Klasse},
  year = {1931},
  pages = {144--153}
}

@article{schrodinger1932relativiste,
  author = {Schrödinger, Erwin},
  title = {Sur la Théorie Relativiste de l'Électron et l'Interprétation de la Mécanique Quantique},
  journal = {Annales de l'Institut Henri Poincaré},
  volume = {2},
  pages = {269--310},
  year = {1932}
}

@misc{phillips2024particle,
      title={Particle Denoising Diffusion Sampler}, 
      author={Angus Phillips and Hai-Dang Dau and Michael John Hutchinson and Valentin De Bortoli and George Deligiannidis and Arnaud Doucet},
      year={2024},
      eprint={2402.06320},
      archivePrefix={arXiv},
      primaryClass={stat.ML}
}

@inproceedings{tzen2019theoretical,
  title={Theoretical Ruarantees for Sampling and Inference in Generative Models with Latent Diffusions},
  author={Tzen, Belinda and Raginsky, Maxim},
  booktitle={Conference on Learning Theory},
  pages={3084--3114},
  year={2019},
  organization={PMLR}
}

@article{vargas2022schrodingerfollmer,
	author = {Vargas, Francisco and Ovsianas, Andrius and Fernandes, David and Girolami, Mark and Lawrence, Neil and Nüsken, Nikolas},
	year = {2022},
	month = {11},
	pages = {},
	title = {Bayesian learning via Neural Schrödinger–Föllmer Flows},
	volume = {33},
	journal = {Statistics and Computing},
}

@inproceedings{geffner2023langevin,
  title={Langevin Diffusion Variational Inference},
  author={Geffner, Tomas and Domke, Justin},
  booktitle={International Conference on Artificial Intelligence and Statistics},
  pages={576--593},
  year={2023},
  organization={PMLR}
}

@article{robert2018accelerating,
  title={Accelerating MCMC Algorithms},
  author={Robert, Christian P and Elvira, V{\'\i}ctor and Tawn, Nick and Wu, Changye},
  journal={Wiley Interdisciplinary Reviews: Computational Statistics},
  volume={10},
  number={5},
  pages={e1435},
  year={2018},
  publisher={Wiley Online Library}
}

@article{bardenet2017markov,
  title={On Markov Chain Monte Carlo Methods for Tall Data},
  author={Bardenet, R{\'e}mi and Doucet, Arnaud and Holmes, Chris},
  journal={Journal of Machine Learning Research},
  volume={18},
  number={47},
  pages={1--43},
  year={2017}
}

@article{metropolis1953equation,
  title={Equation of State Calculations by Fast Computing Machines},
  author={Metropolis, Nicholas and Rosenbluth, Arianna W. and Rosenbluth, Marshall N. and Teller, Augusta H. and Teller, Edward},
  journal={The Journal of Chemical Physics},
  volume={21},
  number={6},
  pages={1087--1092},
  year={1953},
  publisher={AIP Publishing}
}

@article{hastings1970monte,
  title={Monte Carlo Sampling Methods using Markov Chains and their Applications},
  author={Hastings, W. Keith},
  journal={Biometrika},
  volume={57},
  number={1},
  pages={97--109},
  year={1970},
  publisher={Oxford University Press}
}

@article{andrieu2009pseudomh,
  title={The Pseudo-Marginal Approach for Efficient Monte Carlo Computations},
  author={Andrieu, Christophe and Roberts, Gareth O.},
  journal={The Annals of Statistics},
  volume={37},
  number={2},
  pages={697--725},
  year={2009},
  publisher={Institute of Mathematical Statistics}
}

@article{geyer1991tempering,
  title={Markov Chain Monte Carlo Maximum Likelihood},
  author={Geyer, Charles J.},
  journal={Computing Science and Statistics},
  volume={23},
  pages={156--163},
  year={1991}
}
@article{marinari1992simulated,
  title={Simulated Tempering: a new Monte Carlo Scheme},
  author={Marinari, Enzo and Parisi, Giorgio},
  journal={EPL (Europhysics Letters)},
  volume={19},
  number={6},
  pages={451},
  year={1992},
  publisher={IOP Publishing}
}

@article{vincent2011denoisingscorematching,
  title={A Connection Between Score Matching and Denoising Autoencoders},
  author={Vincent, Pascal},
  journal={Neural Computation},
  volume={23},
  number={7},
  pages={1661--1674},
  year={2011},
  publisher={MIT Press}
}

@article{jolicoeurmartineau2021gotta,
      title={Gotta Go Fast When Generating Data with Score-Based Models}, 
      author={Alexia Jolicoeur-Martineau and Ke Li and R{\'e}mi Pich{\'e}-Taillefer and Tal Kachman and Ioannis Mitliagkas},
      journal={arXiv preprint arXiv:2105.14080},
      year={2021}
}

@inproceedings{nichol2021iddpm,
  title={Improved Denoising Diffusion Probabilistic Models},
  author={Nichol, Alexander Quinn and Dhariwal, Prafulla},
  booktitle={International Conference on Machine Learning},
  pages={8162--8171},
  year={2021},
  organization={PMLR}
}

@inproceedings{song2021ddim,
  title={Denoising Diffusion Implicit Models},
  author={Song, Jiaming and Meng, Chenlin and Ermon, Stefano},
  booktitle={International Conference on Learning Representations},
  year={2021}
}

@inproceedings{dinh2017realnvp,
    title={Density Estimation using Real {NVP}},
    author={Laurent Dinh and Jascha Sohl-Dickstein and Samy Bengio},
    booktitle={International Conference on Learning Representations},
    year={2017}
}

@article{geman1984gibbs,
  title={Stochastic Relaxation, Gibbs Distributions, and the Bayesian Restoration of Images},
  author={Geman, Stuart and Geman, Donald},
  journal={IEEE Transactions on Pattern Analysis and Machine Intelligence},
  volume={PAMI-6},
  number={6},
  pages={721--741},
  year={1984},
  publisher={IEEE}
}

@inproceedings{gershman2014amortized,
  title={Amortized Inference in Probabilistic Reasoning},
  author={Gershman, Samuel J. and Goodman, Noah D.},
  booktitle={Proceedings of the Annual Meeting of the Cognitive Science Society},
  year={2014},
  publisher={Stanford University}
}

@article{li2017amortizedmcmc,
  title={Approximate Inference with Amortised MCMC},
  author={Li, Yingzhen and Turner, Richard E and Liu, Qiang},
  journal={arXiv preprint arXiv:1702.08343},
  year={2017}
}
@article{zhang2020asymptotically,
  title={Asymptotically Optimal Exact Minibatch Metropolis-Hastings},
  author={Zhang, Ruqi and Cooper, A Feder and De Sa, Christopher M},
  journal={Advances in Neural Information Processing Systems},
  volume={33},
  pages={19500--19510},
  year={2020}
}
@article{zhang2019poisson,
  title={Poisson-Minibatching for Gibbs Sampling with Convergence Rate Guarantees},
  author={Zhang, Ruqi and De Sa, Christopher M},
  journal={Advances in Neural Information Processing Systems},
  volume={32},
  year={2019}
}
@inproceedings{zhang2020amagold,
  title={AMAGOLD: Amortized Metropolis Adjustment for Efficient Stochastic Gradient MCMC},
  author={Zhang, Ruqi and Cooper, A Feder and De Sa, Christopher},
  booktitle={International Conference on Artificial Intelligence and Statistics},
  pages={2142--2152},
  year={2020},
  organization={PMLR}
}
@article{zhang2019cyclical,
  title={Cyclical Stochastic Gradient MCMC for Bayesian deep learning},
  author={Zhang, Ruqi and Li, Chunyuan and Zhang, Jianyi and Chen, Changyou and Wilson, Andrew Gordon},
  journal={International Conference on Learning Representations},
  year={2020}
}

@article{rossky1978langevin,
    author = {Rossky, P. J. and Doll, J. D. and Friedman, H. L.},
    title = "{Brownian Dynamics as Smart Monte Carlo Simulation}",
    journal = {The Journal of Chemical Physics},
    volume = {69},
    number = {10},
    pages = {4628--4633},
    year = {1978},
    month = {11},
}

@article{parisi1981langevin,
    title = {Correlation Functions and Computer Simulations},
    journal = {Nuclear Physics B},
    volume = {180},
    number = {3},
    pages = {378--384},
    year = {1981},
    author = {G. Parisi},
}

@article{bengio2023foundations,
  author  = {Yoshua Bengio and Salem Lahlou and Tristan Deleu and Edward J. Hu and Mo Tiwari and Emmanuel Bengio},
  title   = {GFlowNet Foundations},
  journal = {Journal of Machine Learning Research},
  year    = {2023},
  volume  = {24},
  number  = {210},
  pages   = {1--55}
}

@inproceedings{bengio2021gflownets,
  title={Flow Network based Generative Models for Non-Iterative Diverse Candidate Generation},
  author={Bengio, Emmanuel and Jain, Moksh and Korablyov, Maksym and Precup, Doina and Bengio, Yoshua},
  booktitle={Advances in Neural Information Processing Systems},
  year={2021},
}

@InProceedings{kingma2015adam,
  author    = {Kingma, Diederik and Ba, Jimmy},
  booktitle = {International Conference on Learning Representations},
  title     = {Adam: A Method for Stochastic Optimization},
  year      = {2015},
  address   = {San Diega, CA, USA},
  optmonth  = {12},
}


@inproceedings{frans2025shortcut,
  title={One Step Diffusion via Shortcut Models},
  author={Kevin Frans and Danijar Hafner and Sergey Levine and Pieter Abbeel},
  booktitle={Proceedings of the International Conference on Learning Representations},
  year={2025},
  organization={ICLR},
}

@inproceedings{lipman2023flowmatching,
  title={Flow Matching for Generative Modeling},
  author={Yaron Lipman and Ricky T. Q. Chen and Heli Ben-Hamu and Maximilian Nickel and Matt Le},
  booktitle={International Conference on Learning Representations},
  year={2023}
}

@inproceedings{liu2023flowstraight,
  title={Flow Straight and Fast: Learning to Generate and Transfer Data with Rectified Flow},
  author={Xingchao Liu and Chengyue Gong and Qiang Liu},
  booktitle={International Conference on Learning Representations},
  year={2023}
}

@article{ojeda2009monte,
  title={Monte Carlo simulations of proteins in cages: influence of confinement on the stability of intermediate states},
  author={Ojeda, Pedro and Garcia, Martin E and Londo{\~n}o, Aurora and Chen, Nan-Yow},
  journal={Biophysical journal},
  volume={96},
  number={3},
  pages={1076--1082},
  year={2009},
  publisher={Elsevier}
}

@article{holdijk2024ocmolecule,
  title={Stochastic optimal control for collective variable free sampling of molecular transition paths},
  author={Holdijk, Lars and Du, Yuanqi and Hooft, Ferry and Jaini, Priyank and Ensing, Berend and Welling, Max},
  journal={Advances in Neural Information Processing Systems},
  volume={36},
  year={2024}
}

@article{No2019BoltzmannGS,
  title={Boltzmann generators: Sampling equilibrium states of many-body systems with deep learning},
  author={Frank No{\'e} and Jonas K{\"o}hler and Hao Wu},
  journal={Science},
  year={2019},
  volume={365},
  url={https://api.semanticscholar.org/CorpusID:54458652}
}

@inproceedings{
    lu2025simplifying,
    title={Simplifying, Stabilizing and Scaling Continuous-time Consistency Models},
    author={Cheng Lu and Yang Song},
    booktitle={International Conference on Learning Representations},
    year={2025},
}

@inproceedings{chen2025SCLD,
  title={Sequential Controlled Langevin Diffusions},
  author={Junhua Chen and Lorenz Richter and Julius Berner and Denis Blessing and Gerhard Neumann and Anima Anandkumar},
  booktitle={Proceedings of the International Conference on Learning Representations (ICLR)},
  year={2025}
}

@inproceedings{meng2023distillation,
  title={On distillation of guided diffusion models},
  author={Meng, Chenlin and Rombach, Robin and Gao, Ruiqi and Kingma, Diederik and Ermon, Stefano and Ho, Jonathan and Salimans, Tim},
  booktitle={Proceedings of the IEEE/CVF Conference on Computer Vision and Pattern Recognition},
  year={2023}
}

@article{moller1998log,
  title={Log gaussian cox processes},
  author={M{\o}ller, Jesper and Syversveen, Anne Randi and Waagepetersen, Rasmus Plenge},
  journal={Scandinavian journal of statistics},
  volume={25},
  number={3},
  pages={451--482},
  year={1998},
  publisher={Wiley Online Library}
}

@article{neal2003slice,
  title={Slice sampling},
  author={Neal, Radford M},
  journal={The annals of statistics},
  volume={31},
  number={3},
  pages={705--767},
  year={2003},
  publisher={Institute of Mathematical Statistics}
}

@article{tancik2020fourier,
  title={Fourier features let networks learn high frequency functions in low dimensional domains},
  author={Tancik, Matthew and Srinivasan, Pratul and Mildenhall, Ben and Fridovich-Keil, Sara and Raghavan, Nithin and Singhal, Utkarsh and Ramamoorthi, Ravi and Barron, Jonathan and Ng, Ren},
  journal={Advances in neural information processing systems},
  volume={33},
  pages={7537--7547},
  year={2020}
}

@inproceedings{arbel2021annealed,
  title={Annealed flow transport monte carlo},
  author={Arbel, Michael and Matthews, Alex and Doucet, Arnaud},
  booktitle={International Conference on Machine Learning},
  pages={318--330},
  year={2021},
  organization={PMLR}
}
