@article{yuksel2023efficient,
  title={Efficient Machine Translation Corpus Generation},
  author={Yuksel, Kamer Ali and Gunduz, Ahmet and Sharma, Shreyas and Sawaf, Hassan},
  journal={arXiv preprint arXiv:2306.11838},
  year={2023}
}

@inproceedings{kocmi-federmann-2023-gemba-mqm,
    title = {GEMBA-MQM: Detecting Translation Quality Error Spans with GPT-4},
    author = {Kocmi, Tom  and Federmann, Christian},
    booktitle = "Proceedings of the Eighth Conference on Machine Translation",
    month = dec,
    year = "2023",
    address = "Singapore",
    publisher = "Association for Computational Linguistics",
}

@inproceedings{kocmi-federmann-2023-large,
    title = "Large Language Models Are State-of-the-Art Evaluators of Translation Quality",
    author = "Kocmi, Tom and Federmann, Christian",
    booktitle = "Proceedings of the 24th Annual Conference of the European Association for Machine Translation",
    month = jun,
    year = "2023",
    address = "Tampere, Finland",
    publisher = "European Association for Machine Translation",
    url = "https://aclanthology.org/2023.eamt-1.19",
    pages = "193--203",
}

@misc{mqm2022,
    author = "{MQM Typology}",
    title = "{Multidimensional Quality Metrics (MQM)}",
    year = "2022",
    url = "https://themqm.org/the-mqm-typology/",
}

@article{GladkoffAMTA2023,
  title={Predictive Data Analytics with AI: assessing the need for post-editing of MT output by fine-tuning OpenAI LLMs},
  author={Gladkoff, Serge and Erofeev, Gleb and Sorokina, Irina and Han, Lifeng and Nenadic, Goran},
  journal={arXiv preprint arXiv:2308.00158},
  year={2023}
}

@inproceedings{callison2012proceedings,
  title={Proceedings of the Seventh Workshop on Statistical Machine Translation},
  author={Callison-Burch, Chris and Koehn, Philipp and Monz, Christof and Post, Matt and Soricut, Radu and Specia, Lucia},
  booktitle={Proceedings of the Seventh Workshop on Statistical Machine Translation},
  year={2012},
  organization={Association for Computational Linguistics},
  address={Montreal, Canada},
  editor={Callison-Burch, Chris and others}
}

@inproceedings{graham2015accurate,
  title={Accurate evaluation of segment-level machine translation metrics},
  author={Graham, Yvette and Baldwin, Timothy and Mathur, Nitika},
  booktitle={Proceedings of the 2015 Conference of the North American Chapter of the Association for Computational Linguistics: Human Language Technologies},
  pages={1183--1191},
  year={2015}
}

@article{rei2022cometkiwi,
  title={CometKiwi: IST-unbabel 2022 submission for the quality estimation shared task},
  author={Rei, Ricardo and Treviso, Marcos and Guerreiro, Nuno M and Zerva, Chrysoula and Farinha, Ana C and Maroti, Christine and De Souza, Jos{\'e} GC and Glushkova, Taisiya and Alves, Duarte M and Lavie, Alon and others},
  journal={arXiv preprint arXiv:2209.06243},
  year={2022}
}

@inproceedings{eo2022ku,
  title={KU X Upstage’s submission for the WMT22 Quality Estimation: Critical Error Detection Shared Task},
  author={Eo, Sugyeong and Park, Chanjun and Moon, Hyeonseok and Seo, Jaehyung and Lim, Heui-Seok},
  booktitle={Proceedings of the Seventh Conference on Machine Translation (WMT)},
  pages={606--614},
  year={2022}
}

@inproceedings{chi2021infoxlm,
  title={InfoXLM: An information-theoretic framework for cross-lingual language model pre-training},
  author={Chi, Zewen and Dong, Li and Wei, Furu and Yang, Nan and Singhal, Saksham and Wang, Wenhui and Song, Xia and Mao, Xian-Ling and Huang, Heyan and Zhou, Ming},
  booktitle={Proceedings of the 2021 Conference of the North American Chapter of the Association for Computational Linguistics: Human Language Technologies},
  pages={3576--3588},
  year={2021},
  organization={Association for Computational Linguistics},
  address={Online}
}

@inproceedings{bao2022alibaba,
  title={Alibaba-translate China’s submission for WMT 2022 quality estimation shared task},
  author={Bao, Keqin and Wan, Yu and Liu, Dayiheng and Yang, Baosong and Lei, Wenqiang and He, Xiangnan and Wong, Derek F. and Xie, Jun},
  booktitle={Proceedings of the Seventh Conference on Machine Translation (WMT)},
  pages={597--605},
  year={2022},
  organization={Association for Computational Linguistics},
  address={Abu Dhabi, United Arab Emirates (Hybrid)}
}

@inproceedings{han2013quality,
  title={Quality estimation for machine translation using the joint method of evaluation criteria and statistical modeling},
  author={Han, Aaron Li-Feng and Lu, Yi and Wong, Derek F and Chao, Lidia S and He, Liangye and Xing, Junwen},
  booktitle={Proceedings of the Eighth Workshop on Statistical Machine Translation},
  pages={365--372},
  year={2013}
}

@article{peris2018active,
  title={Active learning for interactive neural machine translation of data streams},
  author={Peris, {\'A}lvaro and Casacuberta, Francisco},
  journal={arXiv preprint arXiv:1807.11243},
  year={2018}
}

@inproceedings{zeng2019empirical,
  title={Empirical evaluation of active learning techniques for neural MT},
  author={Zeng, Xiangkai and Garg, Sarthak and Chatterjee, Rajen and Nallasamy, Udhyakumar and Paulik, Matthias},
  booktitle={Proceedings of the 2nd Workshop on Deep Learning Approaches for Low-Resource NLP (DeepLo 2019)},
  pages={84--93},
  year={2019}
}

@article{hu2021phrase,
  title={Phrase-level active learning for neural machine translation},
  author={Hu, Junjie and Neubig, Graham},
  journal={arXiv preprint arXiv:2106.11375},
  year={2021}
}