@article{abreu2023addressing,
  title={{Addressing Imperfect Symmetry: a Novel Symmetry-Learning Actor-Critic Extension}},
  author={Abreu, Miguel and Reis, Luis Paulo and Lau, Nuno},
  journal={arXiv preprint arXiv:2309.02711},
  year={2023}
}

@inproceedings{cui2023adversarial,
  title={{Adversarial Diversity in Hanabi}},
  author={Cui, Brandon and Lupu, Andrei and Sokota, Samuel and Hu, Hengyuan and Wu, David J and Foerster, Jakob},
  booktitle={International Conference on Learning Representations},
  year={2023}
}

@article{grimm2021proper,
  title={{Proper Value Equivalence}},
  author={Grimm, Christopher and Barreto, Andr{\'e} and Farquhar, Greg and Silver, David and Singh, Satinder},
  journal={Advances in Neural Information Processing Systems},
  volume={34},
  pages={7773--7786},
  year={2021}
}

@inproceedings{hu2020other,
  title={{"Other-Play" for Zero-Shot Coordination}},
  author={Hu, Hengyuan and Lerer, Adam and Peysakhovich, Alex and Foerster, Jakob},
  booktitle={International Conference on Machine Learning},
  pages={4399--4410},
  year={2020},
  organization={PMLR}
}

@inproceedings{hu2021off,
  title={{Off-Belief Learning}},
  author={Hu, Hengyuan and Lerer, Adam and Cui, Brandon and Pineda, Luis and Brown, Noam and Foerster, Jakob},
  booktitle={International Conference on Machine Learning},
  pages={4369--4379},
  year={2021},
  organization={PMLR}
}

@article{li2006towards,
  title={{Towards a Unified Theory of State Abstraction for MDPs}},
  author={Li, Lihong and Walsh, Thomas J and Littman, Michael L},
  journal={AI\&M},
  volume={1},
  number={2},
  pages={3},
  year={2006},
  publisher={Citeseer}
}

@inproceedings{lupu2021trajectory,
  title={{Trajectory Diversity for Zero-Shot Coordination}},
  author={Lupu, Andrei and Cui, Brandon and Hu, Hengyuan and Foerster, Jakob},
  booktitle={International Conference on Machine Learning},
  pages={7204--7213},
  year={2021},
  organization={PMLR}
}

@article{muglich2022equivariant,
  title={{Equivariant Networks for Zero-Shot Coordination}},
  author={Muglich, Darius and Schroeder de Witt, Christian and van der Pol, Elise and Whiteson, Shimon and Foerster, Jakob},
  journal={Advances in Neural Information Processing Systems},
  volume={35},
  pages={6410--6423},
  year={2022}
}

@article{nguyen2024symmetry,
  title={{Symmetry-aware Reinforcement Learning for Robotic Assembly under Partial Observability with a Soft Wrist}},
  author={Nguyen, Hai and Kozuno, Tadashi and Beltran-Hernandez, Cristian C and Hamaya, Masashi},
  journal={arXiv preprint arXiv:2402.18002},
  year={2024}
}

@article{rezaei2022continuous,
  title={{Continuous MDP Homomorphisms and Homomorphic Policy Gradient}},
  author={Rezaei-Shoshtari, Sahand and Zhao, Rosie and Panangaden, Prakash and Meger, David and Precup, Doina},
  journal={Advances in Neural Information Processing Systems},
  volume={35},
  pages={20189--20204},
  year={2022}
}

@article{van2020mdp,
  title={{MDP Homomorphic Networks: Group Symmetries in Reinforcement Learning}},
  author={Van der Pol, Elise and Worrall, Daniel and van Hoof, Herke and Oliehoek, Frans and Welling, Max},
  journal={Advances in Neural Information Processing Systems},
  volume={33},
  pages={4199--4210},
  year={2020}
}

@inproceedings{van2021multi,
  title={{Multi-Agent MDP Homomorphic Networks}},
  author={van der Pol, Elise and van Hoof, Herke and Oliehoek, Frans A and Welling, Max},
  booktitle={International Conference on Learning Representations},
  year={2021}
}

@inproceedings{yu2024leveraging,
  title={{Leveraging Partial Symmetry for Multi-Agent Reinforcement Learning}},
  author={Yu, Xin and Shi, Rongye and Feng, Pu and Tian, Yongkai and Li, Simin and Liao, Shuhao and Wu, Wenjun},
  booktitle={Proceedings of the AAAI Conference on Artificial Intelligence},
  volume={38},
  number={16},
  pages={17583--17590},
  year={2024}
}

@article{zhu2022sample,
  title={{Sample Efficient Grasp Learning Using Equivariant Models}},
  author={Zhu, Xupeng and Wang, Dian and Biza, Ondrej and Su, Guanang and Walters, Robin and Platt, Robert},
  journal={arXiv preprint arXiv:2202.09468},
  year={2022}
}

