@article{li2006towards,
  title={{Towards a Unified Theory of State Abstraction for MDPs}},
  author={Li, Lihong and Walsh, Thomas J and Littman, Michael L},
  journal={AI\&M},
  volume={1},
  number={2},
  pages={3},
  year={2006},
  publisher={Citeseer}
}

@inproceedings{gessler2025,
  title={{OvercookedV2: Rethinking Overcooked for Zero-Shot Coordination}},
  author={Gessler, Tobias and Dizdarevic, Tin and Calinescu, Ani and Ellis, Benjamin and Lupu, Andrei and Foerster, Jakob},
  booktitle ={International Conference on Learning Representations},
  year={2025},
}

@article{grimm2021proper,
  title={{Proper Value Equivalence}},
  author={Grimm, Christopher and Barreto, Andr{\'e} and Farquhar, Greg and Silver, David and Singh, Satinder},
  journal={Advances in Neural Information Processing Systems},
  volume={34},
  pages={7773--7786},
  year={2021}
}

@article{givan2003equivalence,
  title={{Equivalence notions and model minimization in Markov decision processes}},
  author={Givan, Robert and Dean, Thomas and Greig, Matthew},
  journal={Artificial intelligence},
  volume={147},
  number={1-2},
  pages={163--223},
  year={2003},
  publisher={Elsevier}
}

@inproceedings{hu2020other,
  title={{"Other-Play" for Zero-Shot Coordination}},
  author={Hu, Hengyuan and Lerer, Adam and Peysakhovich, Alex and Foerster, Jakob},
  booktitle={International Conference on Machine Learning},
  pages={4399--4410},
  year={2020},
  organization={PMLR}
}

@inproceedings{chapman1991input,
  title={{Input Generalization in Delayed Reinforcement Learning: An Algorithm and Performance Comparisons}},
  author={Chapman, David and Kaelbling, Leslie Pack},
  booktitle={International Joint Conference on Artificial Intelligence},
  volume={91},
  pages={726--731},
  year={1991}
}

@inproceedings{narayanamurthy2008hardness,
  title={{On the hardness of finding symmetries in Markov decision processes}},
  author={Narayanamurthy, Shravan Matthur and Ravindran, Balaraman},
  booktitle={International Conference on Machine learning},
  pages={688--695},
  year={2008}
}

@inproceedings{oliehoek2007dec,
  title={{Dec-POMDPs with delayed communication}},
  author={Oliehoek, Frans A and Spaan, Matthijs TJ and Vlassis, Nikos and others},
  booktitle={The 2nd Workshop on Multi-agent Sequential Decision-Making in Uncertain Domains},
  year={2007},
  organization={Citeseer}
}

@book{glazer2012space,
  title={{Space Groups for Solid State Scientists}},
  author={Glazer, Michael and Burns, Gerald and Glazer, Alexander N},
  year={2012},
  publisher={Elsevier}
}

@inproceedings{hu2021off,
  title={{Off-Belief Learning}},
  author={Hu, Hengyuan and Lerer, Adam and Cui, Brandon and Pineda, Luis and Brown, Noam and Foerster, Jakob},
  booktitle={International Conference on Machine Learning},
  pages={4369--4379},
  year={2021},
  organization={PMLR}
}

@article{tesauro1995temporal,
  title={{Temporal difference learning and TD-Gammon}},
  author={Tesauro, Gerald and others},
  journal={Communications of the ACM},
  volume={38},
  number={3},
  pages={58--68},
  year={1995}
}

@article{samuel1959some,
  title={{Some Studies in Machine Learning Using the Game of Checkers}},
  author={Samuel, Arthur L},
  journal={IBM Journal of research and development},
  volume={3},
  number={3},
  pages={210--229},
  year={1959},
  publisher={IBM}
}

@inproceedings{yu2023improving,
  title={{Improving Zero-Shot Coordination Performance Based on Policy Similarity}},
  author={Yu, Lebin and Qiu, Yunbo and Yao, Quanming and Zhang, Xudong and Wang, Jian},
  booktitle={Proceedings of the International Conference on Automated Planning and Scheduling},
  volume={33},
  number={1},
  pages={438--442},
  year={2023}
}

@article{mariani2021coordination,
  title={{Coordination of Autonomous Vehicles: Taxonomy and Survey}},
  author={Mariani, Stefano and Cabri, Giacomo and Zambonelli, Franco},
  journal={ACM Computing Surveys (CSUR)},
  volume={54},
  number={1},
  pages={1--33},
  year={2021},
  publisher={ACM New York, NY, USA}
}

@article{resnick2018vehicle,
  title={{Vehicle Communication Strategies for Simulated Highway Driving}},
  author={Resnick, Cinjon and Kulikov, Ilya and Cho, Kyunghyun and Weston, Jason},
  journal={arXiv preprint arXiv:1804.07178},
  year={2018}
}

@inproceedings{kakish2019open,
  title={{Open-source AI Assistant for Cooperative Multi-agent Systems for Lunar Prospecting Missions}},
  author={Kakish, Zahi M and Rodr{\~A}guez-Lera, F and Bischel, D and Mosquera, A and Boumghar, R and Kaczmarek, S and Seabrook, T and Metzger, P and Galanche, JL},
  booktitle={8th European Conference for Aeronautics and Space Sciences (EUCASS)},
  year={2019}
}

@article{schulman2015high,
  title={{High-Dimensional Continuous Control Using Generalized Advantage Estimation}},
  author={Schulman, John and Moritz, Philipp and Levine, Sergey and Jordan, Michael and Abbeel, Pieter},
  journal={arXiv preprint arXiv:1506.02438},
  year={2015}
}

@article{cayley1854vii,
  title={{VII. On the theory of groups, as depending on the symbolic equation $\theta^n= 1$}},
  author={Cayley, Arthur},
  journal={The London, Edinburgh, and Dublin Philosophical Magazine and Journal of Science},
  volume={7},
  number={42},
  pages={40--47},
  year={1854},
  publisher={Taylor \& Francis}
}

@article{cui2021k,
  title={{K-level Reasoning for Zero-Shot Coordination in Hanabi}},
  author={Cui, Brandon and Hu, Hengyuan and Pineda, Luis and Foerster, Jakob},
  journal={Advances in Neural Information Processing Systems},
  volume={34},
  pages={8215--8228},
  year={2021}
}

@inproceedings{nekoei2023towards,
  title={{Towards Few-shot Coordination: Revisiting Ad-hoc Teamplay Challenge In the Game of Hanabi}},
  author={Nekoei, Hadi and Zhao, Xutong and Rajendran, Janarthanan and Liu, Miao and Chandar, Sarath},
  booktitle={Conference on Lifelong Learning Agents},
  pages={861--877},
  year={2023},
  organization={PMLR}
}

@article{muglich2022equivariant,
  title={{Equivariant Networks for Zero-Shot Coordination}},
  author={Muglich, Darius and Schroeder de Witt, Christian and van der Pol, Elise and Whiteson, Shimon and Foerster, Jakob},
  journal={Advances in Neural Information Processing Systems},
  volume={35},
  pages={6410--6423},
  year={2022}
}

@inproceedings{nekoei2021continuous,
  title={{Continuous Coordination As a Realistic Scenario for Lifelong Learning}},
  author={Nekoei, Hadi and Badrinaaraayanan, Akilesh and Courville, Aaron and Chandar, Sarath},
  booktitle={International Conference on Machine Learning},
  pages={8016--8024},
  year={2021},
  organization={PMLR}
}

@article{bard2020hanabi,
  title={{The Hanabi Challenge: A New Frontier for AI Research}},
  author={Bard, Nolan and Foerster, Jakob N and Chandar, Sarath and Burch, Neil and Lanctot, Marc and Song, H Francis and Parisotto, Emilio and Dumoulin, Vincent and Moitra, Subhodeep and Hughes, Edward and others},
  journal={Artificial Intelligence},
  volume={280},
  pages={103216},
  year={2020},
  publisher={Elsevier}
}

@inproceedings{muglich2022generalized,
  title={{Generalized Beliefs for Cooperative AI}},
  author={Muglich, Darius and Zintgraf, Luisa M and De Witt, Christian A Schroeder and Whiteson, Shimon and Foerster, Jakob},
  booktitle={International Conference on Machine Learning},
  pages={16062--16082},
  year={2022},
  organization={PMLR}
}

@article{flair2023jaxmarl,
      title={{JaxMARL: Multi-Agent RL Environments and Algorithms in JAX}},
      author={Alexander Rutherford and Benjamin Ellis and Matteo Gallici and Jonathan Cook and Andrei Lupu and Gardar Ingvarsson and Timon Willi and Akbir Khan and Christian Schroeder de Witt and Alexandra Souly and Saptarashmi Bandyopadhyay and Mikayel Samvelyan and Minqi Jiang and Robert Tjarko Lange and Shimon Whiteson and Bruno Lacerda and Nick Hawes and Tim Rocktaschel and Chris Lu and Jakob Nicolaus Foerster},
      journal={arXiv preprint arXiv:2311.10090},
      year={2023}
}

@article{yu2022surprising,
  title={{The Surprising Effectiveness of PPO in Cooperative, Multi-Agent Games}},
  author={Yu, Chao and Velu, Akash and Vinitsky, Eugene and Gao, Jiaxuan and Wang, Yu and Bayen, Alexandre and Wu, Yi},
  journal={Advances in Neural Information Processing Systems},
  volume={35},
  pages={24611--24624},
  year={2022}
}

@inproceedings{tan1993multi,
  title={{Multi-Agent Reinforcement Learning: Independent vs. Cooperative Agents}},
  author={Tan, Ming},
  booktitle={International Conference on Machine Mearning},
  pages={330--337},
  year={1993}
}

@article{sutton1999policy,
  title={{Policy Gradient Methods for Reinforcement Learning with Function Approximation}},
  author={Sutton, Richard S and McAllester, David and Singh, Satinder and Mansour, Yishay},
  journal={Advances in Neural Information Processing Systems},
  volume={12},
  year={1999}
}

@article{rezaei2022continuous,
  title={{Continuous MDP Homomorphisms and Homomorphic Policy Gradient}},
  author={Rezaei-Shoshtari, Sahand and Zhao, Rosie and Panangaden, Prakash and Meger, David and Precup, Doina},
  journal={Advances in Neural Information Processing Systems},
  volume={35},
  pages={20189--20204},
  year={2022}
}

@article{camerer2004cognitive,
  title={{A Cognitive Hierarchy Model of Games}},
  author={Camerer, Colin F and Ho, Teck-Hua and Chong, Juin-Kuan},
  journal={The Quarterly Journal of Economics},
  volume={119},
  number={3},
  pages={861--898},
  year={2004},
  publisher={MIT Press}
}

@article{van2020mdp,
  title={{MDP Homomorphic Networks: Group Symmetries in Reinforcement Learning}},
  author={Van der Pol, Elise and Worrall, Daniel and van Hoof, Herke and Oliehoek, Frans and Welling, Max},
  journal={Advances in Neural Information Processing Systems},
  volume={33},
  pages={4199--4210},
  year={2020}
}

@article{nguyen2024symmetry,
  title={{Symmetry-aware Reinforcement Learning for Robotic Assembly under Partial Observability with a Soft Wrist}},
  author={Nguyen, Hai and Kozuno, Tadashi and Beltran-Hernandez, Cristian C and Hamaya, Masashi},
  journal={arXiv preprint arXiv:2402.18002},
  year={2024}
}

@inproceedings{treutlein2021new,
  title={{A New Formalism, Method and Open Issues for Zero-Shot Coordination}},
  author={Treutlein, Johannes and Dennis, Michael and Oesterheld, Caspar and Foerster, Jakob},
  booktitle={International Conference on Machine Learning},
  pages={10413--10423},
  year={2021},
  organization={PMLR}
}

@article{bronstein2021geometric,
  title={{Geometric Deep Learning: Grids, Groups, Graphs, Geodesics, and Gauges}},
  author={Bronstein, Michael M and Bruna, Joan and Cohen, Taco and Veli{\v{c}}kovi{\'c}, Petar},
  journal={arXiv preprint arXiv:2104.13478},
  year={2021}
}

@article{krizhevsky2017imagenet,
  title={{ImageNet Classification with Deep Convolutional Neural Networks}},
  author={Krizhevsky, Alex and Sutskever, Ilya and Hinton, Geoffrey E},
  journal={Communications of the ACM},
  volume={60},
  number={6},
  pages={84--90},
  year={2017},
  publisher={AcM New York, NY, USA}
}

@inproceedings{cohen2019gauge,
  title={{Gauge Equivariant Convolutional Networks and the Icosahedral CNN}},
  author={Cohen, Taco and Weiler, Maurice and Kicanaoglu, Berkay and Welling, Max},
  booktitle={International Conference on Machine learning},
  pages={1321--1330},
  year={2019},
  organization={PMLR}
}

@inproceedings{finzi2020generalizing,
  title={{Generalizing Convolutional Neural Networks for Equivariance to Lie Groups on Arbitrary Continuous Data}},
  author={Finzi, Marc and Stanton, Samuel and Izmailov, Pavel and Wilson, Andrew Gordon},
  booktitle={International Conference on Machine Learning},
  pages={3165--3176},
  year={2020},
  organization={PMLR}
}

@article{van2020plannable,
  title={{Plannable Approximations to MDP Homomorphisms: Equivariance under Actions}},
  author={Van der Pol, Elise and Kipf, Thomas and Oliehoek, Frans A and Welling, Max},
  journal={arXiv preprint arXiv:2002.11963},
  year={2020}
}

@article{mondal2020group,
  title={{Group Equivariant Deep Reinforcement Learning},
  author={Mondal, Arnab Kumar and Nair, Pratheeksha and Siddiqi, Kaleem}},
  journal={arXiv preprint arXiv:2007.03437},
  year={2020}
}

@article{simm2020symmetry,
  title={{Symmetry-Aware Actor-Critic for 3D Molecular Design},
  author={Simm, Gregor NC and Pinsler, Robert and Cs{\'a}nyi, G{\'a}bor and Hern{\'a}ndez-Lobato, Jos{\'e} Miguel}},
  journal={arXiv preprint arXiv:2011.12747},
  year={2020}
}

@article{wang2022mathrm,
  title={{$SO(2)$-Equivariant Reinforcement Learning}},
  author={Wang, Dian and Walters, Robin and Platt, Robert},
  journal={arXiv preprint arXiv:2203.04439},
  year={2022}
}

@article{zhu2022sample,
  title={{Sample Efficient Grasp Learning Using Equivariant Models}},
  author={Zhu, Xupeng and Wang, Dian and Biza, Ondrej and Su, Guanang and Walters, Robin and Platt, Robert},
  journal={arXiv preprint arXiv:2202.09468},
  year={2022}
}

@inproceedings{van2021multi,
  title={{Multi-Agent MDP Homomorphic Networks}},
  author={van der Pol, Elise and van Hoof, Herke and Oliehoek, Frans A and Welling, Max},
  booktitle={International Conference on Learning Representations},
  year={2021}
}

@inproceedings{chen2023rm,
  title={{$E(3)$-Equivariant Actor-Critic Methods for Cooperative Multi-Agent Reinforcement Learning},
  author={Chen, Dingyang and Zhang, Qi}},
  booktitle={International Conference on Machine Learning},
  year={2023}
}

@inproceedings{weissenbacher2022koopman,
  title={{Koopman Q-learning: Offline Reinforcement Learning via Symmetries of Dynamics}},
  author={Weissenbacher, Matthias and Sinha, Samarth and Garg, Animesh and Yoshinobu, Kawahara},
  booktitle={International Conference on Machine Learning},
  pages={23645--23667},
  year={2022},
  organization={PMLR}
}

@article{park2022learning,
  title={{Learning Symmetric Embeddings for Equivariant World Models}},
  author={Park, Jung Yeon and Biza, Ondrej and Zhao, Linfeng and van de Meent, Jan Willem and Walters, Robin},
  journal={arXiv preprint arXiv:2204.11371},
  year={2022}
}

@article{abreu2023addressing,
  title={{Addressing Imperfect Symmetry: a Novel Symmetry-Learning Actor-Critic Extension}},
  author={Abreu, Miguel and Reis, Luis Paulo and Lau, Nuno},
  journal={arXiv preprint arXiv:2309.02711},
  year={2023}
}

@article{yu2018learning,
  title={{Learning Symmetric and Low-energy Locomotion}},
  author={Yu, Wenhao and Turk, Greg and Liu, C Karen},
  journal={ACM Transactions on Graphics (TOG)},
  volume={37},
  number={4},
  pages={1--12},
  year={2018},
  publisher={ACM New York, NY, USA}
}

@article{kasaei2021cpg,
  title={{A CPG-Based Agile and Versatile Locomotion Framework Using Proximal Symmetry Loss}},
  author={Kasaei, Mohammadreza and Abreu, Miguel and Lau, Nuno and Pereira, Artur and Reis, Luis Paulo},
  journal={arXiv preprint arXiv:2103.00928},
  year={2021}
}

@inproceedings{yu2024leveraging,
  title={{Leveraging Partial Symmetry for Multi-Agent Reinforcement Learning}},
  author={Yu, Xin and Shi, Rongye and Feng, Pu and Tian, Yongkai and Li, Simin and Liao, Shuhao and Wu, Wenjun},
  booktitle={Proceedings of the AAAI Conference on Artificial Intelligence},
  volume={38},
  number={16},
  pages={17583--17590},
  year={2024}
}

@article{wang2022robot,
  title={{On-Robot Learning With Equivariant Models}},
  author={Wang, Dian and Jia, Mingxi and Zhu, Xupeng and Walters, Robin and Platt, Robert},
  journal={arXiv preprint arXiv:2203.04923},
  year={2022}
}

@inproceedings{mondal2022eqr,
  title={{EqR: Equivariant Representations for Data-Efficient Reinforcement Learning}},
  author={Mondal, Arnab Kumar and Jain, Vineet and Siddiqi, Kaleem and Ravanbakhsh, Siamak},
  booktitle={International Conference on Machine Learning},
  pages={15908--15926},
  year={2022},
  organization={PMLR}
}

@inproceedings{cui2023adversarial,
  title={{Adversarial Diversity in Hanabi}},
  author={Cui, Brandon and Lupu, Andrei and Sokota, Samuel and Hu, Hengyuan and Wu, David J and Foerster, Jakob},
  booktitle={International Conference on Learning Representations},
  year={2023}
}

@inproceedings{lupu2021trajectory,
  title={{Trajectory Diversity for Zero-Shot Coordination}},
  author={Lupu, Andrei and Cui, Brandon and Hu, Hengyuan and Foerster, Jakob},
  booktitle={International Conference on Machine Learning},
  pages={7204--7213},
  year={2021},
  organization={PMLR}
}

@article{carroll2019utility,
  title={{On the Utility of Learning about Humans for Human-AI Coordination}},
  author={Carroll, Micah and Shah, Rohin and Ho, Mark K and Griffiths, Tom and Seshia, Sanjit and Abbeel, Pieter and Dragan, Anca},
  journal={Advances in Neural Information Processing Systems},
  volume={32},
  year={2019}
}

@article{ji2023ai,
  title={{AI Alignment: A Comprehensive Survey}},
  author={Ji, Jiaming and Qiu, Tianyi and Chen, Boyuan and Zhang, Borong and Lou, Hantao and Wang, Kaile and Duan, Yawen and He, Zhonghao and Zhou, Jiayi and Zhang, Zhaowei and others},
  journal={arXiv preprint arXiv:2310.19852},
  year={2023}
}

@article{de2024geometric,
  title={{Geometric Active Exploration in Markov Decision Processes: the Benefit of Abstraction}},
  author={De Santi, Riccardo and Joseph, Federico Arangath and Liniger, Noah and Mutti, Mirco and Krause, Andreas},
  journal={arXiv preprint arXiv:2407.13364},
  year={2024}
}

@misc{chesscom2021,
  title={{The Worst And The Best Chess Handshakes Of World Cup 2021}},
  author={Chess.com},
  year         = {2021},
  howpublished = {\url{https://www.youtube.com/watch?v=6fS7bDyNYHI}},
  note         = {Accessed: 2024-09-30}
}

@inproceedings{stone2010ad,
  title={{Ad Hoc Autonomous Agent Teams: Collaboration without Pre-Coordination}},
  author={Stone, Peter and Kaminka, Gal and Kraus, Sarit and Rosenschein, Jeffrey},
  booktitle={Proceedings of the AAAI Conference on Artificial Intelligence},
  volume={24},
  number={1},
  pages={1504--1509},
  year={2010}
}

@inproceedings{barrett2011empirical,
  title={{Empirical Evaluation of Ad Hoc Teamwork in the Pursuit Domain}},
  author={Barrett, Samuel and Stone, Peter and Kraus, Sarit},
  booktitle={The 10th International Conference on Autonomous Agents and Multiagent Systems-Volume 2},
  pages={567--574},
  year={2011}
}