@inproceedings{(12)zou2022spot,
  title={Spot-the-difference self-supervised pre-training for anomaly detection and segmentation},
  author={Zou, Yang and Jeong, Jongheon and Pemula, Latha and Zhang, Dongqing and Dabeer, Onkar},
  booktitle={European Conference on Computer Vision},
  year={2022},
  organization={Springer}
}

@inproceedings{(14)wang2024real,
  title={Real-iad: A real-world multi-view dataset for benchmarking versatile industrial anomaly detection},
  author={Wang, Chengjie and Zhu, Wenbing and Gao, Bin-Bin and Gan, Zhenye and Zhang, Jiangning and Gu, Zhihao and Qian, Shuguang and Chen, Mingang and Ma, Lizhuang},
  booktitle={Proceedings of the IEEE/CVF Conference on Computer Vision and Pattern Recognition},
  year={2024}
}

@article{(15)tang2019online,
  title={Online PCB defect detector on a new PCB defect dataset},
  author={Tang, Sanli and He, Fan and Huang, Xiaolin and Yang, Jie},
  journal={arXiv preprint arXiv:1902.06197},
  year={2019}
}

@article{(16)huang2020surface,
  title={Surface defect saliency of magnetic tile},
  author={Huang, Yibin and Qiu, Congying and Yuan, Kui},
  journal={The Visual Computer},
  year={2020},
  publisher={Springer}
}

@article{(17)he2019end,
  title={An end-to-end steel surface defect detection approach via fusing multiple hierarchical features},
  author={He, Yu and Song, Kechen and Meng, Qinggang and Yan, Yunhui},
  journal={IEEE transactions on instrumentation and measurement},
  year={2019},
  publisher={IEEE}
}

@inproceedings{(18)mishra2021vt,
  title={VT-ADL: A vision transformer network for image anomaly detection and localization},
  author={Mishra, Pankaj and Verk, Riccardo and Fornasier, Daniele and Piciarelli, Claudio and Foresti, Gian Luca},
  booktitle={2021 IEEE 30th International Symposium on Industrial Electronics (ISIE)},
  year={2021},
  organization={IEEE}
}

@inproceedings{(19)jezek2021deep,
  title={Deep learning-based defect detection of metal parts: evaluating current methods in complex conditions},
  author={Jezek, Stepan and Jonak, Martin and Burget, Radim and Dvorak, Pavel and Skotak, Milos},
  booktitle={2021 13th International congress on ultra modern telecommunications and control systems and workshops (ICUMT)},
  year={2021},
  organization={IEEE}
}

@inproceedings{(21)li2021cutpaste,
  title={Cutpaste: Self-supervised learning for anomaly detection and localization},
  author={Li, Chun-Liang and Sohn, Kihyuk and Yoon, Jinsung and Pfister, Tomas},
  booktitle={Proceedings of the IEEE/CVF conference on computer vision and pattern recognition},
  year={2021}
}

@inproceedings{(22)zavrtanik2021draem,
  title={Draem-a discriminatively trained reconstruction embedding for surface anomaly detection},
  author={Zavrtanik, Vitjan and Kristan, Matej and Sko{\v{c}}aj, Danijel},
  booktitle={Proceedings of the IEEE/CVF international conference on computer vision},
  year={2021}
}

@inproceedings{(23)zhang2023destseg,
  title={Destseg: Segmentation guided denoising student-teacher for anomaly detection},
  author={Zhang, Xuan and Li, Shiyu and Li, Xi and Huang, Ping and Shan, Jiulong and Chen, Ting},
  booktitle={Proceedings of the IEEE/CVF Conference on Computer Vision and Pattern Recognition},
  year={2023}
}

@inproceedings{(24)cimpoi2014describing,
  title={Describing textures in the wild},
  author={Cimpoi, Mircea and Maji, Subhransu and Kokkinos, Iasonas and Mohamed, Sammy and Vedaldi, Andrea},
  booktitle={Proceedings of the IEEE conference on computer vision and pattern recognition},
  year={2014}
}

@inproceedings{(25)hu2024anomalydiffusion,
  title={Anomalydiffusion: Few-shot anomaly image generation with diffusion model},
  author={Hu, Teng and Zhang, Jiangning and Yi, Ran and Du, Yuzhen and Chen, Xu and Liu, Liang and Wang, Yabiao and Wang, Chengjie},
  booktitle={Proceedings of the AAAI Conference on Artificial Intelligence},
  year={2024}
}

@inproceedings{(26)zhang2024realnet,
  title={RealNet: A feature selection network with realistic synthetic anomaly for anomaly detection},
  author={Zhang, Ximiao and Xu, Min and Zhou, Xiuzhuang},
  booktitle={Proceedings of the IEEE/CVF Conference on Computer Vision and Pattern Recognition},
  year={2024}
}

@article{(27)zavrtanik2021reconstruction,
  title={Reconstruction by inpainting for visual anomaly detection},
  author={Zavrtanik, Vitjan and Kristan, Matej and Sko{\v{c}}aj, Danijel},
  journal={Pattern Recognition},
  year={2021},
  publisher={Elsevier}
}

@article{(28)xing2023visual,
  title={Visual anomaly detection via partition memory bank module and error estimation},
  author={Xing, Peng and Li, Zechao},
  journal={IEEE Transactions on Circuits and Systems for Video Technology},
  year={2023},
  publisher={IEEE}
}

@inproceedings{(29)salehi2021multiresolution,
  title={Multiresolution knowledge distillation for anomaly detection},
  author={Salehi, Mohammadreza and Sadjadi, Niousha and Baselizadeh, Soroosh and Rohban, Mohammad H and Rabiee, Hamid R},
  booktitle={Proceedings of the IEEE/CVF conference on computer vision and pattern recognition},
  year={2021}
}

@inproceedings{(30)deng2022anomaly,
  title={Anomaly detection via reverse distillation from one-class embedding},
  author={Deng, Hanqiu and Li, Xingyu},
  booktitle={Proceedings of the IEEE/CVF conference on computer vision and pattern recognition},
  year={2022}
}

@inproceedings{(31)rudolph2023asymmetric,
  title={Asymmetric student-teacher networks for industrial anomaly detection},
  author={Rudolph, Marco and Wehrbein, Tom and Rosenhahn, Bodo and Wandt, Bastian},
  booktitle={Proceedings of the IEEE/CVF winter conference on applications of computer vision},
  year={2023}
}

@article{(42)shen2023advancing,
  title={Advancing pose-guided image synthesis with progressive conditional diffusion models},
  author={Shen, Fei and Ye, Hu and Zhang, Jun and Wang, Cong and Han, Xiao and Yang, Wei},
  journal={arXiv preprint arXiv:2310.06313},
  year={2023}
}

@inproceedings{(43)he2024diffusion,
  title={A diffusion-based framework for multi-class anomaly detection},
  author={He, Haoyang and Zhang, Jiangning and Chen, Hongxu and Chen, Xuhai and Li, Zhishan and Chen, Xu and Wang, Yabiao and Wang, Chengjie and Xie, Lei},
  booktitle={Proceedings of the AAAI Conference on Artificial Intelligence},
  year={2024}
}

@article{(44)xing2024recover,
  title={A Recover-then-Discriminate Framework for Robust Anomaly Detection},
  author={Xing, Peng and Zhang, Dong and Tang, Jinhui and others},
  journal={arXiv preprint arXiv:2406.04608},
  year={2024}
}

