@String(PAMI = {IEEE Trans. Pattern Anal. Mach. Intell.})
@String(IJCV = {Int. J. Comput. Vis.})
@String(CVPR= {IEEE Conf. Comput. Vis. Pattern Recog.})
@String(ICCV= {Int. Conf. Comput. Vis.})
@String(ECCV= {Eur. Conf. Comput. Vis.})
@String(NIPS= {Adv. Neural Inform. Process. Syst.})
@String(ICPR = {Int. Conf. Pattern Recog.})
@String(BMVC= {Brit. Mach. Vis. Conf.})
@String(TOG= {ACM Trans. Graph.})
@String(TIP  = {IEEE Trans. Image Process.})
@String(TVCG  = {IEEE Trans. Vis. Comput. Graph.})
@String(TMM  = {IEEE Trans. Multimedia})
@String(ACMMM= {ACM Int. Conf. Multimedia})
@String(ICME = {Int. Conf. Multimedia and Expo})
@String(ICASSP=	{ICASSP})
@String(ICIP = {IEEE Int. Conf. Image Process.})
@String(ACCV  = {ACCV})
@String(ICLR = {Int. Conf. Learn. Represent.})
@String(IJCAI = {IJCAI})
@String(PR   = {Pattern Recognition})
@String(AAAI = {AAAI})
@String(CVPRW= {IEEE Conf. Comput. Vis. Pattern Recog. Worksh.})
@String(CSVT = {IEEE Trans. Circuit Syst. Video Technol.})

@String(SPL	= {IEEE Sign. Process. Letters})
@String(VR   = {Vis. Res.})
@String(JOV	 = {J. Vis.})
@String(TVC  = {The Vis. Comput.})
@String(JCST  = {J. Comput. Sci. Tech.})
@String(CGF  = {Comput. Graph. Forum})
@String(CVM = {Computational Visual Media})


@String(PAMI  = {IEEE TPAMI})
@String(IJCV  = {IJCV})
@String(CVPR  = {CVPR})
@String(ICCV  = {ICCV})
@String(ECCV  = {ECCV})
@String(NIPS  = {NeurIPS})
@String(ICPR  = {ICPR})
@String(BMVC  =	{BMVC})
@String(TOG   = {ACM TOG})
@String(TIP   = {IEEE TIP})
@String(TVCG  = {IEEE TVCG})
@String(TCSVT = {IEEE TCSVT})
@String(TMM   =	{IEEE TMM})
@String(ACMMM = {ACM MM})
@String(ICME  =	{ICME})
@String(ICASSP=	{ICASSP})
@String(ICIP  = {ICIP})
@String(ACCV  = {ACCV})
@String(ICLR  = {ICLR})
@String(IJCAI = {IJCAI})
@String(PR = {PR})
@String(AAAI = {AAAI})
@String(CVPRW= {CVPRW})
@String(CSVT = {IEEE TCSVT})



@misc{Authors14,
 author = {FirstName LastName},
 title = {The frobnicatable foo filter},
 note = {Face and Gesture submission ID 324. Supplied as supplemental material {\tt fg324.pdf}},
 year = 2014
}

@misc{Authors14b,
 author = {FirstName LastName},
 title = {Frobnication tutorial},
 note = {Supplied as supplemental material {\tt tr.pdf}},
 year = 2014
}

@article{Alpher02,
author = {FirstName Alpher},
title = {Frobnication},
journal = PAMI,
volume = 12,
number = 1,
pages = {234--778},
year = 2002
}

@article{Alpher03,
author = {FirstName Alpher and  FirstName Fotheringham-Smythe},
title = {Frobnication revisited},
journal = {Journal of Foo},
volume = 13,
number = 1,
pages = {234--778},
year = 2003
}

@article{Alpher04,
author = {FirstName Alpher and FirstName Fotheringham-Smythe and FirstName Gamow},
title = {Can a machine frobnicate?},
journal = {Journal of Foo},
volume = 14,
number = 1,
pages = {234--778},
year = 2004
}

@inproceedings{Alpher05,
author = {FirstName Alpher and FirstName Gamow},
title = {Can a computer frobnicate?},
booktitle = CVPR,
pages = {234--778},
year = 2005
}

@article{Ren2015FasterRT,
  title={Faster R-CNN: Towards Real-Time Object Detection with Region Proposal Networks},
  author={Shaoqing Ren and Kaiming He and Ross B. Girshick and Jian Sun},
  journal={IEEE Transactions on Pattern Analysis and Machine Intelligence},
  year={2015},
  volume={39},
  pages={1137-1149},
  url={https://api.semanticscholar.org/CorpusID:10328909}
}

@article{Paliwal2019TableNetDL,
  title={TableNet: Deep Learning Model for End-to-end Table Detection and Tabular Data Extraction from Scanned Document Images},
  author={Shubham Paliwal and Vishwanath D and Rohit Rahul and Monika Sharma and Lovekesh Vig},
  journal={2019 International Conference on Document Analysis and Recognition (ICDAR)},
  year={2019},
  pages={128-133},
  url={https://api.semanticscholar.org/CorpusID:209862087}
}

@article{Prasad2020CascadeTabNetAA,
  title={CascadeTabNet: An approach for end to end table detection and structure recognition from image-based documents},
  author={Devashish Prasad and Ayan Gadpal and Kshitij Kapadni and Manish Visave and Kavita A. Sultanpure},
  journal={2020 IEEE/CVF Conference on Computer Vision and Pattern Recognition Workshops (CVPRW)},
  year={2020},
  pages={2439-2447},
  url={https://api.semanticscholar.org/CorpusID:216553259}
}

@article{Rashid2017TableRI,
  title={Table Recognition in Heterogeneous Documents Using Machine Learning},
  author={Sheikh Faisal Rashid and Ab. Razak Nurul Saidatul Akmal and Muhammad Adnan and Ali Adnan Aslam and Andreas R. Dengel},
  journal={2017 14th IAPR International Conference on Document Analysis and Recognition (ICDAR)},
  year={2017},
  volume={01},
  pages={777-782},
  url={https://api.semanticscholar.org/CorpusID:4775097}
}

@article{Alexiou2023AnEO,
  title={An Evaluation of Table Detection Methods in Document Images},
  author={Michail S. Alexiou and Euripides G. M. Petrakis and Nikolaos G. Bourbakis},
  journal={2023 IEEE 35th International Conference on Tools with Artificial Intelligence (ICTAI)},
  year={2023},
  pages={54-63},
  url={https://api.semanticscholar.org/CorpusID:263914906}
}

@article{Carion2020EndtoEndOD,
  title={End-to-End Object Detection with Transformers},
  author={Nicolas Carion and Francisco Massa and Gabriel Synnaeve and Nicolas Usunier and Alexander Kirillov and Sergey Zagoruyko},
  journal={ArXiv},
  year={2020},
  volume={abs/2005.12872},
  url={https://api.semanticscholar.org/CorpusID:218889832}
}

@article{Smock2021PubTables1MTC,
  title={PubTables-1M: Towards comprehensive table extraction from unstructured documents},
  author={Brandon Smock and Rohith Pesala and Robin Abraham},
  journal={2022 IEEE/CVF Conference on Computer Vision and Pattern Recognition (CVPR)},
  year={2021},
  pages={4624-4632},
  url={https://api.semanticscholar.org/CorpusID:244462899}
}

@inproceedings{Smock2023AligningBD,
  title={Aligning benchmark datasets for table structure recognition},
  author={Brandon Smock and Rohith Pesala and Robin Abraham},
  booktitle={IEEE International Conference on Document Analysis and Recognition},
  year={2023},
  url={https://api.semanticscholar.org/CorpusID:257255197}
}

@article{Yao2023DocXChainAP,
  title={DocXChain: A Powerful Open-Source Toolchain for Document Parsing and Beyond},
  author={Cong Yao},
  journal={ArXiv},
  year={2023},
  volume={abs/2310.12430},
  url={https://api.semanticscholar.org/CorpusID:264305722}
}

@article{Da2023VisionGT,
  title={Vision Grid Transformer for Document Layout Analysis},
  author={Cheng Da and Chuwei Luo and Qi Zheng and Cong Yao},
  journal={2023 IEEE/CVF International Conference on Computer Vision (ICCV)},
  year={2023},
  pages={19405-19415},
  url={https://api.semanticscholar.org/CorpusID:261277255}
}

@inproceedings{Xing2023LORELL,
  title={LORE: Logical Location Regression Network for Table Structure Recognition},
  author={Hangdi Xing and Feiyu Gao and Rujiao Long and Jiajun Bu and Qi Zheng and Liangcheng Li and Cong Yao and Zhi Yu},
  booktitle={AAAI Conference on Artificial Intelligence},
  year={2023},
  url={https://api.semanticscholar.org/CorpusID:257378294}
}

@article{Riba2019TableDI,
  title={Table Detection in Invoice Documents by Graph Neural Networks},
  author={Pau Riba and Anjan Dutta and Lutz Goldmann and Alicia Forn{\'e}s and Oriol Ramos Terrades and Josep Llad{\'o}s},
  journal={2019 International Conference on Document Analysis and Recognition (ICDAR)},
  year={2019},
  pages={122-127},
  url={https://api.semanticscholar.org/CorpusID:211027013}
}

@inproceedings{harley2015icdar,
    title = {Evaluation of Deep Convolutional Nets for Document Image Classification and Retrieval},
    author = {Adam W Harley and Alex Ufkes and Konstantinos G Derpanis},
    booktitle = {International Conference on Document Analysis and Recognition ({ICDAR})},
    year = {2015}},
   
}

@article{Zheng2020GlobalTE,
  title={Global Table Extractor (GTE): A Framework for Joint Table Identification and Cell Structure Recognition Using Visual Context},
  author={Xinyi Zheng and Douglas Burdick and Lucian Popa and Nancy Xin Ru Wang},
  journal={2021 IEEE Winter Conference on Applications of Computer Vision (WACV)},
  year={2020},
  pages={697-706},
  url={https://api.semanticscholar.org/CorpusID:218487305}
}

@article{Gbel2013ICDAR2T,
  title={ICDAR 2013 Table Competition},
  author={Max C. G{\"o}bel and Tamir Hassan and Ermelinda Oro and Giorgio Orsi},
  journal={2013 12th International Conference on Document Analysis and Recognition},
  year={2013},
  pages={1449-1453},
  url={https://api.semanticscholar.org/CorpusID:206777311}
}

@article{Gao2019ICDAR2C,
  title={ICDAR 2019 Competition on Table Detection and Recognition (cTDaR)},
  author={Liangcai Gao and Yilun Huang and Herv{\'e} D{\'e}jean and Jean-Luc Meunier and Qinqin Yan and Yu Fang and Florian Kleber and Eva Maria Lang},
  journal={2019 International Conference on Document Analysis and Recognition (ICDAR)},
  year={2019},
  pages={1510-1515},
  url={https://api.semanticscholar.org/CorpusID:211026773}
}

@article{Smock2022GriTSGT,
  title={GriTS: Grid table similarity metric for table structure recognition},
  author={Brandon Smock and Rohith Pesala and Robin Abraham},
  journal={ArXiv},
  year={2022},
  volume={abs/2203.12555},
  url={https://api.semanticscholar.org/CorpusID:247618872}
}

@inproceedings{Zhong2019ImagebasedTR,
  title={Image-based table recognition: data, model, and evaluation},
  author={Xu Zhong and Elaheh Shafieibavani and Antonio Jimeno-Yepes},
  booktitle={European Conference on Computer Vision},
  year={2019},
  url={https://api.semanticscholar.org/CorpusID:208267858}
}

@inproceedings{vSimsa2023DocILEBF,
  title={DocILE Benchmark for Document Information Localization and Extraction},
  author={vStvep'an vSimsa and Milan vSulc and Michal Uvrivc'avr and Yash J. Patel and Ahmed Hamdi and Matvej Koci'an and Maty'avs Skalick'y and Jivr'i Matas and Antoine Doucet and Micka{\"e}l Coustaty and Dimosthenis Karatzas},
  booktitle={IEEE International Conference on Document Analysis and Recognition},
  year={2023},
  url={https://api.semanticscholar.org/CorpusID:256827641}
}

@article{Hertlein2023Inv3DAH,
  title={Inv3D: a high-resolution 3D invoice dataset for template-guided single-image document unwarping},
  author={Felix Hertlein and Alexander Naumann and Patrick Philipp},
  journal={International Journal on Document Analysis and Recognition (IJDAR)},
  year={2023},
  pages={1-12},
  url={https://api.semanticscholar.org/CorpusID:258422452}
}

@article{Zanibbi2004ASO,
  title={A survey of table recognition},
  author={Richard Zanibbi and Dorothea Blostein and James R. Cordy},
  journal={Document Analysis and Recognition},
  year={2004},
  volume={7},
  pages={1-16},
  url={https://api.semanticscholar.org/CorpusID:42236309}
}

@inproceedings{Ester1996ADA,
  title={A Density-Based Algorithm for Discovering Clusters in Large Spatial Databases with Noise},
  author={Martin Ester and Hans-Peter Kriegel and J{\"o}rg Sander and Xiaowei Xu},
  booktitle={Knowledge Discovery and Data Mining},
  year={1996},
  url={https://api.semanticscholar.org/CorpusID:355163}
}

@article{Levenshtein1965BinaryCC,
  title={Binary codes capable of correcting deletions, insertions, and reversals},
  author={Vladimir I. Levenshtein},
  journal={Soviet physics. Doklady},
  year={1965},
  volume={10},
  pages={707-710},
  url={https://api.semanticscholar.org/CorpusID:60827152}
}

@inproceedings{Gbel2012AMF,
  title={A methodology for evaluating algorithms for table understanding in PDF documents},
  author={Max C. G{\"o}bel and Tamir Hassan and Ermelinda Oro and Giorgio Orsi},
  booktitle={ACM Symposium on Document Engineering},
  year={2012},
  url={https://api.semanticscholar.org/CorpusID:3223096}
}

@article{Long2021ParsingTS,
  title={Parsing Table Structures in the Wild},
  author={Rujiao Long and Wen Wang and Nan Xue and Feiyu Gao and Zhibo Yang and Yongpan Wang and Gui-Song Xia},
  journal={2021 IEEE/CVF International Conference on Computer Vision (ICCV)},
  year={2021},
  pages={924-932},
  url={https://api.semanticscholar.org/CorpusID:237420694}
}

@article{Li2022TableSR,
  title={Table Structure Recognition and Form Parsing by End-to-End Object Detection and Relation Parsing},
  author={Xiaohui Li and Fei Yin and He-Sen Dai and Cheng-Lin Liu},
  journal={Pattern Recognit.},
  year={2022},
  volume={132},
  pages={108946},
  url={https://api.semanticscholar.org/CorpusID:251140530}
}

@article{Jaume2019FUNSDAD,
  title={FUNSD: A Dataset for Form Understanding in Noisy Scanned Documents},
  author={Guillaume Jaume and Hazim Kemal Ekenel and Jean-Philippe Thiran},
  journal={2019 International Conference on Document Analysis and Recognition Workshops (ICDARW)},
  year={2019},
  volume={2},
  pages={1-6},
  url={https://api.semanticscholar.org/CorpusID:173188931}
}

@article{Luo2023GeoLayoutLMGP,
  title={GeoLayoutLM: Geometric Pre-training for Visual Information Extraction},
  author={Chuwei Luo and Changxu Cheng and Qi Zheng and Cong Yao},
  journal={2023 IEEE/CVF Conference on Computer Vision and Pattern Recognition (CVPR)},
  year={2023},
  pages={7092-7101},
  url={https://api.semanticscholar.org/CorpusID:258291816}
}

@article{Everingham2010ThePV,
  title={The Pascal Visual Object Classes (VOC) Challenge},
  author={Mark Everingham and Luc Van Gool and Christopher K. I. Williams and John M. Winn and Andrew Zisserman},
  journal={International Journal of Computer Vision},
  year={2010},
  volume={88},
  pages={303-338},
  url={https://api.semanticscholar.org/CorpusID:4246903}
}

@article{Rezatofighi2019GeneralizedIO,
  title={Generalized Intersection Over Union: A Metric and a Loss for Bounding Box Regression},
  author={Seyed Hamid Rezatofighi and Nathan Tsoi and JunYoung Gwak and Amir Sadeghian and Ian D. Reid and Silvio Savarese},
  journal={2019 IEEE/CVF Conference on Computer Vision and Pattern Recognition (CVPR)},
  year={2019},
  pages={658-666},
  url={https://api.semanticscholar.org/CorpusID:67855581}
}

@book{holland1992adaptation,
  title={Adaptation in natural and artificial systems: an introductory analysis with applications to biology, control, and artificial intelligence},
  author={Holland, John H},
  year={1992},
  publisher={MIT press}
}

@article{Chi2019ComplicatedTS,
  title={Complicated Table Structure Recognition},
  author={Zewen Chi and Heyan Huang and Heng-Da Xu and Houjin Yu and Wanxuan Yin and Xian-Ling Mao},
  journal={ArXiv},
  year={2019},
  volume={abs/1908.04729},
  url={https://api.semanticscholar.org/CorpusID:199552037}
}

@misc{doctr2021,
    title={docTR: Document Text Recognition},
    author={Mindee},
    year={2021},
    publisher = {GitHub},
    howpublished = {\url{https://github.com/mindee/doctr}}
}

@article{Vine2019ExtractingTF,
  title={Extracting Tables from Documents using Conditional Generative Adversarial Networks and Genetic Algorithms},
  author={Nataliya Le Vine and Matthew D. Zeigenfuse and Mark Rowan},
  journal={2019 International Joint Conference on Neural Networks (IJCNN)},
  year={2019},
  pages={1-8},
  url={https://api.semanticscholar.org/CorpusID:102484359}
}

@article{Isola2016ImagetoImageTW,
  title={Image-to-Image Translation with Conditional Adversarial Networks},
  author={Phillip Isola and Jun-Yan Zhu and Tinghui Zhou and Alexei A. Efros},
  journal={2017 IEEE Conference on Computer Vision and Pattern Recognition (CVPR)},
  year={2016},
  pages={5967-5976},
  url={https://api.semanticscholar.org/CorpusID:6200260}
}