@article{Alexiou2023AnEO,
  title={An Evaluation of Table Detection Methods in Document Images},
  author={Michail S. Alexiou and Euripides G. M. Petrakis and Nikolaos G. Bourbakis},
  journal={2023 IEEE 35th International Conference on Tools with Artificial Intelligence (ICTAI)},
  year={2023},
  pages={54-63},
  url={https://api.semanticscholar.org/CorpusID:263914906}
}

@article{Carion2020EndtoEndOD,
  title={End-to-End Object Detection with Transformers},
  author={Nicolas Carion and Francisco Massa and Gabriel Synnaeve and Nicolas Usunier and Alexander Kirillov and Sergey Zagoruyko},
  journal={ArXiv},
  year={2020},
  volume={abs/2005.12872},
  url={https://api.semanticscholar.org/CorpusID:218889832}
}

@article{Isola2016ImagetoImageTW,
  title={Image-to-Image Translation with Conditional Adversarial Networks},
  author={Phillip Isola and Jun-Yan Zhu and Tinghui Zhou and Alexei A. Efros},
  journal={2017 IEEE Conference on Computer Vision and Pattern Recognition (CVPR)},
  year={2016},
  pages={5967-5976},
  url={https://api.semanticscholar.org/CorpusID:6200260}
}

@article{Li2022TableSR,
  title={Table Structure Recognition and Form Parsing by End-to-End Object Detection and Relation Parsing},
  author={Xiaohui Li and Fei Yin and He-Sen Dai and Cheng-Lin Liu},
  journal={Pattern Recognit.},
  year={2022},
  volume={132},
  pages={108946},
  url={https://api.semanticscholar.org/CorpusID:251140530}
}

@article{Long2021ParsingTS,
  title={Parsing Table Structures in the Wild},
  author={Rujiao Long and Wen Wang and Nan Xue and Feiyu Gao and Zhibo Yang and Yongpan Wang and Gui-Song Xia},
  journal={2021 IEEE/CVF International Conference on Computer Vision (ICCV)},
  year={2021},
  pages={924-932},
  url={https://api.semanticscholar.org/CorpusID:237420694}
}

@article{Paliwal2019TableNetDL,
  title={TableNet: Deep Learning Model for End-to-end Table Detection and Tabular Data Extraction from Scanned Document Images},
  author={Shubham Paliwal and Vishwanath D and Rohit Rahul and Monika Sharma and Lovekesh Vig},
  journal={2019 International Conference on Document Analysis and Recognition (ICDAR)},
  year={2019},
  pages={128-133},
  url={https://api.semanticscholar.org/CorpusID:209862087}
}

@article{Prasad2020CascadeTabNetAA,
  title={CascadeTabNet: An approach for end to end table detection and structure recognition from image-based documents},
  author={Devashish Prasad and Ayan Gadpal and Kshitij Kapadni and Manish Visave and Kavita A. Sultanpure},
  journal={2020 IEEE/CVF Conference on Computer Vision and Pattern Recognition Workshops (CVPRW)},
  year={2020},
  pages={2439-2447},
  url={https://api.semanticscholar.org/CorpusID:216553259}
}

@article{Rashid2017TableRI,
  title={Table Recognition in Heterogeneous Documents Using Machine Learning},
  author={Sheikh Faisal Rashid and Ab. Razak Nurul Saidatul Akmal and Muhammad Adnan and Ali Adnan Aslam and Andreas R. Dengel},
  journal={2017 14th IAPR International Conference on Document Analysis and Recognition (ICDAR)},
  year={2017},
  volume={01},
  pages={777-782},
  url={https://api.semanticscholar.org/CorpusID:4775097}
}

@article{Ren2015FasterRT,
  title={Faster R-CNN: Towards Real-Time Object Detection with Region Proposal Networks},
  author={Shaoqing Ren and Kaiming He and Ross B. Girshick and Jian Sun},
  journal={IEEE Transactions on Pattern Analysis and Machine Intelligence},
  year={2015},
  volume={39},
  pages={1137-1149},
  url={https://api.semanticscholar.org/CorpusID:10328909}
}

@article{Riba2019TableDI,
  title={Table Detection in Invoice Documents by Graph Neural Networks},
  author={Pau Riba and Anjan Dutta and Lutz Goldmann and Alicia Forn{\'e}s and Oriol Ramos Terrades and Josep Llad{\'o}s},
  journal={2019 International Conference on Document Analysis and Recognition (ICDAR)},
  year={2019},
  pages={122-127},
  url={https://api.semanticscholar.org/CorpusID:211027013}
}

@article{Smock2021PubTables1MTC,
  title={PubTables-1M: Towards comprehensive table extraction from unstructured documents},
  author={Brandon Smock and Rohith Pesala and Robin Abraham},
  journal={2022 IEEE/CVF Conference on Computer Vision and Pattern Recognition (CVPR)},
  year={2021},
  pages={4624-4632},
  url={https://api.semanticscholar.org/CorpusID:244462899}
}

@article{Vine2019ExtractingTF,
  title={Extracting Tables from Documents using Conditional Generative Adversarial Networks and Genetic Algorithms},
  author={Nataliya Le Vine and Matthew D. Zeigenfuse and Mark Rowan},
  journal={2019 International Joint Conference on Neural Networks (IJCNN)},
  year={2019},
  pages={1-8},
  url={https://api.semanticscholar.org/CorpusID:102484359}
}

@article{Zanibbi2004ASO,
  title={A survey of table recognition},
  author={Richard Zanibbi and Dorothea Blostein and James R. Cordy},
  journal={Document Analysis and Recognition},
  year={2004},
  volume={7},
  pages={1-16},
  url={https://api.semanticscholar.org/CorpusID:42236309}
}

@article{Zheng2020GlobalTE,
  title={Global Table Extractor (GTE): A Framework for Joint Table Identification and Cell Structure Recognition Using Visual Context},
  author={Xinyi Zheng and Douglas Burdick and Lucian Popa and Nancy Xin Ru Wang},
  journal={2021 IEEE Winter Conference on Applications of Computer Vision (WACV)},
  year={2020},
  pages={697-706},
  url={https://api.semanticscholar.org/CorpusID:218487305}
}

@misc{doctr2021,
    title={docTR: Document Text Recognition},
    author={Mindee},
    year={2021},
    publisher = {GitHub},
    howpublished = {\url{https://github.com/mindee/doctr}}
}

@book{holland1992adaptation,
  title={Adaptation in natural and artificial systems: an introductory analysis with applications to biology, control, and artificial intelligence},
  author={Holland, John H},
  year={1992},
  publisher={MIT press}
}

@inproceedings{vSimsa2023DocILEBF,
  title={DocILE Benchmark for Document Information Localization and Extraction},
  author={vStvep'an vSimsa and Milan vSulc and Michal Uvrivc'avr and Yash J. Patel and Ahmed Hamdi and Matvej Koci'an and Maty'avs Skalick'y and Jivr'i Matas and Antoine Doucet and Micka{\"e}l Coustaty and Dimosthenis Karatzas},
  booktitle={IEEE International Conference on Document Analysis and Recognition},
  year={2023},
  url={https://api.semanticscholar.org/CorpusID:256827641}
}

