
@article{bautista2022gaudi,
  title={Gaudi: A neural architect for immersive 3d scene generation},
  author={Bautista, Miguel Angel and Guo, Pengsheng and Abnar, Samira and Talbott, Walter and Toshev, Alexander and Chen, Zhuoyuan and Dinh, Laurent and Zhai, Shuangfei and Goh, Hanlin and Ulbricht, Daniel and others},
  journal={Advances in Neural Information Processing Systems},
  volume={35},
  pages={25102--25116},
  year={2022}
}
@inproceedings{liao2024gentkg,
  title={GenTKG: Generative Forecasting on Temporal Knowledge Graph with Large Language Models},
  author={Liao, Ruotong and Jia, Xu and Li, Yangzhe and Ma, Yunpu and Tresp, Volker},
  booktitle={Findings of the Association for Computational Linguistics: NAACL 2024},
  pages={4303--4317},
  year={2024}
}
@inproceedings{zhao2024roomdesigner,
  title={Roomdesigner: Encoding anchor-latents for style-consistent and shape-compatible indoor scene generation},
  author={Zhao, Yiqun and Zhao, Zibo and Li, Jing and Dong, Sixun and Gao, Shenghua},
  booktitle={2024 International Conference on 3D Vision (3DV)},
  pages={1413--1423},
  year={2024},
  organization={IEEE}
}
@inproceedings{zhai2024sg,
  title={Sg-bot: Object rearrangement via coarse-to-fine robotic imagination on scene graphs},
  author={Zhai, Guangyao and Cai, Xiaoni and Huang, Dianye and Di, Yan and Manhardt, Fabian and Tombari, Federico and Navab, Nassir and Busam, Benjamin},
  booktitle={2024 IEEE International Conference on Robotics and Automation (ICRA)},
  pages={4303--4310},
  year={2024},
  organization={IEEE}
}
@article{liao2024videoinsta,
  title={VideoINSTA: Zero-shot Long Video Understanding via Informative Spatial-Temporal Reasoning with LLMs},
  author={Liao, Ruotong and Erler, Max and Wang, Huiyu and Zhai, Guangyao and Zhang, Gengyuan and Ma, Yunpu and Tresp, Volker},
  journal={arXiv preprint arXiv:2409.20365},
  year={2024}
}
@article{ccelen2024design,
  title={I-design: Personalized llm interior designer},
  author={{\c{C}}elen, Ata and Han, Guo and Schindler, Konrad and Van Gool, Luc and Armeni, Iro and Obukhov, Anton and Wang, Xi},
  journal={arXiv preprint arXiv:2404.02838},
  year={2024}
}
@inproceedings{schult2024controlroom3d,
  title={Controlroom3d: Room generation using semantic proxy rooms},
  author={Schult, Jonas and Tsai, Sam and H{\"o}llein, Lukas and Wu, Bichen and Wang, Jialiang and Ma, Chih-Yao and Li, Kunpeng and Wang, Xiaofang and Wimbauer, Felix and He, Zijian and others},
  booktitle={Proceedings of the IEEE/CVF Conference on Computer Vision and Pattern Recognition},
  pages={6201--6210},
  year={2024}
}
@inproceedings{yang2024holodeck,
  title={Holodeck: Language guided generation of 3d embodied ai environments},
  author={Yang, Yue and Sun, Fan-Yun and Weihs, Luca and VanderBilt, Eli and Herrasti, Alvaro and Han, Winson and Wu, Jiajun and Haber, Nick and Krishna, Ranjay and Liu, Lingjie and others},
  booktitle={Proceedings of the IEEE/CVF Conference on Computer Vision and Pattern Recognition},
  pages={16227--16237},
  year={2024}
}
@inproceedings{yang2024physcene,
  title={Physcene: Physically interactable 3d scene synthesis for embodied ai},
  author={Yang, Yandan and Jia, Baoxiong and Zhi, Peiyuan and Huang, Siyuan},
  booktitle={Proceedings of the IEEE/CVF Conference on Computer Vision and Pattern Recognition},
  pages={16262--16272},
  year={2024}
}
@inproceedings{dhamo2021graph,
  title={Graph-to-3d: End-to-end generation and manipulation of 3d scenes using scene graphs},
  author={Dhamo, Helisa and Manhardt, Fabian and Navab, Nassir and Tombari, Federico},
  booktitle={Proceedings of the IEEE/CVF International Conference on Computer Vision},
  pages={16352--16361},
  year={2021}
}
@article{JMLR:v21:20-074,
  author  = {Colin Raffel and Noam Shazeer and Adam Roberts and Katherine Lee and Sharan Narang and Michael Matena and Yanqi Zhou and Wei Li and Peter J. Liu},
  title   = {Exploring the Limits of Transfer Learning with a Unified Text-to-Text Transformer},
  journal = {Journal of Machine Learning Research},
  year    = {2020},
  volume  = {21},
  number  = {140},
  pages   = {1--67},
  url     = {http://jmlr.org/papers/v21/20-074.html}
}
@article{zheng2024judging,
  title={Judging llm-as-a-judge with mt-bench and chatbot arena},
  author={Zheng, Lianmin and Chiang, Wei-Lin and Sheng, Ying and Zhuang, Siyuan and Wu, Zhanghao and Zhuang, Yonghao and Lin, Zi and Li, Zhuohan and Li, Dacheng and Xing, Eric and others},
  journal={Advances in Neural Information Processing Systems},
  volume={36},
  year={2024}
}
@article{girdhar2023emu,
  title={Emu video: Factorizing text-to-video generation by explicit image conditioning},
  author={Girdhar, Rohit and Singh, Mannat and Brown, Andrew and Duval, Quentin and Azadi, Samaneh and Rambhatla, Sai Saketh and Shah, Akbar and Yin, Xi and Parikh, Devi and Misra, Ishan},
  journal={arXiv preprint arXiv:2311.10709},
  year={2023}
}
@inproceedings{liu2023zero,
  title={Zero-1-to-3: Zero-shot one image to 3d object},
  author={Liu, Ruoshi and Wu, Rundi and Van Hoorick, Basile and Tokmakov, Pavel and Zakharov, Sergey and Vondrick, Carl},
  booktitle={Proceedings of the IEEE/CVF international conference on computer vision},
  pages={9298--9309},
  year={2023}
}
@article{poole2022dreamfusion,
  title={Dreamfusion: Text-to-3d using 2d diffusion},
  author={Poole, Ben and Jain, Ajay and Barron, Jonathan T and Mildenhall, Ben},
  journal={arXiv preprint arXiv:2209.14988},
  year={2022}
}
@inproceedings{luo2020end,
  title={End-to-end optimization of scene layout},
  author={Luo, Andrew and Zhang, Zhoutong and Wu, Jiajun and Tenenbaum, Joshua B},
  booktitle={Proceedings of the IEEE/CVF Conference on Computer Vision and Pattern Recognition},
  pages={3754--3763},
  year={2020}
}
@inproceedings{di2023u,
  title={U-RED: Unsupervised 3D Shape Retrieval and Deformation for Partial Point Clouds},
  author={Di, Yan and Zhang, Chenyangguang and Zhang, Ruida and Manhardt, Fabian and Su, Yongzhi and Rambach, Jason and Stricker, Didier and Ji, Xiangyang and Tombari, Federico},
  booktitle={Proceedings of the IEEE/CVF International Conference on Computer Vision},
  pages={8884--8895},
  year={2023}
}
@article{yang2024llplace,
  title={LLplace: The 3D Indoor Scene Layout Generation and Editing via Large Language Model},
  author={Yang, Yixuan and Lu, Junru and Zhao, Zixiang and Luo, Zhen and Yu, James JQ and Sanchez, Victor and Zheng, Feng},
  journal={arXiv preprint arXiv:2406.03866},
  year={2024}
}
@inproceedings{uy2021joint,
  title={Joint learning of 3d shape retrieval and deformation},
  author={Uy, Mikaela Angelina and Kim, Vladimir G and Sung, Minhyuk and Aigerman, Noam and Chaudhuri, Siddhartha and Guibas, Leonidas J},
  booktitle={Proceedings of the IEEE/CVF Conference on Computer Vision and Pattern Recognition},
  pages={11713--11722},
  year={2021}
}
@article{zhai2024commonscenes,
  title={Commonscenes: Generating commonsense 3d indoor scenes with scene graphs},
  author={Zhai, Guangyao and {\"O}rnek, Evin P{\i}nar and Wu, Shun-Cheng and Di, Yan and Tombari, Federico and Navab, Nassir and Busam, Benjamin},
  journal={Advances in Neural Information Processing Systems},
  volume={36},
  year={2024}
}
@article{zhai2024echoscene,
  title={EchoScene: Indoor Scene Generation via Information Echo over Scene Graph Diffusion},
  author={Zhai, Guangyao and {\"O}rnek, Evin P{\i}nar and Chen, Dave Zhenyu and Liao, Ruotong and Di, Yan and Navab, Nassir and Tombari, Federico and Busam, Benjamin},
  journal={arXiv preprint arXiv:2405.00915},
  year={2024}
}
@article{lin2024instructscene,
  title={Instructscene: Instruction-driven 3d indoor scene synthesis with semantic graph prior},
  author={Lin, Chenguo and Mu, Yadong},
  journal={arXiv preprint arXiv:2402.04717},
  year={2024}
}
@article{yan2024frankenstein,
  title={Frankenstein: Generating Semantic-Compositional 3D Scenes in One Tri-Plane},
  author={Yan, Han and Li, Yang and Wu, Zhennan and Chen, Shenzhou and Sun, Weixuan and Shang, Taizhang and Liu, Weizhe and Chen, Tian and Dai, Xiaqiang and Ma, Chao and others},
  journal={arXiv preprint arXiv:2403.16210},
  year={2024}
}
@article{wei2024compositional,
  title={Compositional 3D Scene Synthesis with Scene Graph Guided Layout-Shape Generation},
  author={Wei, Yao and Min, Martin Renqiang and Vosselman, George and Li, Li Erran and Yang, Michael Ying},
  journal={arXiv preprint arXiv:2403.12848},
  year={2024}
}
@inproceedings{rombach2022high,
  title={High-resolution image synthesis with latent diffusion models},
  author={Rombach, Robin and Blattmann, Andreas and Lorenz, Dominik and Esser, Patrick and Ommer, Bj{\"o}rn},
  booktitle={Proceedings of the IEEE/CVF conference on computer vision and pattern recognition},
  pages={10684--10695},
  year={2022}
}
@inproceedings{bahmani2023cc3d,
  title={Cc3d: Layout-conditioned generation of compositional 3d scenes},
  author={Bahmani, Sherwin and Park, Jeong Joon and Paschalidou, Despoina and Yan, Xingguang and Wetzstein, Gordon and Guibas, Leonidas and Tagliasacchi, Andrea},
  booktitle={Proceedings of the IEEE/CVF International Conference on Computer Vision},
  pages={7171--7181},
  year={2023}
}
@article{achiam2023gpt,
  title={Gpt-4 technical report},
  author={Achiam, Josh and Adler, Steven and Agarwal, Sandhini and Ahmad, Lama and Akkaya, Ilge and Aleman, Florencia Leoni and Almeida, Diogo and Altenschmidt, Janko and Altman, Sam and Anadkat, Shyamal and others},
  journal={arXiv preprint arXiv:2303.08774},
  year={2023}
}
@inproceedings{po2024compositional,
  title={Compositional 3d scene generation using locally conditioned diffusion},
  author={Po, Ryan and Wetzstein, Gordon},
  booktitle={2024 International Conference on 3D Vision (3DV)},
  pages={651--663},
  year={2024},
  organization={IEEE}
}
@article{paschalidou2021atiss,
  title={Atiss: Autoregressive transformers for indoor scene synthesis},
  author={Paschalidou, Despoina and Kar, Amlan and Shugrina, Maria and Kreis, Karsten and Geiger, Andreas and Fidler, Sanja},
  journal={Advances in Neural Information Processing Systems},
  volume={34},
  pages={12013--12026},
  year={2021}
}
@inproceedings{ren2024xcube,
  title={Xcube: Large-scale 3d generative modeling using sparse voxel hierarchies},
  author={Ren, Xuanchi and Huang, Jiahui and Zeng, Xiaohui and Museth, Ken and Fidler, Sanja and Williams, Francis},
  booktitle={Proceedings of the IEEE/CVF Conference on Computer Vision and Pattern Recognition},
  pages={4209--4219},
  year={2024}
}
@inproceedings{zhou2019scenegraphnet,
  title={Scenegraphnet: Neural message passing for 3d indoor scene augmentation},
  author={Zhou, Yang and While, Zachary and Kalogerakis, Evangelos},
  booktitle={Proceedings of the IEEE/CVF International Conference on Computer Vision},
  pages={7384--7392},
  year={2019}
}
@inproceedings{johnson2015image,
  title={Image retrieval using scene graphs},
  author={Johnson, Justin and Krishna, Ranjay and Stark, Michael and Li, Li-Jia and Shamma, David and Bernstein, Michael and Fei-Fei, Li},
  booktitle={Proceedings of the IEEE conference on computer vision and pattern recognition},
  pages={3668--3678},
  year={2015}
}
@inproceedings{para2021generative,
  title={Generative layout modeling using constraint graphs},
  author={Para, Wamiq and Guerrero, Paul and Kelly, Tom and Guibas, Leonidas J and Wonka, Peter},
  booktitle={Proceedings of the IEEE/CVF international conference on computer vision},
  pages={6690--6700},
  year={2021}
}
@article{rosinol20203d,
  title={3D dynamic scene graphs: Actionable spatial perception with places, objects, and humans},
  author={Rosinol, Antoni and Gupta, Arjun and Abate, Marcus and Shi, Jingnan and Carlone, Luca},
  journal={arXiv preprint arXiv:2002.06289},
  year={2020}
}
@article{rosinol2021kimera,
  title={Kimera: From SLAM to spatial perception with 3D dynamic scene graphs},
  author={Rosinol, Antoni and Violette, Andrew and Abate, Marcus and Hughes, Nathan and Chang, Yun and Shi, Jingnan and Gupta, Arjun and Carlone, Luca},
  journal={The International Journal of Robotics Research},
  volume={40},
  number={12-14},
  pages={1510--1546},
  year={2021},
  publisher={SAGE Publications Sage UK: London, England}
}
@inproceedings{koch2024lang3dsg,
  title={Lang3DSG: Language-based contrastive pre-training for 3D Scene Graph prediction},
  author={Koch, Sebastian and Hermosilla, Pedro and Vaskevicius, Narunas and Colosi, Mirco and Ropinski, Timo},
  booktitle={2024 International Conference on 3D Vision (3DV)},
  pages={1037--1047},
  year={2024},
  organization={IEEE}
}
@inproceedings{zhang2021exploiting,
  title={Exploiting edge-oriented reasoning for 3d point-based scene graph analysis},
  author={Zhang, Chaoyi and Yu, Jianhui and Song, Yang and Cai, Weidong},
  booktitle={Proceedings of the IEEE/CVF conference on computer vision and pattern recognition},
  pages={9705--9715},
  year={2021}
}
@article{zhang2021knowledge,
  title={Knowledge-inspired 3d scene graph prediction in point cloud},
  author={Zhang, Shoulong and Hao, Aimin and Qin, Hong and others},
  journal={Advances in Neural Information Processing Systems},
  volume={34},
  pages={18620--18632},
  year={2021}
}
@inproceedings{xu2017scene,
  title={Scene graph generation by iterative message passing},
  author={Xu, Danfei and Zhu, Yuke and Choy, Christopher B and Fei-Fei, Li},
  booktitle={Proceedings of the IEEE conference on computer vision and pattern recognition},
  pages={5410--5419},
  year={2017}
}
@inproceedings{johnson2018image,
  title={Image generation from scene graphs},
  author={Johnson, Justin and Gupta, Agrim and Fei-Fei, Li},
  booktitle={Proceedings of the IEEE conference on computer vision and pattern recognition},
  pages={1219--1228},
  year={2018}
}
@inproceedings{dhamo2020semantic,
  title={Semantic image manipulation using scene graphs},
  author={Dhamo, Helisa and Farshad, Azade and Laina, Iro and Navab, Nassir and Hager, Gregory D and Tombari, Federico and Rupprecht, Christian},
  booktitle={Proceedings of the IEEE/CVF conference on computer vision and pattern recognition},
  pages={5213--5222},
  year={2020}
}
@article{basioti2024cic,
  title={CIC-BART-SSA: Controllable Image Captioning with Structured Semantic Augmentation},
  author={Basioti, Kalliopi and Abdelsalam, Mohamed A and Fancellu, Federico and Pavlovic, Vladimir and Fazly, Afsaneh},
  journal={arXiv preprint arXiv:2407.11393},
  year={2024}
}
@article{krishna2017visual,
  title={Visual genome: Connecting language and vision using crowdsourced dense image annotations},
  author={Krishna, Ranjay and Zhu, Yuke and Groth, Oliver and Johnson, Justin and Hata, Kenji and Kravitz, Joshua and Chen, Stephanie and Kalantidis, Yannis and Li, Li-Jia and Shamma, David A and others},
  journal={International journal of computer vision},
  volume={123},
  pages={32--73},
  year={2017},
  publisher={Springer}
}
@inproceedings{teney2017graph,
  title={Graph-structured representations for visual question answering},
  author={Teney, Damien and Liu, Lingqiao and van Den Hengel, Anton},
  booktitle={Proceedings of the IEEE conference on computer vision and pattern recognition},
  pages={1--9},
  year={2017}
}
@inproceedings{wu2023scene,
  title={Scene graph to image synthesis via knowledge consensus},
  author={Wu, Yang and Wei, Pengxu and Lin, Liang},
  booktitle={Proceedings of the AAAI Conference on Artificial Intelligence},
  volume={37},
  number={3},
  pages={2856--2865},
  year={2023}
}
@article{bar2020compositional,
  title={Compositional video synthesis with action graphs},
  author={Bar, Amir and Herzig, Roei and Wang, Xiaolong and Rohrbach, Anna and Chechik, Gal and Darrell, Trevor and Globerson, Amir},
  journal={arXiv preprint arXiv:2006.15327},
  year={2020}
}
@inproceedings{cong2023ssgvs,
  title={Ssgvs: Semantic scene graph-to-video synthesis},
  author={Cong, Yuren and Yi, Jinhui and Rosenhahn, Bodo and Yang, Michael Ying},
  booktitle={Proceedings of the IEEE/CVF Conference on Computer Vision and Pattern Recognition},
  pages={2555--2565},
  year={2023}
}
@inproceedings{soldan2021vlg,
  title={Vlg-net: Video-language graph matching network for video grounding},
  author={Soldan, Mattia and Xu, Mengmeng and Qu, Sisi and Tegner, Jesper and Ghanem, Bernard},
  booktitle={Proceedings of the IEEE/CVF International Conference on Computer Vision},
  pages={3224--3234},
  year={2021}
}
@inproceedings{zhang2020relational,
  title={Relational graph learning for grounded video description generation},
  author={Zhang, Wenqiao and Wang, Xin Eric and Tang, Siliang and Shi, Haizhou and Shi, Haochen and Xiao, Jun and Zhuang, Yueting and Wang, William Yang},
  booktitle={Proceedings of the 28th ACM International Conference on Multimedia},
  pages={3807--3828},
  year={2020}
}
@inproceedings{wald2020learning,
  title={Learning 3d semantic scene graphs from 3d indoor reconstructions},
  author={Wald, Johanna and Dhamo, Helisa and Navab, Nassir and Tombari, Federico},
  booktitle={Proceedings of the IEEE/CVF Conference on Computer Vision and Pattern Recognition},
  pages={3961--3970},
  year={2020}
}
@inproceedings{chen2019holistic++,
  title={Holistic++ scene understanding: Single-view 3d holistic scene parsing and human pose estimation with human-object interaction and physical commonsense},
  author={Chen, Yixin and Huang, Siyuan and Yuan, Tao and Qi, Siyuan and Zhu, Yixin and Zhu, Song-Chun},
  booktitle={Proceedings of the IEEE/CVF International Conference on Computer Vision},
  pages={8648--8657},
  year={2019}
}
@article{wang2019planit,
  title={Planit: Planning and instantiating indoor scenes with relation graph and spatial prior networks},
  author={Wang, Kai and Lin, Yu-An and Weissmann, Ben and Savva, Manolis and Chang, Angel X and Ritchie, Daniel},
  journal={ACM Transactions on Graphics (TOG)},
  volume={38},
  number={4},
  pages={1--15},
  year={2019},
  publisher={ACM New York, NY, USA}
}
@article{wen2023anyhome,
  title={Anyhome: Open-vocabulary generation of structured and textured 3d homes},
  author={Wen, Zehao and Liu, Zichen and Sridhar, Srinath and Fu, Rao},
  journal={arXiv preprint arXiv:2312.06644},
  year={2023}
}
@article{jang2016categorical,
  title={Categorical reparameterization with gumbel-softmax},
  author={Jang, Eric and Gu, Shixiang and Poole, Ben},
  journal={arXiv preprint arXiv:1611.01144},
  year={2016}
}
@article{strader2024indoor,
  title={Indoor and outdoor 3d scene graph generation via language-enabled spatial ontologies},
  author={Strader, Jared and Hughes, Nathan and Chen, William and Speranzon, Alberto and Carlone, Luca},
  journal={IEEE Robotics and Automation Letters},
  year={2024},
  publisher={IEEE}
}
@inproceedings{engelmann2021points,
  title={From points to multi-object 3D reconstruction},
  author={Engelmann, Francis and Rematas, Konstantinos and Leibe, Bastian and Ferrari, Vittorio},
  booktitle={Proceedings of the IEEE/CVF conference on computer vision and pattern recognition},
  pages={4588--4597},
  year={2021}
}
@inproceedings{xu2023discoscene,
  title={Discoscene: Spatially disentangled generative radiance fields for controllable 3d-aware scene synthesis},
  author={Xu, Yinghao and Chai, Menglei and Shi, Zifan and Peng, Sida and Skorokhodov, Ivan and Siarohin, Aliaksandr and Yang, Ceyuan and Shen, Yujun and Lee, Hsin-Ying and Zhou, Bolei and others},
  booktitle={Proceedings of the IEEE/CVF conference on computer vision and pattern recognition},
  pages={4402--4412},
  year={2023}
}
@inproceedings{wang2021sceneformer,
  title={Sceneformer: Indoor scene generation with transformers},
  author={Wang, Xinpeng and Yeshwanth, Chandan and Nie{\ss}ner, Matthias},
  booktitle={2021 International Conference on 3D Vision (3DV)},
  pages={106--115},
  year={2021},
  organization={IEEE}
}
@article{zhang2024style,
  title={Style-Consistent 3D Indoor Scene Synthesis with Decoupled Objects},
  author={Zhang, Yunfan and Huang, Hong and Xiong, Zhiwei and Shen, Zhiqi and Lin, Guosheng and Wang, Hao and Vun, Nicholas},
  journal={arXiv preprint arXiv:2401.13203},
  year={2024}
}
@article{epstein2024disentangled,
  title={Disentangled 3d scene generation with layout learning},
  author={Epstein, Dave and Poole, Ben and Mildenhall, Ben and Efros, Alexei A and Holynski, Aleksander},
  journal={arXiv preprint arXiv:2402.16936},
  year={2024}
}
@inproceedings{nie2023learning,
  title={Learning 3d scene priors with 2d supervision},
  author={Nie, Yinyu and Dai, Angela and Han, Xiaoguang and Nie{\ss}ner, Matthias},
  booktitle={Proceedings of the IEEE/CVF Conference on Computer Vision and Pattern Recognition},
  pages={792--802},
  year={2023}
}
@article{song2023roomdreamer,
  title={Roomdreamer: Text-driven 3d indoor scene synthesis with coherent geometry and texture},
  author={Song, Liangchen and Cao, Liangliang and Xu, Hongyu and Kang, Kai and Tang, Feng and Yuan, Junsong and Zhao, Yang},
  journal={arXiv preprint arXiv:2305.11337},
  year={2023}
}
@inproceedings{hollein2023text2room,
  title={Text2room: Extracting textured 3d meshes from 2d text-to-image models},
  author={H{\"o}llein, Lukas and Cao, Ang and Owens, Andrew and Johnson, Justin and Nie{\ss}ner, Matthias},
  booktitle={Proceedings of the IEEE/CVF International Conference on Computer Vision},
  pages={7909--7920},
  year={2023}
}
@article{feng2024layoutgpt,
  title={Layoutgpt: Compositional visual planning and generation with large language models},
  author={Feng, Weixi and Zhu, Wanrong and Fu, Tsu-jui and Jampani, Varun and Akula, Arjun and He, Xuehai and Basu, Sugato and Wang, Xin Eric and Wang, William Yang},
  journal={Advances in Neural Information Processing Systems},
  volume={36},
  year={2024}
}
@article{zhou2024gala3d,
  title={Gala3d: Towards text-to-3d complex scene generation via layout-guided generative gaussian splatting},
  author={Zhou, Xiaoyu and Ran, Xingjian and Xiong, Yajiao and He, Jinlin and Lin, Zhiwei and Wang, Yongtao and Sun, Deqing and Yang, Ming-Hsuan},
  journal={arXiv preprint arXiv:2402.07207},
  year={2024}
}
@article{ma2018language,
  title={Language-driven synthesis of 3D scenes from scene databases},
  author={Ma, Rui and Patil, Akshay Gadi and Fisher, Matthew and Li, Manyi and Pirk, S{\"o}ren and Hua, Binh-Son and Yeung, Sai-Kit and Tong, Xin and Guibas, Leonidas and Zhang, Hao},
  journal={ACM Transactions on Graphics (TOG)},
  volume={37},
  number={6},
  pages={1--16},
  year={2018},
  publisher={ACM New York, NY, USA}
}
@article{wang2023perf,
  title={Perf: Panoramic neural radiance field from a single panorama},
  author={Wang, Guangcong and Wang, Peng and Chen, Zhaoxi and Wang, Wenping and Loy, Chen Change and Liu, Ziwei},
  journal={arXiv preprint arXiv:2310.16831},
  year={2023}
}
@article{hara2024magritte,
  title={MaGRITTe: Manipulative and Generative 3D Realization from Image, Topview and Text},
  author={Hara, Takayuki and Harada, Tatsuya},
  journal={arXiv preprint arXiv:2404.00345},
  year={2024}
}
@article{fang2023ctrl,
  title={Ctrl-room: Controllable text-to-3d room meshes generation with layout constraints},
  author={Fang, Chuan and Hu, Xiaotao and Luo, Kunming and Tan, Ping},
  journal={arXiv preprint arXiv:2310.03602},
  year={2023}
}
@inproceedings{jyothi2019layoutvae,
  title={Layoutvae: Stochastic scene layout generation from a label set},
  author={Jyothi, Akash Abdu and Durand, Thibaut and He, Jiawei and Sigal, Leonid and Mori, Greg},
  booktitle={Proceedings of the IEEE/CVF International Conference on Computer Vision},
  pages={9895--9904},
  year={2019}
}
@inproceedings{sohl2015deep,
  title={Deep unsupervised learning using nonequilibrium thermodynamics},
  author={Sohl-Dickstein, Jascha and Weiss, Eric and Maheswaranathan, Niru and Ganguli, Surya},
  booktitle={International conference on machine learning},
  pages={2256--2265},
  year={2015},
  organization={PMLR}
}
@article{nichol2021glide,
  title={Glide: Towards photorealistic image generation and editing with text-guided diffusion models},
  author={Nichol, Alex and Dhariwal, Prafulla and Ramesh, Aditya and Shyam, Pranav and Mishkin, Pamela and McGrew, Bob and Sutskever, Ilya and Chen, Mark},
  journal={arXiv preprint arXiv:2112.10741},
  year={2021}
}
@article{singer2022make,
  title={Make-a-video: Text-to-video generation without text-video data},
  author={Singer, Uriel and Polyak, Adam and Hayes, Thomas and Yin, Xi and An, Jie and Zhang, Songyang and Hu, Qiyuan and Yang, Harry and Ashual, Oron and Gafni, Oran and others},
  journal={arXiv preprint arXiv:2209.14792},
  year={2022}
}
@inproceedings{blattmann2023align,
  title={Align your latents: High-resolution video synthesis with latent diffusion models},
  author={Blattmann, Andreas and Rombach, Robin and Ling, Huan and Dockhorn, Tim and Kim, Seung Wook and Fidler, Sanja and Kreis, Karsten},
  booktitle={Proceedings of the IEEE/CVF Conference on Computer Vision and Pattern Recognition},
  pages={22563--22575},
  year={2023}
}
@article{tang2023diffuscene,
  title={Diffuscene: Scene graph denoising diffusion probabilistic model for generative indoor scene synthesis},
  author={Tang, Jiapeng and Nie, Yinyu and Markhasin, Lev and Dai, Angela and Thies, Justus and Nie{\ss}ner, Matthias},
  journal={arXiv preprint arXiv:2303.14207},
  volume={2},
  number={3},
  year={2023}
}
@inproceedings{hu2024scenecraft,
  title={SceneCraft: An LLM Agent for Synthesizing 3D Scenes as Blender Code},
  author={Hu, Ziniu and Iscen, Ahmet and Jain, Aashi and Kipf, Thomas and Yue, Yisong and Ross, David A and Schmid, Cordelia and Fathi, Alireza},
  booktitle={Forty-first International Conference on Machine Learning},
  year={2024}
}
@article{hu2024mixed,
  title={Mixed Diffusion for 3D Indoor Scene Synthesis},
  author={Hu, Siyi and Arroyo, Diego Martin and Debats, Stephanie and Manhardt, Fabian and Carlone, Luca and Tombari, Federico},
  journal={arXiv preprint arXiv:2405.21066},
  year={2024}
}
@inproceedings{gao2024graphdreamer,
  title={Graphdreamer: Compositional 3d scene synthesis from scene graphs},
  author={Gao, Gege and Liu, Weiyang and Chen, Anpei and Geiger, Andreas and Sch{\"o}lkopf, Bernhard},
  booktitle={Proceedings of the IEEE/CVF Conference on Computer Vision and Pattern Recognition},
  pages={21295--21304},
  year={2024}
}
@article{van2017neural,
  title={Neural discrete representation learning},
  author={Van Den Oord, Aaron and Vinyals, Oriol and others},
  journal={Advances in neural information processing systems},
  volume={30},
  year={2017}
}
@inproceedings{ronneberger2015u,
  title={U-net: Convolutional networks for biomedical image segmentation},
  author={Ronneberger, Olaf and Fischer, Philipp and Brox, Thomas},
  booktitle={Medical image computing and computer-assisted intervention--MICCAI 2015: 18th international conference, Munich, Germany, October 5-9, 2015, proceedings, part III 18},
  pages={234--241},
  year={2015},
  organization={Springer}
}
@inproceedings{radford2021learning,
  title={Learning transferable visual models from natural language supervision},
  author={Radford, Alec and Kim, Jong Wook and Hallacy, Chris and Ramesh, Aditya and Goh, Gabriel and Agarwal, Sandhini and Sastry, Girish and Askell, Amanda and Mishkin, Pamela and Clark, Jack and others},
  booktitle={International conference on machine learning},
  pages={8748--8763},
  year={2021},
  organization={PMLR}
}
@inproceedings{cheng2023sdfusion,
  title={Sdfusion: Multimodal 3d shape completion, reconstruction, and generation},
  author={Cheng, Yen-Chi and Lee, Hsin-Ying and Tulyakov, Sergey and Schwing, Alexander G and Gui, Liang-Yan},
  booktitle={Proceedings of the IEEE/CVF Conference on Computer Vision and Pattern Recognition},
  pages={4456--4465},
  year={2023}
}
@inproceedings{park2019deepsdf,
  title={Deepsdf: Learning continuous signed distance functions for shape representation},
  author={Park, Jeong Joon and Florence, Peter and Straub, Julian and Newcombe, Richard and Lovegrove, Steven},
  booktitle={Proceedings of the IEEE/CVF conference on computer vision and pattern recognition},
  pages={165--174},
  year={2019}
}
@inproceedings{fu20213d,
  title={3d-front: 3d furnished rooms with layouts and semantics},
  author={Fu, Huan and Cai, Bowen and Gao, Lin and Zhang, Ling-Xiao and Wang, Jiaming and Li, Cao and Zeng, Qixun and Sun, Chengyue and Jia, Rongfei and Zhao, Binqiang and others},
  booktitle={Proceedings of the IEEE/CVF International Conference on Computer Vision},
  pages={10933--10942},
  year={2021}
}
@article{fu20213d_future,
  title={3d-future: 3d furniture shape with texture},
  author={Fu, Huan and Jia, Rongfei and Gao, Lin and Gong, Mingming and Zhao, Binqiang and Maybank, Steve and Tao, Dacheng},
  journal={International Journal of Computer Vision},
  volume={129},
  pages={3313--3337},
  year={2021},
  publisher={Springer}
}
@article{heusel2017gans,
  title={Gans trained by a two time-scale update rule converge to a local nash equilibrium},
  author={Heusel, Martin and Ramsauer, Hubert and Unterthiner, Thomas and Nessler, Bernhard and Hochreiter, Sepp},
  journal={Advances in neural information processing systems},
  volume={30},
  year={2017}
}
@article{binkowski2018demystifying,
  title={Demystifying mmd gans},
  author={Bi{\'n}kowski, Miko{\l}aj and Sutherland, Danica J and Arbel, Michael and Gretton, Arthur},
  journal={arXiv preprint arXiv:1801.01401},
  year={2018}
}
@inproceedings{fan2017point,
  title={A point set generation network for 3d object reconstruction from a single image},
  author={Fan, Haoqiang and Su, Hao and Guibas, Leonidas J},
  booktitle={Proceedings of the IEEE conference on computer vision and pattern recognition},
  pages={605--613},
  year={2017}
}
@inproceedings{yang2019pointflow,
  title={Pointflow: 3d point cloud generation with continuous normalizing flows},
  author={Yang, Guandao and Huang, Xun and Hao, Zekun and Liu, Ming-Yu and Belongie, Serge and Hariharan, Bharath},
  booktitle={Proceedings of the IEEE/CVF international conference on computer vision},
  pages={4541--4550},
  year={2019}
}
@inproceedings{curless1996volumetric,
  title={A volumetric method for building complex models from range images},
  author={Curless, Brian and Levoy, Marc},
  booktitle={Proceedings of the 23rd annual conference on Computer graphics and interactive techniques},
  pages={303--312},
  year={1996}
}
@inproceedings{liu2024one,
  title={One-2-3-45++: Fast single image to 3d objects with consistent multi-view generation and 3d diffusion},
  author={Liu, Minghua and Shi, Ruoxi and Chen, Linghao and Zhang, Zhuoyang and Xu, Chao and Wei, Xinyue and Chen, Hansheng and Zeng, Chong and Gu, Jiayuan and Su, Hao},
  booktitle={Proceedings of the IEEE/CVF Conference on Computer Vision and Pattern Recognition},
  pages={10072--10083},
  year={2024}
}