@article{basioti2024cic,
  title={CIC-BART-SSA: Controllable Image Captioning with Structured Semantic Augmentation},
  author={Basioti, Kalliopi and Abdelsalam, Mohamed A and Fancellu, Federico and Pavlovic, Vladimir and Fazly, Afsaneh},
  journal={arXiv preprint arXiv:2407.11393},
  year={2024}
}

@inproceedings{blattmann2023align,
  title={Align your latents: High-resolution video synthesis with latent diffusion models},
  author={Blattmann, Andreas and Rombach, Robin and Ling, Huan and Dockhorn, Tim and Kim, Seung Wook and Fidler, Sanja and Kreis, Karsten},
  booktitle={Proceedings of the IEEE/CVF Conference on Computer Vision and Pattern Recognition},
  pages={22563--22575},
  year={2023}
}

@inproceedings{cong2023ssgvs,
  title={Ssgvs: Semantic scene graph-to-video synthesis},
  author={Cong, Yuren and Yi, Jinhui and Rosenhahn, Bodo and Yang, Michael Ying},
  booktitle={Proceedings of the IEEE/CVF Conference on Computer Vision and Pattern Recognition},
  pages={2555--2565},
  year={2023}
}

@inproceedings{engelmann2021points,
  title={From points to multi-object 3D reconstruction},
  author={Engelmann, Francis and Rematas, Konstantinos and Leibe, Bastian and Ferrari, Vittorio},
  booktitle={Proceedings of the IEEE/CVF conference on computer vision and pattern recognition},
  pages={4588--4597},
  year={2021}
}

@article{epstein2024disentangled,
  title={Disentangled 3d scene generation with layout learning},
  author={Epstein, Dave and Poole, Ben and Mildenhall, Ben and Efros, Alexei A and Holynski, Aleksander},
  journal={arXiv preprint arXiv:2402.16936},
  year={2024}
}

@article{fang2023ctrl,
  title={Ctrl-room: Controllable text-to-3d room meshes generation with layout constraints},
  author={Fang, Chuan and Hu, Xiaotao and Luo, Kunming and Tan, Ping},
  journal={arXiv preprint arXiv:2310.03602},
  year={2023}
}

@inproceedings{gao2024graphdreamer,
  title={Graphdreamer: Compositional 3d scene synthesis from scene graphs},
  author={Gao, Gege and Liu, Weiyang and Chen, Anpei and Geiger, Andreas and Sch{\"o}lkopf, Bernhard},
  booktitle={Proceedings of the IEEE/CVF Conference on Computer Vision and Pattern Recognition},
  pages={21295--21304},
  year={2024}
}

@article{hara2024magritte,
  title={MaGRITTe: Manipulative and Generative 3D Realization from Image, Topview and Text},
  author={Hara, Takayuki and Harada, Tatsuya},
  journal={arXiv preprint arXiv:2404.00345},
  year={2024}
}

@inproceedings{hollein2023text2room,
  title={Text2room: Extracting textured 3d meshes from 2d text-to-image models},
  author={H{\"o}llein, Lukas and Cao, Ang and Owens, Andrew and Johnson, Justin and Nie{\ss}ner, Matthias},
  booktitle={Proceedings of the IEEE/CVF International Conference on Computer Vision},
  pages={7909--7920},
  year={2023}
}

@inproceedings{johnson2018image,
  title={Image generation from scene graphs},
  author={Johnson, Justin and Gupta, Agrim and Fei-Fei, Li},
  booktitle={Proceedings of the IEEE conference on computer vision and pattern recognition},
  pages={1219--1228},
  year={2018}
}

@inproceedings{jyothi2019layoutvae,
  title={Layoutvae: Stochastic scene layout generation from a label set},
  author={Jyothi, Akash Abdu and Durand, Thibaut and He, Jiawei and Sigal, Leonid and Mori, Greg},
  booktitle={Proceedings of the IEEE/CVF International Conference on Computer Vision},
  pages={9895--9904},
  year={2019}
}

@inproceedings{koch2024lang3dsg,
  title={Lang3DSG: Language-based contrastive pre-training for 3D Scene Graph prediction},
  author={Koch, Sebastian and Hermosilla, Pedro and Vaskevicius, Narunas and Colosi, Mirco and Ropinski, Timo},
  booktitle={2024 International Conference on 3D Vision (3DV)},
  pages={1037--1047},
  year={2024},
  organization={IEEE}
}

@inproceedings{liao2024gentkg,
  title={GenTKG: Generative Forecasting on Temporal Knowledge Graph with Large Language Models},
  author={Liao, Ruotong and Jia, Xu and Li, Yangzhe and Ma, Yunpu and Tresp, Volker},
  booktitle={Findings of the Association for Computational Linguistics: NAACL 2024},
  pages={4303--4317},
  year={2024}
}

@inproceedings{para2021generative,
  title={Generative layout modeling using constraint graphs},
  author={Para, Wamiq and Guerrero, Paul and Kelly, Tom and Guibas, Leonidas J and Wonka, Peter},
  booktitle={Proceedings of the IEEE/CVF international conference on computer vision},
  pages={6690--6700},
  year={2021}
}

@article{poole2022dreamfusion,
  title={Dreamfusion: Text-to-3d using 2d diffusion},
  author={Poole, Ben and Jain, Ajay and Barron, Jonathan T and Mildenhall, Ben},
  journal={arXiv preprint arXiv:2209.14988},
  year={2022}
}

@inproceedings{rombach2022high,
  title={High-resolution image synthesis with latent diffusion models},
  author={Rombach, Robin and Blattmann, Andreas and Lorenz, Dominik and Esser, Patrick and Ommer, Bj{\"o}rn},
  booktitle={Proceedings of the IEEE/CVF conference on computer vision and pattern recognition},
  pages={10684--10695},
  year={2022}
}

@article{rosinol20203d,
  title={3D dynamic scene graphs: Actionable spatial perception with places, objects, and humans},
  author={Rosinol, Antoni and Gupta, Arjun and Abate, Marcus and Shi, Jingnan and Carlone, Luca},
  journal={arXiv preprint arXiv:2002.06289},
  year={2020}
}

@inproceedings{sohl2015deep,
  title={Deep unsupervised learning using nonequilibrium thermodynamics},
  author={Sohl-Dickstein, Jascha and Weiss, Eric and Maheswaranathan, Niru and Ganguli, Surya},
  booktitle={International conference on machine learning},
  pages={2256--2265},
  year={2015},
  organization={PMLR}
}

@article{strader2024indoor,
  title={Indoor and outdoor 3d scene graph generation via language-enabled spatial ontologies},
  author={Strader, Jared and Hughes, Nathan and Chen, William and Speranzon, Alberto and Carlone, Luca},
  journal={IEEE Robotics and Automation Letters},
  year={2024},
  publisher={IEEE}
}

@article{tang2023diffuscene,
  title={Diffuscene: Scene graph denoising diffusion probabilistic model for generative indoor scene synthesis},
  author={Tang, Jiapeng and Nie, Yinyu and Markhasin, Lev and Dai, Angela and Thies, Justus and Nie{\ss}ner, Matthias},
  journal={arXiv preprint arXiv:2303.14207},
  volume={2},
  number={3},
  year={2023}
}

@inproceedings{wald2020learning,
  title={Learning 3d semantic scene graphs from 3d indoor reconstructions},
  author={Wald, Johanna and Dhamo, Helisa and Navab, Nassir and Tombari, Federico},
  booktitle={Proceedings of the IEEE/CVF Conference on Computer Vision and Pattern Recognition},
  pages={3961--3970},
  year={2020}
}

@inproceedings{wang2021sceneformer,
  title={Sceneformer: Indoor scene generation with transformers},
  author={Wang, Xinpeng and Yeshwanth, Chandan and Nie{\ss}ner, Matthias},
  booktitle={2021 International Conference on 3D Vision (3DV)},
  pages={106--115},
  year={2021},
  organization={IEEE}
}

@article{wang2023perf,
  title={Perf: Panoramic neural radiance field from a single panorama},
  author={Wang, Guangcong and Wang, Peng and Chen, Zhaoxi and Wang, Wenping and Loy, Chen Change and Liu, Ziwei},
  journal={arXiv preprint arXiv:2310.16831},
  year={2023}
}

@inproceedings{wu2023scene,
  title={Scene graph to image synthesis via knowledge consensus},
  author={Wu, Yang and Wei, Pengxu and Lin, Liang},
  booktitle={Proceedings of the AAAI Conference on Artificial Intelligence},
  volume={37},
  number={3},
  pages={2856--2865},
  year={2023}
}

@inproceedings{xu2023discoscene,
  title={Discoscene: Spatially disentangled generative radiance fields for controllable 3d-aware scene synthesis},
  author={Xu, Yinghao and Chai, Menglei and Shi, Zifan and Peng, Sida and Skorokhodov, Ivan and Siarohin, Aliaksandr and Yang, Ceyuan and Shen, Yujun and Lee, Hsin-Ying and Zhou, Bolei and others},
  booktitle={Proceedings of the IEEE/CVF conference on computer vision and pattern recognition},
  pages={4402--4412},
  year={2023}
}

@article{yan2024frankenstein,
  title={Frankenstein: Generating Semantic-Compositional 3D Scenes in One Tri-Plane},
  author={Yan, Han and Li, Yang and Wu, Zhennan and Chen, Shenzhou and Sun, Weixuan and Shang, Taizhang and Liu, Weizhe and Chen, Tian and Dai, Xiaqiang and Ma, Chao and others},
  journal={arXiv preprint arXiv:2403.16210},
  year={2024}
}

@article{zhai2024commonscenes,
  title={Commonscenes: Generating commonsense 3d indoor scenes with scene graphs},
  author={Zhai, Guangyao and {\"O}rnek, Evin P{\i}nar and Wu, Shun-Cheng and Di, Yan and Tombari, Federico and Navab, Nassir and Busam, Benjamin},
  journal={Advances in Neural Information Processing Systems},
  volume={36},
  year={2024}
}

@article{zhai2024echoscene,
  title={EchoScene: Indoor Scene Generation via Information Echo over Scene Graph Diffusion},
  author={Zhai, Guangyao and {\"O}rnek, Evin P{\i}nar and Chen, Dave Zhenyu and Liao, Ruotong and Di, Yan and Navab, Nassir and Tombari, Federico and Busam, Benjamin},
  journal={arXiv preprint arXiv:2405.00915},
  year={2024}
}

@article{zhang2024style,
  title={Style-Consistent 3D Indoor Scene Synthesis with Decoupled Objects},
  author={Zhang, Yunfan and Huang, Hong and Xiong, Zhiwei and Shen, Zhiqi and Lin, Guosheng and Wang, Hao and Vun, Nicholas},
  journal={arXiv preprint arXiv:2401.13203},
  year={2024}
}

@inproceedings{zhou2019scenegraphnet,
  title={Scenegraphnet: Neural message passing for 3d indoor scene augmentation},
  author={Zhou, Yang and While, Zachary and Kalogerakis, Evangelos},
  booktitle={Proceedings of the IEEE/CVF International Conference on Computer Vision},
  pages={7384--7392},
  year={2019}
}

