@article{GARCIAMENDEZ2024124515,
title = {Explainable assessment of financial experts’ credibility by classifying social media forecasts and checking the predictions with actual market data},
journal = {Expert Systems with Applications},
volume = {255},
pages = {124515},
year = {2024},
author = {Silvia García-Méndez and Francisco {de Arriba-Pérez} and Jaime González-González and Francisco J. González-Castaño}
}

@article{adaptive_lo_2004,
    title = {The Adaptive Markets Hypothesis: Market Efficiency from an Evolutionary Perspective},
    author = {Lo, Andrew W.},
    journal = {Social Science Research Network},
    year = {2004},
    }

@inproceedings{analysis_dhar_2023,
  author={Dhar, Abhik and Datta, Aritra and Das, Soma},
  booktitle={International Conference on Electronics, Materials Engineering \& Nano-Technology (IEMENTech)}, 
  title={Analysis on Enhancing Financial Decision-making Through Prompt Engineering}, 
  year={2023},
  volume={},
  number={},
  location={Kolkata, India},
  month = {Dec},
  day={18--20},
  pages={1-5},
  keywords={Statistical analysis;Instruments;Decision making;Risk management;Time factors;Portfolios;Investment;Prompt Engineering;Financial Decision-making;Risk Management;Customer Service},}

@article{ask_akbiyik_2021,
    title = {Ask "Who", Not "What": Bitcoin Volatility Forecasting with Twitter Data},
    author = {Akbiyik, M. E. and Erkul, Mert and Kaempf, Killian and Vasiliauskaite, V. and Antulov-Fantulin, Nino},
    journal = {Web Search and Data Mining},
    year = {2021},
    }

@article{bitcoin_critien_2022,
  title={Bitcoin price change and trend prediction through twitter sentiment and data volume},
  author={Critien, Jacques Vella and Gatt, Albert and Ellul, Joshua},
  journal={Financial Innovation},
  volume={8},
  number={1},
  pages={1--20},
  year={2022},
  publisher={Springer}
}

@article{cryptocurrency_lamon_2017,
  title={Cryptocurrency price prediction using news and social media sentiment},
  author={Lamon, Connor and Nielsen, Eric and Redondo, Eric},
  journal={Southern Methodist University Data Science Review},
  volume={1},
  number={3},
  pages={1--22},
  year={2017}
}

@inproceedings{du2023finsenticnet,
  title={FinSenticNet: A concept-level lexicon for financial sentiment analysis},
  author={Du, Kelvin and Xing, Frank and Mao, Rui and Cambria, Erik},
  booktitle={IEEE Symposium Series on Computational Intelligence (SSCI)},
  pages={109--114},
  year={2023},
  month={Dec},
  day={5--8},
  location={Mexico City, Mexico},
  organization={IEEE}
}

@article{du2024financial,
  title={Financial sentiment analysis: Techniques and applications},
  author={Du, Kelvin and Xing, Frank and Mao, Rui and Cambria, Erik},
  journal={ACM Computing Surveys},
  volume={56},
  number={9},
  pages={1--42},
  year={2024},
  publisher={ACM New York, NY}
}

@article{elon_ante_2023,
  title={How Elon Musk's twitter activity moves cryptocurrency markets},
  author={Ante, Lennart},
  journal={Technological Forecasting and Social Change},
  volume={186},
  pages={122112},
  year={2023},
  publisher={Elsevier}
}

@article{fineas_gutirrezfandio_2021,
  title={Fineas: Financial embedding analysis of sentiment},
  author={Guti{\'e}rrez-Fandi{\~n}o, Asier and Kolm, Petter and Armengol-Estap{\'e}, Jordi and others},
  journal={arXiv preprint arXiv:2111.00526},
  year={2021}
}

@article{fingpt_yang_2023,
  title={Fingpt: Open-source financial large language models},
  author={Yang, Hongyang and Liu, Xiao-Yang and Wang, Christina Dan},
  journal={arXiv preprint arXiv:2306.06031},
  year={2023}
}

@inproceedings{hu2021stock,
  title={Stock market trend forecasting based on multiple textual features: a deep learning method},
  author={Hu, Zhenda and Wang, Zhaoxia and Ho, Seng-Beng and Tan, Ah-Hwee},
  booktitle={IEEE 33rd International Conference on Tools with Artificial Intelligence (ICTAI)},
  pages={1002--1007},
  year={2021},
  organization={IEEE}
}

@article{huang2023finbert,
  title={FinBERT: A large language model for extracting information from financial text},
  author={Huang, Allen H and Wang, Hui and Yang, Yi},
  journal={Contemporary Accounting Research},
  volume={40},
  number={2},
  pages={806--841},
  year={2023},
  publisher={Wiley Online Library}
}

@inproceedings{leveraging_ahmed_2024,
  title={Leveraging Large Language Models and Prompt Settings for Context-Aware Financial Sentiment Analysis},
  author={Ahmed, Rabbia and Rauf, Sadaf Abdul and Latif, Seemab},
  booktitle={International Conference on Advancements in Computational Sciences (ICACS)},
  pages={1--9},
  year={2024},
  month = {Feb},
  day = {19--20},
  location={Lahore, Pakistan},
  organization={IEEE}
}

@inproceedings{man2019financial,
  title={Financial sentiment analysis (FSA): A survey},
  author={Man, Xiliu and Luo, Tong and Lin, Jianwu},
  booktitle={IEEE International Conference on Industrial Cyber-Physical Systems (ICPS)},
  pages={617--622},
  year={2019},
  month={May},
  day={6--9},
  location={Taipei, Taiwan},
  organization={IEEE}
}

@article{murfi2024bert,
  title={BERT-based combination of convolutional and recurrent neural network for indonesian sentiment analysis},
  author={Murfi, Hendri and Gowandi, Theresia and Ardaneswari, Gianinna and Nurrohmah, Siti and others},
  journal={Applied Soft Computing},
  volume={151},
  pages={111112},
  year={2024},
  publisher={Elsevier}
}

@article{natural_xing_2018,
  title={Natural language based financial forecasting: a survey},
  author={Xing, Frank Z and Cambria, Erik and Welsch, Roy E},
  journal={Artificial Intelligence Review},
  volume={50},
  number={1},
  pages={49--73},
  year={2018},
  publisher={Springer}
}

@article{prebit_zou_2023,
  title={PreBit—A multimodal model with Twitter FinBERT embeddings for extreme price movement prediction of Bitcoin},
  author={Zou, Yanzhao and Herremans, Dorien},
  journal={Expert Systems with Applications},
  volume={233},
  pages={120838},
  year={2023},
  publisher={Elsevier}
}

@article{promptlearning_zhu_2022,
  author={Zhu, Yi and Wang, Ye and Qiang, Jipeng and Wu, Xindong},
  journal={IEEE Transactions on Knowledge and Data Engineering}, 
  title={Prompt-Learning for Short Text Classification}, 
  year={2024},
  volume={36},
  number={10},
  pages={5328-5339},
  keywords={Task analysis;Business;Sports;Semantics;Blogs;Companies;Tuning;Prompt-Learning;short text classification}
  }

@article{sentiment_kulakowski_2023,
  title={Sentiment Classification of Cryptocurrency-Related Social Media Posts},
  author={Kulakowski, Mikolaj and Frasincar, Flavius},
  journal={IEEE Intelligent Systems},
  volume={38},
  number={4},
  pages={5--9},
  year={2023},
  publisher={IEEE}
}

@article{singh2020sentiment,
  title={Sentiment analysis: a review and comparative analysis over social media},
  author={Singh, Nikhil Kumar and Tomar, Deepak Singh and Sangaiah, Arun Kumar},
  journal={Journal of Ambient Intelligence and Humanized Computing},
  volume={11},
  number={1},
  pages={97--117},
  year={2020},
  publisher={Springer}
}

@article{teng2025bert,
  title={BERT-Driven stock price trend prediction utilizing tokenized stock data and multi-step optimization approach},
  author={Teng, Xiaojian and Zhang, Liang and Gao, Peiwen and Yu, Chuanwei and Sun, Song},
  journal={Applied Soft Computing},
  volume={170},
  pages={112627},
  year={2025},
  publisher={Elsevier}
}

@article{timeaware_dhingra_2021,
  title={Time-aware language models as temporal knowledge bases},
  author={Dhingra, Bhuwan and Cole, Jeremy R and Eisenschlos, Julian Martin and Gillick, Daniel and Eisenstein, Jacob and Cohen, William W},
  journal={Transactions of the Association for Computational Linguistics},
  volume={10},
  pages={257--273},
  year={2022},
  publisher={MIT Press One Broadway, 12th Floor, Cambridge, Massachusetts 02142, USA~…}
}

@article{twitter_bollen_2011,
  title={Twitter mood predicts the stock market},
  author={Bollen, Johan and Mao, Huina and Zeng, Xiaojun},
  journal={Journal of computational science},
  volume={2},
  number={1},
  pages={1--8},
  year={2011},
  publisher={Elsevier}
}

@article{valle2022does,
  title={Does twitter affect stock market decisions? financial sentiment analysis during pandemics: A comparative study of the h1n1 and the covid-19 periods},
  author={Valle-Cruz, David and Fernandez-Cortez, Vanessa and L{\'o}pez-Chau, Asdr{\'u}bal and Sandoval-Almaz{\'a}n, Rodrigo},
  journal={Cognitive computation},
  volume={14},
  number={1},
  pages={372--387},
  year={2022},
  publisher={Springer}
}

@article{whether_aysan_2023,
  title={Whether and when did bitcoin sentiment matter for investors? Before and during the COVID-19 pandemic},
  author={Aysan, Ahmet Faruk and Mu{\u{g}}alo{\u{g}}lu, Erhan and Polat, Ali Yavuz and Tekin, Hasan},
  journal={Financial Innovation},
  volume={9},
  number={1},
  pages={124},
  year={2023},
  publisher={Springer}
}

