
% Exported from 
@article{promptlearning_zhu_2022,
  author={Zhu, Yi and Wang, Ye and Qiang, Jipeng and Wu, Xindong},
  journal={IEEE Transactions on Knowledge and Data Engineering}, 
  title={Prompt-Learning for Short Text Classification}, 
  year={2024},
  volume={36},
  number={10},
  pages={5328-5339},
  keywords={Task analysis;Business;Sports;Semantics;Blogs;Companies;Tuning;Prompt-Learning;short text classification}
  }

@article{natural_xing_2018,
  title={Natural language based financial forecasting: a survey},
  author={Xing, Frank Z and Cambria, Erik and Welsch, Roy E},
  journal={Artificial Intelligence Review},
  volume={50},
  number={1},
  pages={49--73},
  year={2018},
  publisher={Springer}
}

@article{exploiting_si_2013,
    title = {Exploiting Topic based Twitter Sentiment for Stock Prediction},
    author = {Si, Jianfeng and Mukherjee, Arjun and Liu, Bing and Li, Qing and Li, Huayi and Deng, Xiaotie},
    year = {2013},
    }


@article{sentiment_kulakowski_2023,
  title={Sentiment Classification of Cryptocurrency-Related Social Media Posts},
  author={Kulakowski, Mikolaj and Frasincar, Flavius},
  journal={IEEE Intelligent Systems},
  volume={38},
  number={4},
  pages={5--9},
  year={2023},
  publisher={IEEE}
}

@article{twitter_bollen_2011,
  title={Twitter mood predicts the stock market},
  author={Bollen, Johan and Mao, Huina and Zeng, Xiaojun},
  journal={Journal of computational science},
  volume={2},
  number={1},
  pages={1--8},
  year={2011},
  publisher={Elsevier}
}


@article{giving_tetlock_2007,
    title = {Giving Content to Investor Sentiment: The Role of Media in the Stock Market},
    author = {Tetlock, Paul C.},
    journal = {Journal of Finance},
    year = {2007},
    }


@article{domain_zhou_2020,
    title = {Domain Adaptive Multi-Modality Neural Attention Network for Financial Forecasting},
    author = {Zhou, Dawei and Zheng, Lecheng and Zhu, Yada and Li, Jianbo and He, Jingrui},
    journal = {WWW},
    year = {2020},
    }


@article{kryptooracle_mohapatra_2020,
    title = {KryptoOracle: A Real-Time Cryptocurrency Price Prediction Platform Using Twitter Sentiments},
    author = {Mohapatra, Shubhankar and Ahmed, Nauman and Alencar, Paulo},
    journal = {arXiv: Computation and Language},
    year = {2020},
    }


@article{fineas_gutirrezfandio_2021,
  title={Fineas: Financial embedding analysis of sentiment},
  author={Guti{\'e}rrez-Fandi{\~n}o, Asier and Kolm, Petter and Armengol-Estap{\'e}, Jordi and others},
  journal={arXiv preprint arXiv:2111.00526},
  year={2021}
}

@article{deep_ding_2015,
    title = {Deep learning for event-driven stock prediction},
    author = {Ding, Xiao and Zhang, Yue and Liu, Ting and Duan, Junwen},
    year = {2015},
    }


@article{whether_aysan_2023,
  title={Whether and when did bitcoin sentiment matter for investors? Before and during the COVID-19 pandemic},
  author={Aysan, Ahmet Faruk and Mu{\u{g}}alo{\u{g}}lu, Erhan and Polat, Ali Yavuz and Tekin, Hasan},
  journal={Financial Innovation},
  volume={9},
  number={1},
  pages={124},
  year={2023},
  publisher={Springer}
}


@article{talk_frank_2001,
    title = {Is All that Talk Just Noise? The Information Content of Internet Stock Message Boards},
    author = {Frank, Murray Z. and Antweiler, Werner},
    year = {2001},
    }


@article{bitcoin_critien_2022,
  title={Bitcoin price change and trend prediction through twitter sentiment and data volume},
  author={Critien, Jacques Vella and Gatt, Albert and Ellul, Joshua},
  journal={Financial Innovation},
  volume={8},
  number={1},
  pages={1--20},
  year={2022},
  publisher={Springer}
}


@article{predicting_zhang_2011,
    title = {Predicting Stock Market Indicators Through Twitter “I hope it is not as bad as I fear”},
    author = {Zhang, Xue and Fuehres, Hauke and Gloor, Peter A.},
    journal = {Procedia - Social and Behavioral Sciences},
    year = {2011},
    }


@article{predictive_kraaijeveld_2020,
  title={The predictive power of public Twitter sentiment for forecasting cryptocurrency prices},
  author={Kraaijeveld, Olivier and De Smedt, Johannes},
  journal={Journal of International Financial Markets, Institutions and Money},
  volume={65},
  pages={101188},
  year={2020},
  publisher={Elsevier}
}


@article{beyond_luo_2018,
    title = {Beyond Polarity: Interpretable Financial Sentiment Analysis with Hierarchical Query-driven Attention},
    author = {Luo, Ling and Ao, Xiang and Pan, Feiyang and Wang, Jin and Zhao, Tong and Yu, Ning and He, Qing},
    journal = {IJCAI},
    year = {2018},
    }

@inproceedings{zhang2023enhancing,
  title={Enhancing financial sentiment analysis via retrieval augmented large language models},
  author={Zhang, Boyu and Yang, Hongyang and Zhou, Tianyu and Ali Babar, Muhammad and Liu, Xiao-Yang},
  booktitle={Proceedings of the fourth ACM international conference on AI in finance},
  pages={349--356},
  year={2023}
}

@article{agarwal2022temporal,
  title={Temporal effects on pre-trained models for language processing tasks},
  author={Agarwal, Oshin and Nenkova, Ani},
  journal={Transactions of the Association for Computational Linguistics},
  volume={10},
  pages={904--921},
  year={2022},
  publisher={MIT Press One Broadway, 12th Floor, Cambridge, Massachusetts 02142, USA~…}
}

@article{valle2022does,
  title={Does twitter affect stock market decisions? financial sentiment analysis during pandemics: A comparative study of the h1n1 and the covid-19 periods},
  author={Valle-Cruz, David and Fernandez-Cortez, Vanessa and L{\'o}pez-Chau, Asdr{\'u}bal and Sandoval-Almaz{\'a}n, Rodrigo},
  journal={Cognitive computation},
  volume={14},
  number={1},
  pages={372--387},
  year={2022},
  publisher={Springer}
}

@article{prebit_zou_2023,
  title={PreBit—A multimodal model with Twitter FinBERT embeddings for extreme price movement prediction of Bitcoin},
  author={Zou, Yanzhao and Herremans, Dorien},
  journal={Expert Systems with Applications},
  volume={233},
  pages={120838},
  year={2023},
  publisher={Elsevier}
}

@article{cryptocurrency_lamon_2017,
  title={Cryptocurrency price prediction using news and social media sentiment},
  author={Lamon, Connor and Nielsen, Eric and Redondo, Eric},
  journal={Southern Methodist University Data Science Review},
  volume={1},
  number={3},
  pages={1--22},
  year={2017}
}


@article{cryptocurrency_ye_2022,
    title = {A Cryptocurrency Price Prediction Model Based on Twitter Sentiment Indicators},
    author = {Ye, Zi and Liu, Weichen and Qu, Qiang and Jiang, Qingshan and Pan, Yi},
    year = {2022},
    }


@article{predictive_suardi_2022,
    title = {On the predictive power of tweet sentiments and attention on bitcoin},
    author = {Suardi, Sandy and Rasel, Atiqur Rahman and Liu, Bin},
    year = {2022},
    }


@article{advanced_wolk_2020,
  title={Advanced social media sentiment analysis for short-term cryptocurrency price prediction},
  author={Wo{\l}k, Krzysztof},
  journal={Expert Systems},
  volume={37},
  number={2},
  pages={e12493},
  year={2020},
  publisher={Wiley Online Library}
}


@article{sentimentdriven_serafini_2020,
    title = {Sentiment-Driven Price Prediction of the Bitcoin based on Statistical and Deep Learning Approaches},
    author = {Serafini, Giulia and Yi, Ping and Zhang, Qingquan and Brambilla, Marco and Wang, Jiayue and Hu, Yiwei and Li, Beibei},
    year = {2020},
    }


@article{forecasting_sattarov_2020,
    title = {Forecasting Bitcoin Price Fluctuation by Twitter Sentiment Analysis},
    author = {Sattarov, O. and Jeon, H. and Oh, Ryumduck and Lee, Jun Dong},
    journal = {2020 International Conference on Information Science and Communications Technologies (ICISCT)},
    year = {2020},
    }


@article{technical_ratto_2019,
    title = {Technical analysis and sentiment embeddings for market trend prediction},
    author = {Ratto, Andrea Picasso and Merello, Simone and Ma, Yukun and Oneto, L. and Cambria, E.},
    journal = {Expert Syst. Appl.},
    year = {2019},
    }


@article{novel_guo_2020,
    title = {A Novel Twitter Sentiment Analysis Model with Baseline Correlation for Financial Market Prediction with Improved Efficiency},
    author = {Guo, Xinyi and Li, Jinfeng},
    journal = {arXiv: Social and Information Networks},
    year = {2020},
    }


@article{twitterbased_aharon_2022,
    title = {Twitter-Based uncertainty and cryptocurrency returns},
    author = {Aharon, David Y. and Demir, Ender and Lau, Chi Keung Marco and Zaremba, Adam},
    year = {2022},
    }


@article{lstm_usmani_2023,
    title = {LSTM based stock prediction using weighted and categorized financial news},
    author = {Usmani, Shazia and Shamsi, J.},
    journal = {PLoS ONE},
    year = {2023},
    }


@article{ask_akbiyik_2021,
    title = {Ask "Who", Not "What": Bitcoin Volatility Forecasting with Twitter Data},
    author = {Akbiyik, M. E. and Erkul, Mert and Kaempf, Killian and Vasiliauskaite, V. and Antulov-Fantulin, Nino},
    journal = {Web Search and Data Mining},
    year = {2021},
    }


@article{timeaware_dhingra_2021,
  title={Time-aware language models as temporal knowledge bases},
  author={Dhingra, Bhuwan and Cole, Jeremy R and Eisenschlos, Julian Martin and Gillick, Daniel and Eisenstein, Jacob and Cohen, William W},
  journal={Transactions of the Association for Computational Linguistics},
  volume={10},
  pages={257--273},
  year={2022},
  publisher={MIT Press One Broadway, 12th Floor, Cambridge, Massachusetts 02142, USA~…}
}


@article{parsbert_pouromid_2021,
    title = {ParsBERT Post-Training for Sentiment Analysis of Tweets Concerning Stock Market},
        author = {Pouromid, Mohammadjalal and Yekkehkhani, Arman and Oskoei, M. A. and Aminimehr, Amin},
    journal = {International Computer Society of Iran Computer Conference},
    year = {2021},
    }


@article{stock_hu_2021,
    title = {Stock Market Trend Forecasting Based on Multiple Textual Features: A Deep Learning Method},
        author = {Hu, Zhenda and Wang, Zhaoxia and Ho, Seng-Beng and Tan, Ah-Hwee},
    journal = {IEEE International Conference on Tools with Artificial Intelligence},
    year = {2021},
    }

@inbook{advances_deprado_2018,
  title={Advances in financial machine learning},
  author={De Prado, Marcos Lopez},
  year={2018},
  chapter={3},
  publisher={John Wiley \& Sons}
}

@article{caden_zhang_2018,
    title = {CADEN: A Context-Aware Deep Embedding Network for Financial Opinions Mining},
        author = {Zhang, Liang and Xiao, Keli and Zhu, Hengshu and Liu, Chuanren and Yang, Jingyuan and Jin, Bo},
    journal = {Industrial Conference on Data Mining},
    year = {2018},
    }


@article{fast_sawhney_2021,
    title = {FAST: Financial News and Tweet Based Time Aware Network for Stock Trading},
        author = {Sawhney, Ramit and Wadhwa, Arnav and Agarwal, Shivam},
    journal = {EACL},
    year = {2021},
    }


@article{contextaware_tan_2022,
    title = {Context-aware Embeddings for Stock Prediction with Visual Clues},
        author = {Tan, Jinghua and Guo, Tonglei and Chen, Jun-Yu and Shu, Tao},
    journal = {2022 5th International Conference on Information and Communications Technology (ICOIACT)},
    year = {2022},
    }


@article{cryptocurrency_sawhney_2022,
    title = {Cryptocurrency Bubble Detection: A New Stock Market Dataset, Financial Task & Hyperbolic Models},
        author = {Sawhney, Ramit and Agarwal, Shivam and Mittal, Vivek and Rosso, Paolo and Nanda, Vikram and Chava, S.},
    journal = {North American Chapter of the Association for Computational Linguistics},
    year = {2022},
    }


@article{timeweighted_zhao_2017,
    title = {Time-Weighted LSTM Model with Redefined Labeling for Stock Trend Prediction},
        author = {Zhao, Zhiyong and Rao, Ruonan and Tu, Shaoxiong and Shi, Jun},
    journal = {2017 IEEE 29th International Conference on Tools with Artificial Intelligence (ICTAI)},
    year = {2017},
    }


@article{adaptive_lo_2004,
    title = {The Adaptive Markets Hypothesis: Market Efficiency from an Evolutionary Perspective},
    author = {Lo, Andrew W.},
    journal = {Social Science Research Network},
    year = {2004},
    }

@article{fingpt_yang_2023,
  title={Fingpt: Open-source financial large language models},
  author={Yang, Hongyang and Liu, Xiao-Yang and Wang, Christina Dan},
  journal={arXiv preprint arXiv:2306.06031},
  year={2023}
}

@article{efficient_fama_1970,
    title = {Efficient Capital Markets: A Review of Theory and Empirical Work},
        author = {Fama, Eugene F.},
    year = {1970},
    }


@article{president_gjerstad_2021,
    title = {Do President Trump's tweets affect financial markets?},
        author = {Gjerstad, Peder and Meyn, Peter Filip and Molnár, Peter and Næss, Thomas Dowling},
    journal = {Decision Support Systems},
    year = {2021},
    }


@article{elon_ante_2023,
  title={How Elon Musk's twitter activity moves cryptocurrency markets},
  author={Ante, Lennart},
  journal={Technological Forecasting and Social Change},
  volume={186},
  pages={122112},
  year={2023},
  publisher={Elsevier}
}


@inproceedings{analysis_dhar_2023,
  author={Dhar, Abhik and Datta, Aritra and Das, Soma},
  booktitle={International Conference on Electronics, Materials Engineering \& Nano-Technology (IEMENTech)}, 
  title={Analysis on Enhancing Financial Decision-making Through Prompt Engineering}, 
  year={2023},
  volume={},
  number={},
  location={Kolkata, India},
  month = {Dec},
  day={18--20},
  pages={1-5},
  keywords={Statistical analysis;Instruments;Decision making;Risk management;Time factors;Portfolios;Investment;Prompt Engineering;Financial Decision-making;Risk Management;Customer Service},}


@inproceedings{leveraging_ahmed_2024,
  title={Leveraging Large Language Models and Prompt Settings for Context-Aware Financial Sentiment Analysis},
  author={Ahmed, Rabbia and Rauf, Sadaf Abdul and Latif, Seemab},
  booktitle={International Conference on Advancements in Computational Sciences (ICACS)},
  pages={1--9},
  year={2024},
  month = {Feb},
  day = {19--20},
  location={Lahore, Pakistan},
  organization={IEEE}
}

@article{unified_lundberg_2017,
  title={A unified approach to interpreting model predictions},
  author={Lundberg, Scott},
  journal={arXiv preprint arXiv:1705.07874},
  year={2017}
}


@article{user2vec_eslamieh_2023,
    title = {User2Vec: A Novel Representation for the Information of the Social Networks for Stock Market Prediction Using Convolutional and Recurrent Neural Networks},
        author = {Eslamieh, Pegah and Shajari, Mehdi and Nickabadi, A.},
    journal = {Mathematics},
    year = {2023},
    }

@article{du2024financial,
  title={Financial sentiment analysis: Techniques and applications},
  author={Du, Kelvin and Xing, Frank and Mao, Rui and Cambria, Erik},
  journal={ACM Computing Surveys},
  volume={56},
  number={9},
  pages={1--42},
  year={2024},
  publisher={ACM New York, NY}
}

@inproceedings{man2019financial,
  title={Financial sentiment analysis (FSA): A survey},
  author={Man, Xiliu and Luo, Tong and Lin, Jianwu},
  booktitle={IEEE International Conference on Industrial Cyber-Physical Systems (ICPS)},
  pages={617--622},
  year={2019},
  month={May},
  day={6--9},
  location={Taipei, Taiwan},
  organization={IEEE}
}

@article{lester2021power,
  title={The power of scale for parameter-efficient prompt tuning},
  author={Lester, Brian and Al-Rfou, Rami and Constant, Noah},
  journal={arXiv preprint arXiv:2104.08691},
  year={2021}
}

@article{devlin2018bert,
  title={Bert: Pre-training of deep bidirectional transformers for language understanding},
  author={Devlin, Jacob},
  journal={arXiv preprint arXiv:1810.04805},
  year={2018}
}

@article{huang2023finbert,
  title={FinBERT: A large language model for extracting information from financial text},
  author={Huang, Allen H and Wang, Hui and Yang, Yi},
  journal={Contemporary Accounting Research},
  volume={40},
  number={2},
  pages={806--841},
  year={2023},
  publisher={Wiley Online Library}
}

@article{nguyen2020bertweet,
  title={BERTweet: A pre-trained language model for English Tweets},
  author={Nguyen, Dat Quoc and Vu, Thanh and Nguyen, Anh Tuan},
  journal={arXiv preprint arXiv:2005.10200},
  year={2020}
}

@article{zha2022time,
  title={Time series generation with masked autoencoder},
  author={Zha, Mengyue and Wong, SiuTim and Liu, Mengqi and Zhang, Tong and Chen, Kani},
  journal={arXiv preprint arXiv:2201.07006},
  year={2022}
}

@inproceedings{bounid2022advanced,
  title={Advanced financial data processing and labeling methods for machine learning},
  author={Bounid, Samira and Oughanem, Mohammed and Bourkadi, Salman},
  booktitle={International Conference on Intelligent Systems and Computer Vision (ISCV)},
  pages={1--6},
  year={2022},
  month = {May},
  day = {8--10},
  location = {Fez, Morocco},
  organization={IEEE}
}

@article{yang2024multi,
  title={Multi-task meta label correction for time series prediction},
  author={Yang, Luxuan and Gao, Ting and Wei, Wei and Dai, Min and Fang, Cheng and Duan, Jinqiao},
  journal={Pattern Recognition},
  volume={150},
  pages={110319},
  year={2024},
  publisher={Elsevier}
}

@article{fu2024enhanced,
  title={Enhanced Genetic-Algorithm-Driven Triple Barrier Labeling Method and Machine Learning Approach for Pair Trading Strategy in Cryptocurrency Markets},
  author={Fu, Ning and Kang, Mingu and Hong, Joongi and Kim, Suntae},
  journal={Mathematics},
  volume={12},
  number={5},
  pages={780},
  year={2024},
  publisher={MDPI}
}

@article{dong2024simmtm,
  title={Simmtm: A simple pre-training framework for masked time-series modeling},
  author={Dong, Jiaxiang and Wu, Haixu and Zhang, Haoran and Zhang, Li and Wang, Jianmin and Long, Mingsheng},
  journal={Advances in Neural Information Processing Systems},
  volume={36},
  pages={29996--30025},
  year={2023}
}

@article{john2024cryptocurrency,
  title={Cryptocurrency Price Prediction Algorithms: A Survey and Future Directions},
  author={John, David L and Binnewies, Sebastian and Stantic, Bela},
  journal={Forecasting},
  volume={6},
  number={3},
  pages={1--35},
  year={2024},
  publisher={MDPI}
}

@article{GARCIAMENDEZ2024124515,
title = {Explainable assessment of financial experts’ credibility by classifying social media forecasts and checking the predictions with actual market data},
journal = {Expert Systems with Applications},
volume = {255},
pages = {124515},
year = {2024},
author = {Silvia García-Méndez and Francisco {de Arriba-Pérez} and Jaime González-González and Francisco J. González-Castaño}
}

@article{ASHTIANI2023119509,
title = {News-based intelligent prediction of financial markets using text mining and machine learning: A systematic literature review},
journal = {Expert Systems with Applications},
volume = {217},
pages = {119509},
year = {2023},
author = {Matin N. Ashtiani and Bijan Raahemi}
}

@inproceedings{du2023finsenticnet,
  title={FinSenticNet: A concept-level lexicon for financial sentiment analysis},
  author={Du, Kelvin and Xing, Frank and Mao, Rui and Cambria, Erik},
  booktitle={IEEE Symposium Series on Computational Intelligence (SSCI)},
  pages={109--114},
  year={2023},
  month={Dec},
  day={5--8},
  location={Mexico City, Mexico},
  organization={IEEE}
}

@article{singh2020sentiment,
  title={Sentiment analysis: a review and comparative analysis over social media},
  author={Singh, Nikhil Kumar and Tomar, Deepak Singh and Sangaiah, Arun Kumar},
  journal={Journal of Ambient Intelligence and Humanized Computing},
  volume={11},
  number={1},
  pages={97--117},
  year={2020},
  publisher={Springer}
}

@inproceedings{hu2021stock,
  title={Stock market trend forecasting based on multiple textual features: a deep learning method},
  author={Hu, Zhenda and Wang, Zhaoxia and Ho, Seng-Beng and Tan, Ah-Hwee},
  booktitle={IEEE 33rd International Conference on Tools with Artificial Intelligence (ICTAI)},
  pages={1002--1007},
  year={2021},
  organization={IEEE}
}

@article{chandra2025large,
  title={Large language models for newspaper sentiment analysis during COVID-19: The Guardian},
  author={Chandra, Rohitash and Zhu, Baicheng and Fang, Qingying and Shinjikashvili, Eka},
  journal={Applied Soft Computing},
  volume={171},
  pages={112743},
  year={2025},
  publisher={Elsevier}
}

@article{murfi2024bert,
  title={BERT-based combination of convolutional and recurrent neural network for indonesian sentiment analysis},
  author={Murfi, Hendri and Gowandi, Theresia and Ardaneswari, Gianinna and Nurrohmah, Siti and others},
  journal={Applied Soft Computing},
  volume={151},
  pages={111112},
  year={2024},
  publisher={Elsevier}
}

@article{teng2025bert,
  title={BERT-Driven stock price trend prediction utilizing tokenized stock data and multi-step optimization approach},
  author={Teng, Xiaojian and Zhang, Liang and Gao, Peiwen and Yu, Chuanwei and Sun, Song},
  journal={Applied Soft Computing},
  volume={170},
  pages={112627},
  year={2025},
  publisher={Elsevier}
}