@inproceedings{13,
  author    = {Çiçek, Özgün and Abdulkadir, Ahmed and Lienkamp, Sonja S. and Brox, Thomas and Ronneberger, Olaf},
  title     = {3D U-Net: Learning Dense Volumetric Segmentation from Sparse Annotation},
  booktitle = {MICCAI},
  year      = {2016}
}

@article{14,
  author    = {Isensee, Fabian and Jaeger, Paul F. and Kohl, Simon A. A. and Maier-Hein, Klaus H.},
  title     = {nnU-Net: a self-configuring method for deep learning-based biomedical image segmentation},
  journal   = {Nature Methods},
  volume    = {18},
  pages     = {203--211},
  year      = {2021}
}

@article{21,
  author = {Jieneng Chen and Yongyi Lu and Qihang Yu and Xiangde Luo and Ehsan Adeli and Yan Wang and Le Lu and Alan L. Yuille and Yuyin Zhou},
  title = {TransUNet: Transformers Make Strong Encoders for Medical Image Segmentation},
  journal = {CoRR},
  volume = {abs/2102.04306},
  year = {2021}
}

@article{23,
  author = {Hong-Yu Zhou and Jiansen Guo and Yinghao Zhang and Lequan Yu and Liansheng Wang and Yizhou Yu},
  title = {nnFormer: Interleaved Transformer for Volumetric Segmentation},
  journal = {CoRR},
  volume = {abs/2109.03201},
  year = {2021}
}

@article{28,
  author = {Fausto Milletari and Seyed-Ahmad Ahmadi and Christine Kroll and Annika Plate et al.},
  title = {Hough-CNN: Deep learning for segmentation of deep brain regions in MRI and ultrasound},
  journal = {Computer Vision and Image Understanding},
  volume = {164},
  pages = {92-102},
  year = {2017}
}

@article{29,
  author = {Kisuk Lee and Jonathan Zung and Peter Li and Viren Jain and H. Sebastian Seung},
  title = {Superhuman Accuracy on the SNEMI3D Connectomics Challenge},
  journal = {CoRR},
  volume = {abs/1706.00120},
  year = {2017}
}

@inproceedings{30,
  author = {Davood Karimi and Serge Didenko Vasylechko and Ali Gholipour},
  title = {Convolution-Free Medical Image Segmentation using Transformer Networks},
  booktitle = {MICCAI 2021},
  year = {2021}
}

@inproceedings{6,
  author = {Kaiming He and Xiangyu Zhang and Shaoqing Ren and Jian Sun},
  title = {Deep Residual Learning for Image Recognition},
  booktitle = {CVPR 2016},
  year = {2016}
}

@article{zhang2024infinimotion,
  title={Infinimotion: Mamba boosts memory in transformer for arbitrary long motion generation},
  author={Zhang, Zeyu and Liu, Akide and Chen, Qi and Chen, Feng and Reid, Ian and Hartley, Richard and Zhuang, Bohan and Tang, Hao},
  journal={arXiv preprint arXiv:2407.10061},
  year={2024}
}

@article{zhang2024kmm,
  title={KMM: Key Frame Mask Mamba for Extended Motion Generation},
  author={Zhang, Zeyu and Gao, Hang and Liu, Akide and Chen, Qi and Chen, Feng and Wang, Yiran and Li, Danning and Tang, Hao},
  journal={arXiv preprint arXiv:2411.06481},
  year={2024}
}

@inproceedings{zhang2024motion,
  title={Motion mamba: Efficient and long sequence motion generation},
  author={Zhang, Zeyu and Liu, Akide and Reid, Ian and Hartley, Richard and Zhuang, Bohan and Tang, Hao},
  booktitle={European Conference on Computer Vision},
  pages={265--282},
  year={2024},
  organization={Springer}
}

