@article{1,
  author = {Martin Thoma},
  title = {A Survey of Semantic Segmentation},
  journal = {CoRR},
  volume = {abs/1602.06541},
  year = {2016}
}

@article{2,
  author = {Matthew Lai},
  title = {Deep Learning for Medical Image Segmentation},
  journal = {CoRR},
  volume = {abs/1505.02000},
  year = {2015}
}

@article{3,
  author = {Y. Lecun and L. Bottou and Y. Bengio and P. Haffner},
  title = {Gradient-based learning applied to document recognition},
  journal = {Proceedings of the IEEE},
  volume = {86},
  number = {11},
  pages = {2278--2324},
  year = {1998}
}

@inproceedings{4,
  author = {Alex Krizhevsky and Ilya Sutskever and Geoffrey E. Hinton},
  title = {ImageNet Classification with Deep Convolutional Neural Networks},
  booktitle = {NIPS 2012},
  year = {2012}
}

@inproceedings{5,
  author = {Karen Simonyan and Andrew Zisserman},
  title = {Very Deep Convolutional Networks for Large-Scale Image Recognition},
  booktitle = {ICLR 2015},
  year = {2015}
}

@inproceedings{6,
  author = {Kaiming He and Xiangyu Zhang and Shaoqing Ren and Jian Sun},
  title = {Deep Residual Learning for Image Recognition},
  booktitle = {CVPR 2016},
  year = {2016}
}

@inproceedings{7,
  author = {J. Redmon and S. Divvala and R. Girshick and A. Farhadi},
  title = {You Only Look Once: Unified, Real-Time Object Detection},
  booktitle = {CVPR 2016},
  year = {2016}
}

@article{8,
  author = {V. Badrinarayanan and A. Kendall and R. Cipolla},
  title = {SegNet: A Deep Convolutional Encoder-Decoder Architecture for Image Segmentation},
  journal = {IEEE Transactions on Pattern Analysis and Machine Intelligence},
  volume = {39},
  number = {12},
  pages = {2481--2495},
  year = {2017}
}

@inproceedings{9,
  author = {J. Deng and W. Dong and R. Socher and L. -J. Li and Kai Li and Li Fei-Fei},
  title = {ImageNet: A large-scale hierarchical image database},
  booktitle = {CVPR 2009},
  year = {2009}
}

@article{10,
  author = {Eric Kauderer-Abrams},
  title = {Quantifying Translation-Invariance in Convolutional Neural Networks},
  journal = {CoRR},
  volume = {abs/1801.01450},
  year = {2018}
}


@inproceedings{11,
  author    = {Ronneberger, Olaf and Fischer, Philipp and Brox, Thomas},
  title     = {U-Net: Convolutional Networks for Biomedical Image Segmentation},
  booktitle = {MICCAI},
  year      = {2015}
}

@inproceedings{12,
  author    = {Zhou, Zongwei and Rahman Siddiquee, Md Mahfuzur and Tajbakhsh, Nima and Liang, Jianming},
  title     = {UNet++: A Nested U-Net Architecture for Medical Image Segmentation},
  booktitle = {International Workshop on Deep Learning in Medical Image Analysis},
  volume    = {11045},
  pages     = {3--11},
  year      = {2018}
}

@inproceedings{13,
  author    = {Çiçek, Özgün and Abdulkadir, Ahmed and Lienkamp, Sonja S. and Brox, Thomas and Ronneberger, Olaf},
  title     = {3D U-Net: Learning Dense Volumetric Segmentation from Sparse Annotation},
  booktitle = {MICCAI},
  year      = {2016}
}

@article{14,
  author    = {Isensee, Fabian and Jaeger, Paul F. and Kohl, Simon A. A. and Maier-Hein, Klaus H.},
  title     = {nnU-Net: a self-configuring method for deep learning-based biomedical image segmentation},
  journal   = {Nature Methods},
  volume    = {18},
  pages     = {203--211},
  year      = {2021}
}

@inproceedings{15,
  author    = {Dosovitskiy, Alexey and Beyer, Lucas and Kolesnikov, Alexander and others},
  title     = {An Image is Worth 16x16 Words: Transformers for Image Recognition at Scale},
  booktitle = {ICLR},
  year      = {2021}
}

@inproceedings{16,
  author    = {Vaswani, Ashish and Shazeer, Noam and Parmar, Niki and Uszkoreit, Jakob and others},
  title     = {Attention Is All You Need},
  booktitle = {NIPS},
  year      = {2017}
}

@inproceedings{17,
  author    = {Ramachandran, Prajit and Parmar, Niki and Vaswani, Ashish and Bello, Irwan and Levskaya, Anselm and Shlens, Jon},
  title     = {Stand-Alone Self-Attention in Vision Models},
  booktitle = {NIPS},
  year      = {2019}
}

@inproceedings{18,
  author    = {Liu, Ze and Lin, Yutong and Cao, Yue and Hu, Han and Wei, Yixuan and Zhang, Zheng and Lin, Stephen and Guo, Baining},
  title     = {Swin Transformer: Hierarchical Vision Transformer using Shifted Windows},
  booktitle = {ICCV},
  year      = {2021}
}

@inproceedings{19,
  author    = {Carion, Nicolas and Massa, Francisco and Synnaeve, Gabriel and Usunier, Nicolas and Kirillov, Alexander and Zagoruyko, Sergey},
  title     = {End-to-End Object Detection with Transformers},
  booktitle = {ECCV},
  year      = {2020}
}

@inproceedings{20,
  author    = {Cheng, Bowen and Misra, Ishan and Schwing, Alexander G. and Kirillov, Alexander and Girdhar, Rohit},
  title     = {Masked-attention Mask Transformer for Universal Image Segmentation},
  booktitle = {CVPR},
  year      = {2022}
}


@article{21,
  author = {Jieneng Chen and Yongyi Lu and Qihang Yu and Xiangde Luo and Ehsan Adeli and Yan Wang and Le Lu and Alan L. Yuille and Yuyin Zhou},
  title = {TransUNet: Transformers Make Strong Encoders for Medical Image Segmentation},
  journal = {CoRR},
  volume = {abs/2102.04306},
  year = {2021}
}

@article{23,
  author = {Hong-Yu Zhou and Jiansen Guo and Yinghao Zhang and Lequan Yu and Liansheng Wang and Yizhou Yu},
  title = {nnFormer: Interleaved Transformer for Volumetric Segmentation},
  journal = {CoRR},
  volume = {abs/2109.03201},
  year = {2021}
}

@article{24,
  author = {Radhiana H and Syazarina SO and Shahizon Azura MM and Hilwati H and Sobri MA},
  title = {Non-contrast Computed Tomography in Acute Ischaemic Stroke: A Pictorial Review},
  journal = {Med J Malaysia},
  volume = {68},
  number = {1},
  pages = {93-100},
  year = {2013}
}

@article{25,
  author = {Huang K and Rhee DJ and Ger R and Layman R and Yang J and Cardenas CE and Court LE},
  title = {Impact of slice thickness, pixel size, and CT dose on the performance of automatic contouring algorithms},
  journal = {Appl Clin Med Phys.},
  volume = {22},
  number = {5},
  pages = {168-174},
  year = {2021}
}

@article{26,
  author = {Boxwala AA and Rosenman JG},
  title = {Retrospective reconstruction of three-dimensional radiotherapy treatment plans of the thorax from two dimensional planning data},
  journal = {Int J Radiat Oncol Biol Phys.},
  volume = {28},
  number = {4},
  pages = {1009-15},
  year = {1994}
}

@article{27,
  author = {Shen, L. and Zhao, W. and Xing, L.},
  title = {Patient-specific reconstruction of volumetric computed tomography images from a single projection view via deep learning},
  journal = {Nat Biomed Eng},
  volume = {3},
  pages = {880--888},
  year = {2019}
}

@article{28,
  author = {Fausto Milletari and Seyed-Ahmad Ahmadi and Christine Kroll and Annika Plate et al.},
  title = {Hough-CNN: Deep learning for segmentation of deep brain regions in MRI and ultrasound},
  journal = {Computer Vision and Image Understanding},
  volume = {164},
  pages = {92-102},
  year = {2017}
}

@article{29,
  author = {Kisuk Lee and Jonathan Zung and Peter Li and Viren Jain and H. Sebastian Seung},
  title = {Superhuman Accuracy on the SNEMI3D Connectomics Challenge},
  journal = {CoRR},
  volume = {abs/1706.00120},
  year = {2017}
}

@inproceedings{30,
  author = {Davood Karimi and Serge Didenko Vasylechko and Ali Gholipour},
  title = {Convolution-Free Medical Image Segmentation using Transformer Networks},
  booktitle = {MICCAI 2021},
  year = {2021}
}


@article{31,
  author = {K. Shirai and K. Nishiyama and T. Katsuda and Y. Ueda and M. Miyazaki and K. Tsujii and S. Ueyama},
  title = {Maximum Intensity Projection (MIP) and Average Intensity Projection (AIP) in Image Guided Stereotactic Body Radiation Therapy (SBRT) for Lung Cancer},
  journal = {International Journal of Radiation Oncology, Biology, Physics},
  volume = {84},
  number = {3},
  year = {2012}
}

@article{32,
  author = {Antonelli, M. and Reinke, A. and Bakas, S. and et al.},
  title = {The Medical Segmentation Decathlon},
  journal = {Nat Commun},
  volume = {13},
  number = {4128},
  year = {2022}
}

@article{33,
  author = {Rau, C.S. and Wu, S.C. and Hsu, S.Y. and Liu, H.T. and Huang, C.Y. and Hsieh, T.M. and Chou, S.E. and Su, W.T. and Liu, Y.W. and Hsieh, C.H.},
  title = {Concurrent Types of Intracranial Hemorrhage are Associated with a Higher Mortality Rate in Adult Patients with Traumatic Subarachnoid Hemorrhage: A Cross-Sectional Retrospective Study},
  journal = {Int J Environ Res Public Health},
  volume = {16},
  number = {23},
  pages = {4787},
  year = {2019}
}

@inproceedings{34,
  author = {Vlad Taran and Nikita Gordienko and Yuriy Kochura and Yuri Gordienko and Alexandr Rokovyi and Oleg Alienin and Sergii Stirenko},
  title = {Performance Evaluation of Deep Learning Networks for Semantic Segmentation of Traffic Stereo-Pair Images},
  booktitle = {International Conference on Computer Systems and Technologies 2018},
  year = {2018}
}

@article{35,
  author = {Zou, K.H. and Warfield, S.K. and Bharatha, A. and Tempany, C.M. and Kaus, M.R. and Haker, S.J. and Wells, W.M. 3rd and Jolesz, F.A. and Kikinis, R.},
  title = {Statistical validation of image segmentation quality based on a spatial overlap index},
  journal = {Acad Radiol},
  volume = {11},
  number = {2},
  pages = {178-89},
  year = {2004}
}

@inproceedings{36,
  author = {Yu-Xiong Wang and Deva Ramanan and Martial Hebert},
  title = {Learning to Model the Tail},
  booktitle = {NIPS},
  year = {2017}
}

@article{37,
  author = {Yifan Zhang and Bingyi Kang and Bryan Hooi and Shuicheng Yan and Jiashi Feng},
  title = {Deep Long-Tailed Learning: A Survey},
  journal = {CoRR},
  volume = {abs/2110.04596},
  year = {2021}
}

@article{38,
  author = {Wonjae Lee and Kangwon Seo},
  title = {Downsampling for Binary Classification with a Highly Imbalanced Dataset Using Active Learning},
  journal = {Big Data Research},
  volume = {28},
  pages = {100314},
  year = {2022}
}

@article{39,
  author = {K. R. M. Fernando and C. P. Tsokos},
  title = {Dynamically Weighted Balanced Loss: Class Imbalanced Learning and Confidence Calibration of Deep Neural Networks},
  journal = {IEEE Transactions on Neural Networks and Learning},
  volume = {33},
  number = {7},
  pages = {2940-2951},
  year = {2022}
}

@article{40,
  author = {K. R. M. Fernando and C. P. Tsokos},
  title = {Dynamically Weighted Balanced Loss: Class Imbalanced Learning and Confidence Calibration of Deep Neural Networks},
  journal = {IEEE Transactions on Neural Networks and Learning},
  volume = {33},
  number = {7},
  pages = {2940-2951},
  year = {2022}
}

@article{41,
  author = {Weijia Wu and Yuzhong Zhao and Mike Zheng Shou and Hong Zhou and Chunhua Shen},
  title = {DiffuMask: Synthesizing Images with Pixel-level Annotations for Semantic Segmentation Using Diffusion Models},
  journal = {arXiv},
  volume = {2303.11681},
  year = {2023}
}

@inproceedings{42,
  author = {Kaiming He and Haoqi Fan and Yuxin Wu and Saining Xie and Ross Girshick},
  title = {Momentum Contrast for Unsupervised Visual Representation Learning},
  booktitle = {CVPR},
  year = {2020}
}

@inproceedings{43,
  author = {Kaiming He and Xinlei Chen and Saining Xie and Yanghao Li and Piotr Dollár and Ross Girshick},
  title = {Masked Autoencoders Are Scalable Vision Learners},
  booktitle = {CVPR},
  year = {2022}
}


@inproceedings{wu2023bhsd,
  title={BHSD: A 3D Multi-class Brain Hemorrhage Segmentation Dataset},
  author={Wu, Biao and Xie, Yutong and Zhang, Zeyu and Ge, Jinchao and Yaxley, Kaspar and Bahadir, Suzan and Wu, Qi and Liu, Yifan and To, Minh-Son},
  booktitle={International Workshop on Machine Learning in Medical Imaging},
  pages={147--156},
  year={2023},
  organization={Springer}
}

@inproceedings{zhang2024segreg,
  title={Segreg: Segmenting oars by registering mr images and ct annotations},
  author={Zhang, Zeyu and Qi, Xuyin and Zhang, Bowen and Wu, Biao and Le, Hien and Jeong, Bora and Liao, Zhibin and Liu, Yunxiang and Verjans, Johan and To, Minh-Son and others},
  booktitle={2024 IEEE International Symposium on Biomedical Imaging (ISBI)},
  pages={1--5},
  year={2024},
  organization={IEEE}
}


@inproceedings{zhang2024deep,
  title={A deep learning approach to diabetes diagnosis},
  author={Zhang, Zeyu and Ahmed, Khandaker Asif and Hasan, Md Rakibul and Gedeon, Tom and Hossain, Md Zakir},
  booktitle={Asian Conference on Intelligent Information and Database Systems},
  pages={87--99},
  year={2024},
  organization={Springer}
}


@article{tan2024segstitch,
  title={Segstitch: Multidimensional transformer for robust and efficient medical imaging segmentation},
  author={Tan, Shengbo and Zhang, Zeyu and Cai, Ying and Ergu, Daji and Wu, Lin and Hu, Binbin and Yu, Pengzhang and Zhao, Yang},
  journal={arXiv preprint arXiv:2408.00496},
  year={2024}
}


@inproceedings{zhang2024jointvit,
  title={Jointvit: Modeling oxygen saturation levels with joint supervision on long-tailed octa},
  author={Zhang, Zeyu and Qi, Xuyin and Chen, Mingxi and Li, Guangxi and Pham, Ryan and Qassim, Ayub and Berry, Ella and Liao, Zhibin and Siggs, Owen and Mclaughlin, Robert and others},
  booktitle={Annual Conference on Medical Image Understanding and Analysis},
  pages={158--172},
  year={2024},
  organization={Springer}
}

@article{zhang2023thinthick,
  title={Thin-Thick Adapter: Segmenting Thin Scans Using Thick Annotations},
  author={Zhang, Zeyu and Zhang, Bowen and Hiwase, Abhiram and Barras, Christen and Chen, Feng and Wu, Biao and Wells, Adam James and Ellis, Daniel Y and Reddi, Benjamin and Burgan, Andrew William and To, Minh-Son and Reid, Ian and Hartley, Richard},
  journal={OpenReview},
  year={2023}
}

@article{wu2024xlip,
  title={Xlip: Cross-modal attention masked modelling for medical language-image pre-training},
  author={Wu, Biao and Xie, Yutong and Zhang, Zeyu and Phan, Minh Hieu and Chen, Qi and Chen, Ling and Wu, Qi},
  journal={arXiv preprint arXiv:2407.19546},
  year={2024}
}

@article{ge2024esa,
  title={Esa: Annotation-efficient active learning for semantic segmentation},
  author={Ge, Jinchao and Zhang, Zeyu and Phan, Minh Hieu and Zhang, Bowen and Liu, Akide and Zhao, Yang},
  journal={arXiv preprint arXiv:2408.13491},
  year={2024}
}

@article{hiwase2025can,
  title={Can rotational thromboelastometry rapidly identify theragnostic targets in isolated traumatic brain injury?},
  author={Hiwase, Abhiram D and Ovenden, Christopher D and Kaukas, Lola M and Finnis, Mark and Zhang, Zeyu and O'Connor, Stephanie and Foo, Ngee and Reddi, Benjamin and Wells, Adam J and Ellis, Daniel Y},
  journal={Emergency Medicine Australasia},
  volume={37},
  number={1},
  pages={e14480},
  year={2025},
  publisher={Wiley Online Library}
}

@inproceedings{zhao2024landmark,
  title={A landmark-based approach for instability prediction in distal radius fractures},
  author={Zhao, Yang and Liao, Zhibin and Liu, Yunxiang and Nijhuis, Koen Oude and Barvelink, Britt and Prijs, Jasper and Colaris, Joost and Wijffels, Mathieu and Reijman, Max and Zhang, Zeyu and others},
  booktitle={2024 IEEE International Symposium on Biomedical Imaging (ISBI)},
  pages={1--5},
  year={2024},
  organization={IEEE}
}

@article{ji2024sine,
  title={Sine Activated Low-Rank Matrices for Parameter Efficient Learning},
  author={Ji, Yiping and Saratchandran, Hemanth and Gordon, Cameron and Zhang, Zeyu and Lucey, Simon},
  journal={arXiv preprint arXiv:2403.19243},
  year={2024}
}

@inproceedings{zhang2024meddet,
  title={Meddet: Generative adversarial distillation for efficient cervical disc herniation detection},
  author={Zhang, Zeyu and Yi, Nengmin and Tan, Shengbo and Cai, Ying and Yang, Yi and Xu, Lei and Li, Qingtai and Yi, Zhang and Ergu, Daji and Zhao, Yang},
  booktitle={2024 IEEE International Conference on Bioinformatics and Biomedicine (BIBM)},
  pages={4024--4027},
  year={2024},
  organization={IEEE}
}

@article{cai2024msdet,
  title={Msdet: Receptive field enhanced multiscale detection for tiny pulmonary nodule},
  author={Cai, Guohui and Cai, Ying and Zhang, Zeyu and Ergu, Daji and Cao, Yuanzhouhan and Hu, Binbin and Liao, Zhibin and Zhao, Yang},
  journal={arXiv preprint arXiv:2409.14028},
  year={2024}
}

@article{tan2024segkan,
  title={Segkan: High-resolution medical image segmentation with long-distance dependencies},
  author={Tan, Shengbo and Xue, Rundong and Luo, Shipeng and Zhang, Zeyu and Wang, Xinran and Zhang, Lei and Ergu, Daji and Yi, Zhang and Zhao, Yang and Cai, Ying},
  journal={arXiv preprint arXiv:2412.19990},
  year={2024}
}


@article{cai2024medical,
  title={Medical ai for early detection of lung cancer: A survey},
  author={Cai, Guohui and Cai, Ying and Zhang, Zeyu and Cao, Yuanzhouhan and Wu, Lin and Ergu, Daji and Liao, Zhinbin and Zhao, Yang},
  journal={arXiv preprint arXiv:2410.14769},
  year={2024}
}

@article{zhang2025gamed,
  title={GAMED-Snake: Gradient-aware Adaptive Momentum Evolution Deep Snake Model for Multi-organ Segmentation},
  author={Zhang, Ruicheng and Guo, Haowei and Zhang, Zeyu and Yan, Puxin and Zhao, Shen},
  journal={arXiv preprint arXiv:2501.12844},
  year={2025}
}

@article{qi2025projectedex,
  title={ProjectedEx: Enhancing Generation in Explainable AI for Prostate Cancer},
  author={Qi, Xuyin and Zhang, Zeyu and Handoko, Aaron Berliano and Zheng, Huazhan and Chen, Mingxi and Huy, Ta Duc and Phan, Vu Minh Hieu and Zhang, Lei and Cheng, Linqi and Jiang, Shiyu and others},
  journal={arXiv preprint arXiv:2501.01392},
  year={2025}
}

@article{zhang2024kmm,
  title={KMM: Key Frame Mask Mamba for Extended Motion Generation},
  author={Zhang, Zeyu and Gao, Hang and Liu, Akide and Chen, Qi and Chen, Feng and Wang, Yiran and Li, Danning and Tang, Hao},
  journal={arXiv preprint arXiv:2411.06481},
  year={2024}
}

@inproceedings{zhang2024motion,
  title={Motion mamba: Efficient and long sequence motion generation},
  author={Zhang, Zeyu and Liu, Akide and Reid, Ian and Hartley, Richard and Zhuang, Bohan and Tang, Hao},
  booktitle={European Conference on Computer Vision},
  pages={265--282},
  year={2024},
  organization={Springer}
}

@article{zhang2024infinimotion,
  title={Infinimotion: Mamba boosts memory in transformer for arbitrary long motion generation},
  author={Zhang, Zeyu and Liu, Akide and Chen, Qi and Chen, Feng and Reid, Ian and Hartley, Richard and Zhuang, Bohan and Tang, Hao},
  journal={arXiv preprint arXiv:2407.10061},
  year={2024}
}

@article{zhang2024motionavatar,
  title={Motion Avatar: Generate Human and Animal Avatars with Arbitrary Motion},
  author={Zhang, Zeyu and Wang, Yiran and Wu, Biao and Chen, Shuo and Zhang, Zhiyuan and Huang, Shiya and Zhang, Wenbo and Fang, Meng and Chen, Ling and Zhao, Yang},
  journal={arXiv preprint arXiv:2405.11286},
  year={2024}
}

@article{qi2025medconv,
  title={MedConv: Convolutions Beat Transformers on Long-Tailed Bone Density Prediction},
  author={Qi, Xuyin and Zhang, Zeyu and Zheng, Huazhan and Chen, Mingxi and Kutaiba, Numan and Lim, Ruth and Chiang, Cherie and Tham, Zi En and Ren, Xuan and Zhang, Wenxin and others},
  journal={arXiv preprint arXiv:2502.00631},
  year={2025}
}