@inproceedings{2022_CVPR_CoCoOP,
  title="{Conditional prompt learning for vision-language models}",
  author="Zhou, Kaiyang and Yang, Jingkang and Loy, Chen Change and Liu, Ziwei",
  booktitle="{IEEE/CVF Conference on Computer Vision and Pattern Recognition (CVPR)}",
  year="2022"
}

@inproceedings{2022_ICLR_lora,
  title="{Lo{RA}: Low-Rank Adaptation of Large Language Models}",
  author="Edward J Hu and Yelong Shen and Phillip Wallis and Zeyuan Allen-Zhu and Yuanzhi Li and Shean Wang and Lu Wang and Weizhu Chen",
  booktitle="{International Conference on Learning Representations (ICLR)}",
  year="2022",
}

@article{2022_IJCV_CoOP,
  title="{Learning to prompt for vision-language models}",
  author="Zhou, Kaiyang and Yang, Jingkang and Loy, Chen Change and Liu, Ziwei",
  journal="{International Journal of Computer Vision}",
  year="2022"
}

@inproceedings{2023_CVPR_PromptSRC,
  title="{Self-regulating prompts: Foundational model adaptation without forgetting}",
  author="Khattak, Muhammad Uzair and Wasim, Syed Talal and Naseer, Muzammal and Khan, Salman and Yang, Ming-Hsuan and Khan, Fahad Shahbaz",
  booktitle="{IEEE/CVF International Conference on Computer Vision (ICCV)}",
  year="2023"
}

@inproceedings{2023_ICCV_PRANC,
  title="{Pranc: Pseudo random networks for compacting deep models}",
  author="Nooralinejad, Parsa and Abbasi, Ali and Koohpayegani, Soroush Abbasi and Meibodi, Kossar Pourahmadi and Khan, Rana Muhammad Shahroz and Kolouri, Soheil and Pirsiavash, Hamed",
  booktitle="{IEEE/CVF International Conference on Computer Vision (ICCV)}",
  year="2023"
}

@inproceedings{2023_ICLR_AdaLoRA,
  title="{AdaLoRA: Adaptive budget allocation for parameter-efficient fine-tuning}",
  author="Zhang, Qingru and Chen, Minshuo and Bukharin, Alexander and Karampatziakis, Nikos and He, Pengcheng and Cheng, Yu and Chen, Weizhu and Zhao, Tuo",
  booktitle="{International Conference on Learning Representations (ICLR)}",
  year="2023"
}

@inproceedings{2024_CVPR_DEPT,
  title="{Dept: Decoupled prompt tuning}",
  author="Zhang, Ji and Wu, Shihan and Gao, Lianli and Shen, Heng Tao and Song, Jingkuan",
  booktitle="{IEEE/CVF Conference on Computer Vision and Pattern Recognition (CVPR)}",
  year="2024"
}

@inproceedings{2024_CVPR_promptvslora,
  title="{Low-Rank Few-Shot Adaptation of Vision-Language Models}",
  author="Zanella, Maxime and Ben Ayed, Ismail",
  booktitle="{IEEE/CVF Conference on Computer Vision and Pattern Recognition (CVPR)}",
  year="2024"
}

@inproceedings{2024_ICLR_NoLA,
  title="{NOLA: Compressing LoRA using Linear Combination of Random Basis}",
  author="Koohpayegani, Soroush Abbasi and Navaneet, KL and Nooralinejad, Parsa and Kolouri, Soheil and Pirsiavash, Hamed",
  booktitle="{International Conference on Learning Representations (ICLR)}",
  year="2024"
}

@inproceedings{2024_ICLR_VeRA,
  title="{Vera: Vector-based random matrix adaptation}",
  author="Kopiczko, Dawid Jan and Blankevoort, Tijmen and Asano, Yuki Markus",
  booktitle="{International Conference on Learning Representations (ICLR)}",
  year="2024"
}

@inproceedings{2024_ICMLW_SVFT,
  title="{SVFT: Parameter-Efficient Fine-Tuning with Singular Vectors}",
  author="Lingam, Vijay and Tejaswi, Atula and Vavre, Aditya and Shetty, Aneesh and Gudur, Gautham Krishna and Ghosh, Joydeep and Dimakis, Alex and Choi, Eunsol and Bojchevski, Aleksandar and Sanghavi, Sujay",
  booktitle="International Conference on Machine Learning Workshops (ICMLW)",
  year="2024"
}

@inproceedings{2024_ICML_DoRA,
  title="{Dora: Weight-decomposed low-rank adaptation}",
  author="Liu, Shih-Yang and Wang, Chien-Yi and Yin, Hongxu and Molchanov, Pavlo and Wang, Yu-Chiang Frank and Cheng, Kwang-Ting and Chen, Min-Hung",
  booktitle="{International Conference on Machine Learning (ICML)}",
  year="2024"
}

@inproceedings{2024_NeurIPS_HydraLoRA,
  title="{HydraLoRA: An Asymmetric LoRA Architecture for Efficient Fine-Tuning}",
  author="Tian, Chunlin and Shi, Zhan and Guo, Zhijiang and Li, Li and Xu, Chengzhong",
  booktitle="{Advances in Neural Information Processing Systems (NeurIPS)}",
  year={2024}
}

@article{2024_NeurIPS_Pissa,
  title="{Pissa: Principal singular values and singular vectors adaptation of large language models}",
  author="Meng, Fanxu and Wang, Zhaohui and Zhang, Muhan",
  journal="{Advances in Neural Information Processing Systems (NeurIPS)}",
  year={2024}
}

@article{2024_arxiv_autolora,
  title="{AutoLoRA: Automatically Tuning Matrix Ranks in Low-Rank Adaptation Based on Meta Learning}",
  author="Zhang, Ruiyi and Qiang, Rushi and Somayajula, Sai Ashish and Xie, Pengtao",
  journal={arXiv preprint arXiv:2403.09113},
  year="2024"
}

@article{2024_arxiv_peftsurvey,
  title="{Parameter-efficient fine-tuning for large models: A comprehensive survey}",
  author="Han, Zeyu and Gao, Chao and Liu, Jinyang and Zhang, Jeff and Zhang, Sai Qian",
  journal="{arXiv preprint arXiv:2403.14608}",
  year="2024"
}

@article{2024_loraxs,
  title={LoRA-XS: Low-Rank Adaptation with Extremely Small Number of Parameters},
  author={Ba{\l}azy, Klaudia and Banaei, Mohammadreza and Aberer, Karl and Tabor, Jacek},
  journal={arXiv preprint arXiv:2405.17604},
  year={2024}
}

