% Long form of conference & journal abbreviations -- especially for camera ready
@String(PAMI  = {IEEE Trans. Pattern Anal. Mach. Intell.})
@String(IJCV  = {Int. J. Comput. Vis.})
@String(CVPR  = {IEEE Conf. Comput. Vis. Pattern Recog.})
@String(ICCV  = {Int. Conf. Comput. Vis.})
@String(ECCV  = {Eur. Conf. Comput. Vis.})
@String(NeurIPS = {Adv. Neural Inform. Process. Syst.})
@String(ICML  = {Int. Conf. Mach. Learn.})
@String(ICLR  = {Int. Conf. Learn. Represent.})
@String(ACCV  = {Asian Conf. Comput. Vis.})
@String(BMVC  = {Brit. Mach. Vis. Conf.})
@String(CVPRW = {IEEE Conf. Comput. Vis. Pattern Recog. Worksh.})
@String(AAAI  = {AAAI})
@String(IJCAI = {IJCAI})
@String(ICIP  = {IEEE Int. Conf. Image Process.})
@String(ICPR  = {Int. Conf. Pattern Recog.})
@String(ICASSP=	{ICASSP})
@String(ICME  = {Int. Conf. Multimedia and Expo})
@String(JMLR  = {J. Mach. Learn. Res.})
@String(TMLR  = {Trans. Mach. Learn Res.})
@String(TOG   = {ACM Trans. Graph.})
@String(TIP   = {IEEE Trans. Image Process.})
@String(TVCG  = {IEEE Trans. Vis. Comput. Graph.})
@String(TCSVT = {IEEE Trans. Circuit Syst. Video Technol.})
@String(TMM   = {IEEE Trans. Multimedia})
@String(ACMMM = {ACM Int. Conf. Multimedia})
@String(PR    = {Pattern Recognition})

@String(MNI	  = {Nature Mach. Intell.})
@String(SPL	  = {IEEE Sign. Process. Letters})
@String(VR    = {Vis. Res.})
@String(JOV	  = {J. Vis.})
@String(TVC   = {The Vis. Comput.})
@String(JCST  = {J. Comput. Sci. Tech.})
@String(CGF   = {Comput. Graph. Forum})
@String(CVM   = {Computational Visual Media})


% Short form of conference & journal abbreviations -- especially for submission version
% if desired, remove these macros in favor of the above ones
@String(PAMI  = {IEEE TPAMI})
@String(IJCV  = {IJCV})
@String(CVPR  = {CVPR})
@String(ICCV  = {ICCV})
@String(ECCV  = {ECCV})
@String(NeurIPS = {NeurIPS})
@String(ICML  = {ICML})
@String(ICLR  = {ICLR})
@String(ACCV  = {ACCV})
@String(BMVC  =	{BMVC})
@String(CVPRW = {CVPRW})
@String(AAAI  = {AAAI})
@String(IJCAI = {IJCAI})
@String(ICIP  = {ICIP})
@String(ICPR  = {ICPR})
@String(ICASSP=	{ICASSP})
@String(ICME  =	{ICME})
@String(JMLR  = {JMLR})
@String(TMLR  = {TMLR})
@String(TOG   = {ACM TOG})
@String(TIP   = {IEEE TIP})
@String(TVCG  = {IEEE TVCG})
@String(TCSVT = {IEEE TCSVT})
@String(TMM   =	{IEEE TMM})
@String(ACMMM = {ACM MM})
@String(PR    = {PR})


@article{2016_arXiv_Wide,
	author = "Zagoruyko, S. and Komodakis, N.",
	journal = "arXiv: 1605.07146",
	title = "{Wide residual networks}",
	year = "2016"
}

@inproceedings{2016_CVPR_ResNet,
	author = "Kaiming, H. and Xiangyu, Z. and Shaoqing, R. and Jian, S.",
	booktitle = "{IEEE Conference on Computer Vision and Pattern Recognition (CVPR)}",
	title = "{Deep Residual Learning for Image Recognition}",
	year = "2016"
}

@inproceedings{2019_ICML_EfficientNet,
    author    = "Mingxing T. and Quoc L.",
    booktitle = "{International Conference on Machine Learning (ICML)}",
    title     = "{EfficientNet: Rethinking Model Scaling for Convolutional Neural Networks}",
    year      = "2019"
}

@inproceedings{2019_ICML_BynamicBootstrapping,
	author = "Arazo, E. and Ortego, D. and Albert, P. and O'Connor, N. and McGuinness, K.",
	booktitle = "{International Conference on Machine Learning (ICML)}",
	title = "{Unsupervised Label Noise Modeling and Loss Correction}",
	year = "2019"
}

@inproceedings{2017_ICLR_Rethinking,
	author = "Zhang, C. and Bengio, S. and Hardt, M. and Recht, B. and Vinyals, O.",
	booktitle = "{International Conference on Learning Representations (ICLR)}",
	title = "{Understanding deep learning requires re-thinking generalization}",
	year = "2017"
}

@article{2017_arXiv_Massive,
  author    = "Rolnick, D. and Veit, A. and Belongie, S. and Shavit, N.",
  title     = "{Deep Learning is Robust to Massive Label Noise}",
  journal   = "arXiv : 1705.10694",
  year      = "2017"
}

@inproceedings{2020_IJCNN_Pseudo,
	author = "Arazo, E. and Ortego, D. and Albert, P. and O'Connor, N.E. and McGuinness, K.",
	booktitle = "{International Joint Conference on Neural Networks (IJCNN)}",
	title = "{Pseudo-Labeling and Confirmation Bias in Deep Semi-Supervised Learning}",
	year = "2020"
}

@inproceedings{2019_NeurIPS_MixMatch,
	author = "Berthelot, D. and Carlini, N. and Goodfellow, I.J. and Papernot, N. and Oliver, A. and Raffel, C.",
	booktitle = "{Advances in Neural Information Processing Systems (NeurIPS)}",
	title = "{MixMatch: {A} Holistic Approach to Semi-Supervised Learning}",
	year = "2019"
}


@article{2020_TIP_EnAET,
  title="{EnAET: A self-trained framework for semi-supervised and supervised learning with ensemble transformations}",
  author="Wang, Xiao and Kihara, Daisuke and Luo, Jiebo and Qi, Guo-Jun",
  journal="{IEEE Transactions on Image Processing}",
  year="2020",
}


@inproceedings{2018_ICLR_Rotation,
	author = "Gidaris, S. and Singh, P. and Komodakis, N.",
	booktitle = "{International Conference on Learning Representations (ICLR)}",
	title = "{Unsupervised Representation Learning by Predicting Image Rotations}",
	year = "2018"
}
@inproceedings{2019_ICML_AND,
	author = "Jiabo, H. and Qi, D. and Shaogang, G. and Xiatian, Z.",
	booktitle = "{International Conference on Machine Learning (ICML)}",
	title = "{Unsupervised Deep Learning by Neighbourhood Discovery}",
	year = "2019"
}
@inproceedings{2016_ECCV_Jigsaw,
	author = "Noroozi, Mehdi and Favaro, Paolo",
	booktitle = "{European Conference on Computer Vision (ECCV)}",
	title = "{Unsupervised learning of visual representations by solving jigsaw puzzles}",
	year = "2016"
}
@article{2017_arXiv_WebVision,
	author = "{Li}, W. and {Wang}, L. and {Li}, W. and {Agustsson}, E. and {Van Gool}, L.",
	journal = "arXiv: 1708.02862",
	title = "{WebVision Database: Visual Learning and Understanding from Web Data}",
	year = "2017"
}
@inproceedings{2020_ICML_BeyondSyn,
	title="{Beyond Synthetic Noise: Deep Learning on Controlled Noisy Labels}",
	booktitle = "{International Conference on Machine Learning (ICML)}",
    author= "Jiang, L. and Huang, D. and Liu, M. and Yang, W.",
    year="2020"
}
@inproceedings{2017_CVPR_ForwardLoss,
	author = "Patrini, G. and Rozza, A. and {Krishna Menon}, A. and Nock, R. and Qu, L.",
	booktitle = "{IEEE Conference on Computer Vision and Pattern Recognition (CVPR)}",
	title = "{Making Deep Neural Networks Robust to Label Noise: A Loss Correction Approach}",
	year = "2017"
}
@inproceedings{2015_ICLR_Bootstrapping,
	author = "Reed, S. and Lee, H. and Anguelov, D. and Szegedy, C. and Erhan, D. and Rabinovich, A.",
	booktitle = "{International Conference on Learning Representations (ICLR)}",
	title = "{Training deep neural networks on noisy labels with bootstrapping}",
	year = "2015"
}
@inproceedings{2018_NeurIPS_GCE,
	author = "Zhang, Z. and Sabuncu, M.",
	booktitle = "{Advances in Neural Information Processing Systems (NeurIPS)}",
	title = "{Generalized Cross Entropy Loss for Training Deep Neural Networks with Noisy Labels}",
	year = "2018"
}
@article{2019_arXiv_Robust,
	author = "Ortego, D. and Arazo, E. and Albert, P. and O'Connor, N. and McGuinness, K.",
	journal = "arXiv: 1912.08741",
	title = "{Towards Robust Learning with Different Label Noise Distributions}",
	year = "2019"
}
@inproceedings{2018_ICLR_Mixup,
	author = "Zhang, H. and Cisse, M. and Dauphin, Y.N. and Lopez-Paz, D.",
	booktitle = "{International Conference on Learning Representations (ICLR)}",
	title = "{mixup: Beyond Empirical Risk Minimization}",
	year = "2018"
}

@article{2013_TNNLS_LabelNoise,
	author = "Frenay, B. and Verleysen, M.",
	journal = "IEEE Transactions on Neural Networks and Learning Systems",
	number = "5",
	pages = "845--869",
	title = "{Classification in the Presence of Label Noise: A Survey}",
	volume = "25",
	year = "2014"
}

@inproceedings{2017_ICML_Memorization,
	author = "Arpit, D. and Jastrzebski, S. and Ballas, N. and Krueger, D. and Bengio, E. and Kanwal, M.S. and Maharaj, T. and Fischer, A. and Courville, A. and Bengio, Y. and Lacoste-Julien, S.",
	booktitle = "{International Conference on Machine Learning (ICML)}",
	title = "{A Closer Look at Memorization in Deep Networks}",
	year = "2017"
}

@inproceedings{2015_CVPR_Clothing1M,
	author = "Xiao, T. and Xia, T. and Yang, Y. and Huang, C. and Wang, X.",
	booktitle = "{IEEE Conference on Computer Vision and Pattern Recognition (CVPR)}",
	title = "{Learning from massive noisy labeled data for image classification}",
	year = "2015"
}
@inproceedings{2020_ICLR_DivideMix,
	author = "Li, J. and Socher, R. and Hoi, S.C.H.",
	booktitle = "{International Conference on Learning Representations (ICLR)}",
	title = "{DivideMix: Learning with Noisy Labels as Semi-supervised Learning}",
	year = "2020"
}
@inproceedings{2020_ICML_MentorMix,
    author={Jiang, Lu and Huang, Di and Liu, Mason and Yang, Weilong},
    title="{Beyond Synthetic Noise: Deep Learning on Controlled Noisy Labels}",
    booktitle = "{International Conference on Machine Learning (ICML)}",
    year="2020"
}

@inproceedings{2016_NIPS_MiniImageNet,
  author    = "Vinyals, O. and  Blundell, C. and Lillicrap, T. and Kavukcuoglu, K. and Wierstra, D",
  booktitle = "{Advances in Neural Information Processing Systems (NeuRIPS)}",
  title     = "{Matching Networks for One Shot Learning}",
  year      = "2016"
}

@inproceedings{2013_3dRR13_StanCars,
    author = "Krause, J and Stark, M. and Deng, J. and Fei-Fei, L.",
    title = "{3D Object Representations for Fine-Grained Categorization}",
    booktitle = "{Workshop on  3D Representation and Recognition (3dRR-13)}",
    year = "2013"
}

@techreport{2009_CIFAR,
	author = "Krizhevsky, A. and Hinton, G.",
	institution = "University of Toronto",
	title = "{Learning multiple layers of features from tiny images}",
	year = "2009"
}

@inproceedings{2018_CVPR_JointOpt,
	author = "Tanaka, D. and Ikami, D. and Yamasaki, T. and Aizawa, K.",
	booktitle = "{IEEE Conference on Computer Vision and Pattern Recognition (CVPR)}",
	title = "{Joint Optimization Framework for Learning with Noisy Labels}",
	year = 2018
}
@inproceedings{2019_CVPR_JointOptimizImproved,
	author = "Yi, K. and Wu, J.",
	booktitle = "{IEEE Conference on Computer Vision and Pattern Recognition (CVPR)}",
	title = "{Probabilistic End-To-End Noise Correction for Learning With Noisy Labels}",
	year = "2019"
}
@inproceedings{2019_CVPRW_Calibration,
    booktitle = "{IEEE Workshop on Computer Vision and Pattern Recognition (CVPRW)}",
    title="{Measuring Calibration in Deep Learning.}",
    author="Nixon, J. and Dusenberry, M. and Zhang, L. and Jerfel, G. and Tran, D.",
    year = "2019"
}

@inproceedings{2017_ICML_Calibration,
    author= "Guo, C. and Pleiss, G. and Sun, Y. and Weinberger, K",
    title="{On calibration of modern neural networks.}",
    booktitle = "{International Conference on Machine Learning (ICML)}",
    year = "2017"
}

@inproceedings{2019_NeurIPS_Calibration,
    author= "Snoek, J. and Ovadia, Y. and Fertig, E",
    title= "{Can you trust your model’s uncertainty? Evaluating predictive uncertainty under dataset shift.}",
    booktitle = "{Advances in Neural Information Processing Systems (NeurIPS)}",
    year="2019"
}

@inproceedings{2019_ICLR_Forgetting,
  title="{An empirical study of example forgetting during deep neural network learning}",
  author="Toneva, M. and Sordoni, A. and Combes, R. and Trischler, A. and Bengio, Y. and Gordon, G.",
  booktitle = "{International Conference on Learning Representations (ICLR)}",
  year = "2019"
}
@inproceedings{2018_NeurIPS_CoTeaching,
	author = "Han, B. and Yao, Q. and Yu, X. and Niu, G. and Xu, M. and Hu, W. and Tsang, I. and Sugiyama, M.",
	booktitle = "{Advances in Neural Information Processing Systems (NeurIPS)}",
	title = "{Co-teaching: Robust training of deep neural networks with extremely noisy labels}",
	year = "2018"
}
@inproceedings{2018_WACV_SemiSupNoise,
	author = "Ding, Y. and Wang, L. and Fan, D. and Gong, B.",
	booktitle = "{IEEE Winter Conference on Applications of Computer Vision (WACV)}",
	title = "{A Semi-Supervised Two-Stage Approach to Learning from Noisy Labels}",
	year = "2018"
}
@inproceedings{2019_ICCV_NegativeLearning,
	author = "Kim, Y. and Yim, J. and Yun, J. and Kim, J.",
	booktitle = "{IEEE International Conference on Computer Vision (ICCV)}",
	title = "{NLNL: Negative Learning for Noisy Labels}",
	year = "2019"
}
@inproceedings{2020_ICML_SmoothLabelnoise,
  title="{Does label smoothing mitigate label noise?}",
  author="Lukasik, M. and Bhojanapalli, S. and Menon, A. K. and Kumar, S.",
  booktitle = "{International Conference on Machine Learning (ICML)}",
  year="2020"
}

@inproceedings{2020_ICMLW_SmoothLabelOOD,
  title="{Soft Labeling Affects Out-of-Distribution Detection of Deep Neural Networks}",
  author="Lee, D. and Cheon, Y.",
  booktitle = "{Workshop on International Conference on Machine Learning (ICMLW)}",
  year="2020"
}

@inproceedings{2018_ICML_MentorNet,
	author = "Jiang, L. and Zhou, Z. and Leung, T. and Li, L.J. and Fei-Fei, L.",
	booktitle = "{International Conference on Machine Learning (ICML)}",
	title = "{{M}entor{N}et: Learning Data-Driven Curriculum for Very Deep Neural Networks on Corrupted Labels}",
	year = "2018"
}
@inproceedings{2016_AAAI_Inception,
  title="{Inception-v4, inception-resnet and the impact of residual connections on learning}",
  author="Szegedy, C. and Ioffe, S. and Vanhoucke, V. and Alemi, A.",
  booktitle = "{Association for the Advancement of Artificial Intelligence (AAAI)}",
  year="2016"
}

@inproceedings{2012_NeurIPS_ImageNet,
  title="{Imagenet classification with deep convolutional neural networks}",
  author="Krizhevsky, A. and Sutskever, I. and Hinton, G.",
  booktitle="{Advances in neural information processing systems (NeurIPS)}",
  year="2012"
}

@article{2020_arXiv_MetaSoftApple,
	author = "Vyas, N. and Saxena, S. and Voice, T.",
	journal = "arXiv: 2009.09496",
	title = "{Learning Soft Labels via Meta Learning}",
	year = "2020"
}

@article{2020_arXiv_MetaSoft,
	author = "Wu, Y. and Shu, J. and Xie, Q. and Zhao, Q. and Meng, D.",
	journal = "arXiv: 2009.09496",
	title = "{Learning to Purify Noisy Labels via Meta Soft Label Corrector}",
	year = "2020"
}
@inproceedings{2018_CVPR_IterativeNoise,
	author = "Wang, Y. and Liu, W. and Ma, X. and Bailey, J. and Zha, H. and Song, L. and Xia, S.-T.",
	booktitle = "{IEEE Conference on Computer Vision and Pattern Recognition (CVPR)}",
	title = "{Iterative Learning With Open-Set Noisy Labels}",
	year = "2018"
}

@inproceedings{2019_NeurIPS_Combi,
  title="{Combinatorial Inference against Label Noise}",
  author="Seo, PH. and Geeho, K. and Bohyung, H.",
  booktitle="{Advances in Neural Information Processing Systems (NeurIPS)}",
  year="2019"
}

@inproceedings{2018_NeurIPS_Masking,
  title="{Masking: A new perspective of noisy supervision}",
  author="Han, B. and Yao, J. and Niu, G. and Zhou, M. and Tsang, I. and Zhang, Y. and Sugiyama, M.",
  booktitle="{Advances in Neural Information Processing Systems (NeurIPS)}",
  year="2018"
}

@inproceedings{2018_NIPS_GoldLoss,
	author = "Hendrycks, Dan and Mazeika, Mantas and Wilson, Duncan and Gimpel, Kevin",
	booktitle = "{Advances in Neural Information Processing Systems (NeurIPS)}",
	title = "{Using Trusted Data to Train Deep Networks on Labels Corrupted by Severe Noise}",
	year = "2018"
}
@inproceedings{2018_ICML_L2ReweightNoise,
	author = "Ren, M. and Zeng, W. and Yang, B. and Urtasun, R.",
	booktitle = "{International Conference on Machine Learning (ICML)}",
	title = "{Learning to Reweight Examples for Robust Deep Learning}",
	year = 2018
}
@inproceedings{2019_NeurIPS_MetaWeight,
  title="{Meta-weight-net: Learning an explicit mapping for sample weighting}",
  author="Shu, J. and Xie, Q. and Yi, L. and Zhao, Q. and Zhou, S. and Xu, Z. and Meng, D.",
  booktitle="{Advances in Neural Information Processing Systems (NeurIPS)}",
  year="2019"
}

@inproceedings{2018_ECCV_CurrNet,
	author = "Guo, S. and Huang, W. and Zhang, H. and Zhuang, C. and Dong, D. and Scott, M.R. and Huang, D.",
	booktitle = "{European Conference on Computer Vision (ECCV)}",
	title = "{CurriculumNet: Weakly Supervised Learning from Large-Scale Web Images}",
	year = "2018"
}

@inproceedings{2019_ICML_SELFIE,
	author = "Song, H. and Kim, M. and Lee, J.-G.",
	booktitle = "{International Conference on Machine Learning (ICML)}",
	title = "{{SELFIE}: Refurbishing Unclean Samples for Robust Deep Learning}",
	year = "2019"
}

@inproceedings{2019_CVPRW_Uncertainty,
  title="{Uncertainty Based Detection and Relabeling of Noisy Image Labels.}",
  booktitle = "{IEEE Workshop on Computer Vision and Pattern Recognition (CVPRW)}",
  author="K{\"o}hler, J.and Autenrieth, M. and Beluch, W.",
  year="2019"
}

@inproceedings{2019_ICML_DiscardingBad,
  title="{Learning with bad training data via iterative trimmed loss minimization}",
  author="Shen, Y. and Sanghavi, S.",
  booktitle="{International Conference on Machine Learning (ICML)}",
  year="2019",
}

@article{2020_arXiv_LabelNoiseSurvey,
  title="{Learning from noisy labels with deep neural networks: A survey}",
  author="Song, H. and Kim, M. and Park, D. and Lee, J.-G.",
  journal="arXiv: 2007.08199",
  year="2020"
}

@inproceedings{2019_ICML_Medical1,
  title="{Direct uncertainty prediction for medical second opinions}",
  author="Raghu, M. and Blumer, K. and Sayres, R. and Obermeyer, Z. and Kleinberg, B. and Mullainathan, S. and Kleinberg, J.",
  booktitle="{International Conference on Machine Learning (ICML)}",
  year="2019"
}

@inproceedings{2020_ACM_Medical2,
  title="{Analyzing the role of model uncertainty for electronic health records}",
  author="Dusenberry, M. and Tran, D. and Choi, E. and Kemp, J. and Nixon, J. and Jerfel, G. and Heller, K. and Dai, A.",
  booktitle="{ACM Conference on Health, Inference, and Learning}",
  year="2020"
}

@inproceedings{2015_AAAI_CalibBayes,
  title="{Obtaining well calibrated probabilities using bayesian binning}",
  author="Naeini, P. and Cooper, G. and Hauskrecht, M.",
  booktitle="{Conference on Artificial Intelligence. AAAI Conference on Artificial Intelligence (AAAI)}",
  year="2015"
}

@inproceedings{2019_NeurIPS_MixupCali,
  title="{On mixup training: Improved calibration and predictive uncertainty for deep neural networks}",
  author="Thulasidasan, S. and Chennupati, G. and Bilmes, J. and Bhattacharya, T. and Michalak, S.",
  booktitle="{Advances in Neural Information Processing Systems (NeurIPS)}",
  year="2019"
}

@inproceedings{2019_AAAI_Safeguard,
	author = "Yao, J. and Wu, H. and Zhang, Y. and Tsang, I.W and Sun, J.",
	booktitle = "{Association for the Advancement of Artificial Intelligence Conference on Artificial Intelligence (AAAI)}",
	title = "{Safeguarded Dynamic Label Regression for Noisy Supervision}",
	year = "2019"
}

@article{2020_arXiv_ReLaB,
  title="{ReLaB: Reliable Label Bootstrapping for Semi-Supervised Learning}",
  author="Albert, P. and Ortego, D. and Arazo, E. and O'Connor, N.E. and McGuinness, K.",
  journal="arXiv: 2007.11866",
  year="2020"
  }
  
@article{2020_arXiv_Survey,
  title="{Learning from noisy labels with deep neural networks: A survey}",
  author="Hwanjun, S. and Minseok, K. and Dongmin, P. and Jae-Gil, L.",
  journal="arXiv: 2007.08199",
  year="2020"
}

@inproceedings{2000_SIGMOD_LOF,
  title="{LOF: identifying density-based local outliers}",
  author="Breunig, M. and Kriegel, H.-P. and Ng, R. and Sander, J.",
  booktitle="{ACM SIGMOD international conference on Management of data}",
  year="2000"
}

@inproceedings{2019_ICASP_WebNoiseAudio,
  title="{Learning sound event classifiers from web audio with noisy labels}",
  author="Fonseca, E. and Plakal, M. and Ellis, D. and Font, F. and Favory, X. and Serra, X.",
  booktitle="{ICASSP 2019-2019 IEEE International Conference on Acoustics, Speech and Signal Processing (ICASSP)}",
  year="2019"
}

@inproceedings{2020_NeurIPS_EarlyReg,
	author = "Liu, S. and Niles-Weed, J. and Razavian, N. and Fernandez-Granda, C.",
	booktitle = "{Advances in Neural Information Processing Systems (NeurIPS)}",
	title = "{Early-Learning Regularization Prevents Memorization of Noisy Labels}",
	year = "2020"
}

@inproceedings{2017_NeurIPS_Decoup,
	author = "Liu, S. and Niles-Weed, J. and Razavian, N. and Fernandez-Granda, C.",
	booktitle = "{Advances in Neural Information Processing Systems (NeurIPS)}",
	title = "{Early-Learning Regularization Prevents Memorization of Noisy Labels}",
	year = "2017"
}

@inproceedings{2012_NeurIPS_AlexNet,
  title="{Imagenet classification with deep convolutional neural networks}",
  author="Krizhevsky, A. and Sutskever, I. and Hinton, G.",
  booktitle = "{Advances in Neural Information Processing Systems (NeurIPS)}",
  year = "2012"
}

@inproceedings{2015_ICLR_VGG,
  author    = "Simonyan, K. and Zisserman, A.",
  title     = "{Very Deep Convolutional Networks for Large-Scale Image Recognition}",
  booktitle = "{International Conference on Learning Representations (ICLR)}",
  year      = "2015"
}

@inproceedings{2015_CVPR_Inception1,
    title	= "{Going Deeper with Convolutions}",
    author	= "Szegedy, C. and Liu, W. and Jia, Y. and Sermanet, P. and Reed, S. and Anguelov, D. and Erhan, D. and Vanhoucke, V. and Rabinovich, A.",
    year	= "2015",
    booktitle	= "{Computer Vision and Pattern Recognition (CVPR)}"
}

 @inproceedings{2011_ICAIS_STL10, 
    title = "{An Analysis of Single-Layer Networks in Unsupervised Feature Learning}",
    author = "Coates, A. and Ng, A. and Lee, H.",
    booktitle = "{International Conference on Artificial Intelligence and Statistics (ICAIS)}", 
    year = "2011"
 } 
 
 @article{2015_arXiv_YFCC100M,
  author    = "Thomee, B. and Shamma, D. and Friedland, G. and Elizalde, B. and Ni, K. and Poland, D. and Borth, D. and 
               Li, L.{-}J.",
  title     = "{The New Data and New Challenges in Multimedia Research}",
  year      = "2015",
  journal    = "arXiv: 1503.01817"
}

@inproceedings{2017_NIPS_MeanTeachers,
	author = "Tarvainen, A. and Valpola, H.",
	booktitle = "{Advances in Neural Information Processing Systems (NeurIPS)}",
	title = "{Mean teachers are better role models: Weight-averaged consistency targets improve semi-supervised deep learning results}",
	year = "2017"
}

@inproceedings{2013_WREPL_PseudoLabelorri,
	author = "Dong-Hyun, L.",
	booktitle = "{International Conference on Machine Learning Workshops (ICMLW)}",
	title = "{Pseudo-Label : The Simple and Efficient Semi-Supervised Learning Method for Deep Neural Networks}",
	year = "2013"
}

@inproceedings{2019_CVPR_TrickStudy,
    author = "Kornblith, S. and Shlens, J. and Le, Q.",
    booktitle = "{IEEE Conference on Computer Vision and Pattern Recognition (CVPR)}",
    title = "{Do Better ImageNet Models Transfer Better?}",
    year = "2019"
}

@inproceedings{2018_ECCV_DeepLabV3+,
    author = "Chen, L.{-}C. and Zhu, Y. and Papandreou, G. and Schroff, F. and Adam, H.",
    booktitle = "{European Conference on Computer Vision (ECCV)}",
    title = "{Encoder-Decoder with Atrous Separable Convolution for Semantic Image Segmentation}",
    year = "2018"
}

@inproceedings{2020_NeurIPS_RethinkingPre,
    author = "Zoph, B. and Ghiasi, G. and Lin, T.-Y. and Cui, Y. and Liu, H. and Cubuk, E. and Le, Q.",
    booktitle = "{Neural Information Processing Systems (NeurIPS)}",
    title = "{Rethinking Pre-training and Self-training}",
    year = "2020"
}

@inproceedings{2013_SIGGRAPH_AnnoTool,
    author = "Bell, S. and Upchurch, P. and Snavely, N. and Bala, K.",
    title = "{OpenSurfaces: A richly annotated catalog of surface appearance}",
    booktitle = "{Special Interest Group on Computer Graphics and Interactive Techniques (SIGGRAPH)}",
    year = "2013"
}

@inproceedings{2014_ECCV_COCO,
  title={Microsoft coco: Common objects in context},
  author="Lin, T.-Y. and Maire, M. and Belongie, S. and Hays, J. and Perona, P. and Ramanan, D. and Doll{\'a}r, P. and Zitnick, L.",
  booktitle="{European conference on computer vision (ECCV)}",
  year="2014"
}

@inproceedings{2019_CVPRW_GrassClover,
  title="{The GrassClover Image Dataset for Semantic and Hierarchical Species Understanding in Agriculture}",
  author="Skovsen, S. and Dyrmann, M. and Mortensen, A. and Laursen, M. and Gislum, R. and Eriksen, J. and Farkhani, S and Karstoft, H. and Jorgensen, R.",
  booktitle= "{IEEE Conference on Computer Vision and Pattern Recognition Workshops}",
  year="2019"
}

@article{2010_IJCV_PascalVOC,
   author = "Everingham, M. and Van~Gool, L. and Williams, C. K. I. and Winn, J. and Zisserman, A.",
   title = "{The Pascal Visual Object Classes (VOC) Challenge}",
   journal = "{International Journal of Computer Vision (IJCV)}",
   year = "2010",
} 

@inproceedings{2016_CVPR_Cityscapes,
    title="{The Cityscapes Dataset for Semantic Urban Scene Understanding}",
    author="Cordts, M. and Omran, M. and Ramos, S. and Rehfeld, T. and Enzweiler, M. and Benenson, R. and Franke, U. and Roth, S. and Schiele, B.",
    booktitle="{IEEE Conference on Computer Vision and Pattern Recognition (CVPR)}",
    year="2016"
}

@inproceedings{2017_CVPR_ADE20k,
    title="{Scene Parsing through ADE20K Dataset}",
    author="Zhou, B. and Zhao, H. and Puig, X. and Fidler, S. and Barriuso, A. and Torralba, A.",
    booktitle="{IEEE Conference on Computer Vision and Pattern Recognition (CVPR)}",
    year="2017"
}

@article{2013_IJRR_KITTI,
  author = "Geiger, A. and Lenz, P. and Stiller, C. and Urtasun, R.",
  title = "{Vision meets Robotics: The KITTI Dataset}",
  journal = "{International Journal of Robotics Research (IJRR)}",
  year = "2013"
} 

@inproceedings{2019_CVPR_MedicalImagingDataset,
  author    = "Simpson, A. and
               Antonelli, M. and
               Bakas, S. and
               Bilello, M. and
               Farahani, K. and
               Ginneken, B. and
               Kopp{-}Schneider, A. and
               Landman, B. and
               Litjens, G. and
               Menze, B. and
               Ronneberger, O. and
               Summers, R. and
               Bilic, P. and
               Christ, P.F. and
               Do, R. and
               Gollub, M. and
               Golia{-}Pernicka, J. and
               Heckers, S. and
               Jarnagin, W. and
               McHugo, M. and
               Napel, S. and
               Vorontsov, E. and
               Maier{-}Hein, L. and
               Cardoso, J.",
  title     = "{A large annotated medical image dataset for the development and evaluation
               of segmentation algorithms}",
  booktitle = "{IEEE Conference on Computer Vision and Parttern Recognition (CVPR)}",
  year      = "2019"
}

@inproceedings{2016_CVPR_ScribbleSup,
  title="{Scribblesup: Scribble-supervised convolutional networks for semantic segmentation}",
  author="Lin, D. and Dai, J. and Jia, J. and He, K. and Sun, J.",
  booktitle="{IEEE Conference on Computer Vision and Pattern Recognition (CVPR)}",
  year="2016"
}

@inproceedings{2018_CVPR_ConvCRF,
  author    = "Teichmann, M. and Cipolla, R.",
  title     = "{Convolutional CRFs for Semantic Segmentation}",
  booktitle = "{IEEE Conference on Computer Vision and Pattern Recognition (CVPR)}",
  year      = "2018"
}

@inproceedings{2016_ECCV_GaussCRF,
    author ="Chandra, S. and Kokkinos, I.",
    title = "{Fast, exact and multi-scale inference for semanticimage segmentation with deep gaussian crfs.}",
    booktitle = "{European Conference on Computer Vision (ECCV)}",
    year = "2016"
}

@inproceedings{2017_CVPR_BBseg,
  title="{Simple does it: Weakly supervised instance and semantic segmentation}",
  author="Khoreva, A. and Benenson, R. and Hosang, J. and Hein, M. and Schiele, B.",
  booktitle="{IEEE Conference on Computer Vision and Pattern Recognition (CVPR)}",
  year="2017"
}

@inproceedings{2015_ICCV_BBseg2,
    author = "Papandreo, G. and Chen, L. and Murphy, K. and Yuille, A.",
    title = "{Weakly and semi-supervised learning of a dcnn for semantic image segmentation.}",
    booktitle = "{IEEE International Conference on Computer Vision (ICCV)}",
    year = "2015"
}

@inproceedings{2015_ICCV_BoxSup,
  title = "{Boxsup: Exploiting bounding boxes to supervise convolutional networks for semantic segmentation}",
  author = "Dai, J. and He, K. and Sun J.",
  booktitle="{IEEE International Conference on Computer Vision (ICCV)}",
  year="2015"
}

@inproceedings{2016_ECCV_PointSup,
  title= "{What's the point: Semantic segmentation with point supervision}",
  author= "Bearman, A. and Russakovsky, O. and Ferrari, V. and Fei-Fei, L.",
  booktitle= "{European Conference on Computer Vision (ECCV)}",
  year="2016"
}

@inproceedings{2016_CVPR_CAM,
  title= "{Learning deep features for discriminative localization}",
  author = "Zhou, B. and Khosla, A. and Lapedriza, A. and Oliva, A. and Torralba, A.",
  booktitle="{IEEE Conference on Computer Vision and Pattern Recognition (CVPR)}",
  year="2016"
}

@inproceedings{2019_TIP_CamSeg,
  title="{Learning to exploit the prior network knowledge for weakly supervised semantic segmentation}",
  author="Redondo-Cabrera, C. and Baptista-R{\'\i}os, M. and L{\'o}pez-Sastre, R.",
  booktitle="{IEEE Transactions on Image Processing}",
  year="2019"
}

@inproceedings{2019_CVPR_CamSeg,
  title = "{Learning instance activation maps for weakly supervised instance segmentation}",
  author = "Zhu, Y. and Zhou, Y. and Xu, H. and Ye, Q. and Doermann, D. and Jiao, J.",
  booktitle = "{IEEE Conference on Computer Vision and Pattern Recognition (CVPR)}",
  year="2019"
}

@inproceedings{2018_CVPR_ErrasedViewCAM,
  author    = "Kunpeng, L. and
               Ziyan, W. and
               Kuan{-}Chuan, P. and
               Jan, E. and
               Yun, F.",
  title     = "{Tell Me Where to Look: Guided Attention Inference Network}",
  year      = "2018",
  booktitle = "{IEEE Conference on Computer Vision and Pattern Recognition (CVPR)}"
}

@inproceedings{2017_ICCV_ErrasedViewCAM,
  author    = "Krishna Kumar, S. and
               Yong Jae, L.",
  title     = "{Hide-and-Seek: Forcing a Network to be Meticulous for Weakly-supervised
               Object and Action Localization}",
  year      = "2017",
  booktitle = "IEEE International Conference on Computer Vision (ICCV)"
}

@inproceedings{2017_CVPR_ErrasedViewCAM2,
    author = "Wei, Y. and Feng, J. and Liang, X. and Cheng, M.M. and Zhao, Y. and Yan, S.",
    title = "{Object region min-ing with adversarial erasing: A simple classification to semantic segmentation approach.}",
    booktitle = "{IEEE Conference on Computer Vision and Pattern Recognition (CVPR)}",
    year = "2017"
}

@inproceedings{2018_CVPR_CAMgrow,
  author    = "Jiwoon, A. and
               Suha, K.",
  title     = "{Learning Pixel-level Semantic Affinity with Image-level Supervision
               for Weakly Supervised Semantic Segmentation}",
  year      = "2018",
  booktitle = "{IEEE Conference on Computer Vision and Pattern Recognition (CVPR)}"
}

@inproceedings{2018_CVPR_CAMgrow2,
  author="Huang, Z. and Wang, X. and Wang, J. and Liu, W. and Wang, J.",
  booktitle="{IEEE Conference on Computer Vision and Pattern Recognition}", 
  title="{Weakly-Supervised Semantic Segmentation Network with Deep Seeded Region Growing}", 
  year="2018"
}

@inproceedings{2016_ECCV_CAMgrow,
  title="{Seed, expand and constrain: Three principles for weakly-supervised image segmentation}",
  author="Kolesnikov, A. and Lampert, C.",
  booktitle="{European conference on computer vision (ECCV)}",
  year="2016"
}

@inproceedings{2019_CVPR_Ficklenet,
  title="{Ficklenet: Weakly and semi-supervised semantic image segmentation using stochastic inference}",
  author="Lee, J. and Kim, E. and Lee, S. and Lee, J. and Yoon, S.",
  booktitle="{IEEE conference on Computer Vision and Pattern Recognition (CVPR)}",
  year="2019"
}

@inproceedings{2018_CVPR_RevisitingDilCov,
  title="{Revisiting dilated convolution: A simple approach for weakly-and semi-supervised semantic segmentation}",
  author="Wei, Y. and Xiao, H. and Shi, H. and Jie, Z. and Feng, J. and Huang, T.",
  booktitle="{Proceedings of the IEEE Conference on Computer Vision and Pattern Recognition}",
  year="2018"
}

@article{2018_arXiv_TumorCAM,
  title="{Robust tumor localization with pyramid grad-cam}",
  author="Lee, S. and Lee, J. and Lee, J. and Park, C.-K. and Yoon, S.",
  journal="arXiv: 1805.11393",
  year = "2018"
}

@inproceedings{2019_ICCV_temporalCAM,
  title="{Integral object mining via online attention accumulation}",
  author="Jiang, P.-T. and Hou, Q. and Cao, Y. and Cheng, M.-M. and Wei, Y. and Xiong, H.-K.",
  booktitle="{IEEE International Conference on Computer Vision (ICCV)}",
  year="2019"
}

@inproceedings{2018_CVPR_CAMsaliency,
  title="{Weakly-supervised semantic segmentation by iteratively mining common object features}",
  author="Wang, X. and You, S. and Li, X. and Ma, H.",
  booktitle= "{IEEE Conference on Computer Vision and Pattern Recognition (CVPR)}",
  year="2018"
}

@inproceedings{2004_TOC_GrabCut,
    author = "Rother, C. and Kolmogorov, V. and Blake, A.",
    title = "{Grabcut: Interactive foreground extraction using iterated graph cuts.}",
    booktitle = "{ACM transactions on graphics (TOG)}",
    year = "2004"
} 

@article{2017_TMI_DeepCut,
  author="Rajchl, M. and Lee, M.C.H and Oktay, O. and Kamnitsas, K. and Passerat-Palmbach, J. and Bai, W. and Damodaram, M. and Rutherford, M.A. and Hajnal, J.V. and Kainz, B. and Rueckert, D.",
  journal="{IEEE Transactions on Medical Imaging}", 
  title="{DeepCut: Object Segmentation From Bounding Box Annotations Using Convolutional Neural Networks}", 
  year="2017"
 }
 
@inproceedings{2019_CVPR_BoxDriven,
  title="{Box-driven class-wise region masking and filling rate guided loss for weakly supervised semantic segmentation}",
  author="Song, C. and Huang, Y. and Ouyang, W. and Wang, L.",
  booktitle="{IEEE Conference on Computer Vision and Pattern Recognition (CVPR)}",
  year="2019"
}

@inproceedings{2011_NIPS_EfficientFCCRF,
 author = "Krahenbuhl, P. and Koltun, V.",
 booktitle = "{Advances in Neural Information Processing Systems (NeurIPS)}",
 title = "{Efficient Inference in Fully Connected CRFs with Gaussian Edge Potentials}",
 year = "2011"
}

@inproceedings{2018_CVPR_pseudoOD,
  author="Zhao, X. and Liang, S. and Wei, Y.",
  booktitle="{IEEE Conference on Computer Vision and Pattern Recognition (CVPR)}", 
  title="{Pseudo Mask Augmented Object Detection}", 
  year="2018"
}

@inproceedings{2016_CVPR_VirtualKitti,
  title="{Virtual worlds as proxy for multi-object tracking analysis}",
  author="Gaidon, A. and Wang, Q. and Cabon, Y. and Vig, E.",
  booktitle="{IEEE Conference on Computer Vision and Pattern Recognition (CVPR)}",
  year="2016"
}

@inproceedings{2016_CVPR_Synthia,
  title="{The synthia dataset: A large collection of synthetic images for semantic segmentation of urban scenes}",
  author="Ros, G. and Sellart, L. and Materzynska, J. and Vazquez, D. and Lopez, A.",
  booktitle="{IEEE Conference on Computer Vision and Pattern Recognition (CVPR)}",
  year="2016"
}

@inproceedings{2016_ECCV_GTA,
  author    = {Richter, S. and
               Vineet, V. and
               Roth, S. and
               Koltun, V.},
  title     = "{Playing for Data: Ground Truth from Computer Games}",
  booktitle = "{European Conference for Computer Vision (ECCV)}",
  year      = "2016"
}

@article{2016_arXiv_FCNsAdv,
  title="{Fcns in the wild: Pixel-level adversarial and constraint-based adaptation}",
  author="Hoffman, J. and Wang, D. and Yu, F. and Darrell, T.",
  journal="{arXiv:1612.02649}",
  year="2016"
}

@inproceedings{2017_ICCV_curriculumDA,
  title="{Curriculum domain adaptation for semantic segmentation of urban scenes}",
  author="Zhang, Y. and David, P. and Gong, B.",
  booktitle="{IEEE International Conference on Computer Vision (ICCV)}",
  year="2017"
}

@inproceedings{2018_CVPR_distilDA,
  title="{Road: Reality oriented adaptation for semantic segmentation of urban scenes}",
  author="Chen, Y. and Li, W. and Van Gool, L.",
  booktitle="{IEEE Conference on Computer Vision and Pattern Recognition (CVPR)}",
  year="2018"
}

@inproceedings{2014_NeurIPS_GAN,
  title="{Generative adversarial nets}",
  author={Goodfellow, I. and Pouget-Abadie, J. and Mirza, M. and Xu, B. and Warde-Farley, D. and Ozair, S. and Courville, A. and Bengio, Y.},
  booktitle="{Advances in neural information processing systems (NeurIPS)}",
  year="2014"
}

@inproceedings{2018_CVPR_featalignDA,
  title="{Learning to adapt structured output space for semantic segmentation}",
  author="Tsai, Y.-H. and Hung, W.-C. and Schulter, S. and Sohn, K. and Yang, M.-H. and Chandraker, M.",
  booktitle="{IEEE Conference on Computer Vision and Pattern Recognition (CVPR)}",
  year="2018"
}

@inproceedings{2017_CVPR_ImageTransDA,
  title="{Learning from simulated and unsupervised images through adversarial training}",
  author="Shrivastava, A. and Pfister, T. and Tuzel, O. and Susskind, J. and Wang, W. and Webb, R.",
  booktitle="{IEEE Conference on Computer Vision and Pattern Recognition (CVPR)}",
  year="2017"
}

@inproceedings{2018_ICML_CycleDA,
  title="{Cycada: Cycle-consistent adversarial domain adaptation}",
  author="Hoffman, J. and Tzeng, E. and Park, T. and Zhu, J.-Y. and Isola, P. and Saenko, K. and Efros, A. and Darrell, T.",
  booktitle="{International Conference on Machine Learning (ICML)}",
  year="2018"
}

@inproceedings{2018_CVPR_imagetoimage,
  title="{Image to image translation for domain adaptation}",
  author="Murez, Z. and Kolouri, S. and Kriegman, D. and Ramamoorthi, R. and Kim, K.",
  booktitle="{IEEE Conference on Computer Vision and Pattern Recognition (CVPR)}",
  year="2018"
}

@inproceedings{2017_ICCV_CycleGan,
  title="{Unpaired image-to-image translation using cycle-consistent adversarial networks}",
  author="Zhu, J.-Y. and Park, T. and Isola, P. and Efros, A.",
  booktitle="{IEEE International Conference on Computer Vision (ICCV)}",
  year="2017"
}

@article{2020_arXiv_CycleGANArgri,
  title="{A cycle gan approach for heterogeneous domain adaptation in land use classification}",
  author="Voreiter, C. and Burnel, J.-C. and Lassalle, P. and Spigai, M. and Hugues, R. and Courty, N.",
  journal="{arXiv:2004.11245}",
  year="2020"
}

@inproceedings{2020_ICML_SimCLR,
    author = "Chen, T. and Kornblith, S. and Norouzi, M. and Hinton, G.",
    booktitle = "{International Conference on Machine Learning (ICML)}",
    title = "{A Simple Framework for Contrastive Learning of Visual Representations}",
    year = "2020"
}

@article{2017_arXiv_Massive,
  author    = "Rolnick, D. and Veit, A. and Belongie, S. and Shavit, N.",
  title     = "{Deep Learning is Robust to Massive Label Noise}",
  journal   = "arXiv : 1705.10694",
  year      = "2017"
}


@inproceedings{2018_NeurIPS_GCE,
	author = "Zhang, Z. and Sabuncu, M.",
	booktitle = "{Advances in Neural Information Processing Systems (NeurIPS)}",
	title = "{Generalized Cross Entropy Loss for Training Deep Neural Networks with Noisy Labels}",
	year = "2018"
}
@inproceedings{2020_ICPR_Robust,
	author = "Ortego, D. and Arazo, E. and Albert, P. and O'Connor, N. and McGuinness, K.",
	booktitle = "International Conference on Pattern Recognition (ICPR)",
	title = "{Towards Robust Learning with Different Label Noise Distributions}",
	year = "2020"
}

@article{2013_TNNLS_LabelNoise,
	author = "Frenay, B. and Verleysen, M.",
	journal = "IEEE Transactions on Neural Networks and Learning Systems",
	number = "5",
	pages = "845--869",
	title = "{Classification in the Presence of Label Noise: A Survey}",
	volume = "25",
	year = "2014"
}

@inproceedings{2017_ICML_Memorization,
	author = "Arpit, D. and Jastrzebski, S. and Ballas, N. and Krueger, D. and Bengio, E. and Kanwal, M.S. and Maharaj, T. and Fischer, A. and Courville, A. and Bengio, Y. and Lacoste-Julien, S.",
	booktitle = "{International Conference on Machine Learning (ICML)}",
	title = "{A Closer Look at Memorization in Deep Networks}",
	year = "2017"
}

@inproceedings{2019_NeurIPS_Calibration,
    author= "Snoek, J. and Ovadia, Y. and Fertig, E",
    title= "{Can you trust your model’s uncertainty? Evaluating predictive uncertainty under dataset shift.}",
    booktitle = "{Advances in Neural Information Processing Systems (NeurIPS)}",
    year="2019"
}

@article{2020_arXiv_MetaSoft,
	author = "Wu, Y. and Shu, J. and Xie, Q. and Zhao, Q. and Meng, D.",
	journal = "arXiv: 2009.09496",
	title = "{Learning to Purify Noisy Labels via Meta Soft Label Corrector}",
	year = "2020"
}

@inproceedings{2019_NeurIPS_Combi,
  title="{Combinatorial Inference against Label Noise}",
  author="Seo, PH. and Geeho, K. and Bohyung, H.",
  booktitle="{Advances in Neural Information Processing Systems (NeurIPS)}",
  year="2019"
}

@inproceedings{2018_NeurIPS_Masking,
  title="{Masking: A new perspective of noisy supervision}",
  author="Han, B. and Yao, J. and Niu, G. and Zhou, M. and Tsang, I. and Zhang, Y. and Sugiyama, M.",
  booktitle="{Advances in Neural Information Processing Systems (NeurIPS)}",
  year="2018"
}

@inproceedings{2018_ICML_L2ReweightNoise,
	author = "Ren, M. and Zeng, W. and Yang, B. and Urtasun, R.",
	booktitle = "{International Conference on Machine Learning (ICML)}",
	title = "{Learning to Reweight Examples for Robust Deep Learning}",
	year = 2018
}

@inproceedings{2019_ICML_DiscardingBad,
  title="{Learning with bad training data via iterative trimmed loss minimization}",
  author="Shen, Y. and Sanghavi, S.",
  booktitle="{International Conference on Machine Learning (ICML)}",
  year="2019",
}


@inproceedings{2015_AAAI_CalibBayes,
  title="{Obtaining well calibrated probabilities using bayesian binning}",
  author="Naeini, P. and Cooper, G. and Hauskrecht, M.",
  booktitle="{Conference on Artificial Intelligence. AAAI Conference on Artificial Intelligence (AAAI)}",
  year="2015"
}


@inproceedings{2019_AAAI_Safeguard,
	author = "Yao, J. and Wu, H. and Zhang, Y. and Tsang, I.W and Sun, J.",
	booktitle = "{Association for the Advancement of Artificial Intelligence Conference on Artificial Intelligence (AAAI)}",
	title = "{Safeguarded Dynamic Label Regression for Noisy Supervision}",
	year = "2019"
}

@article{2020_arXiv_Survey,
  title="{Learning from noisy labels with deep neural networks: A survey}",
  author="Hwanjun, S. and Minseok, K. and Dongmin, P. and Jae-Gil, L.",
  journal="arXiv: 2007.08199",
  year="2020"
}

@inproceedings{2000_SIGMOD_LOF,
  title="{LOF: identifying density-based local outliers}",
  author="Breunig, M. and Kriegel, H.-P. and Ng, R. and Sander, J.",
  booktitle="{ACM SIGMOD international conference on Management of data}",
  year="2000"
}

@inproceedings{2019_ICASP_WebNoiseAudio,
  title="{Learning sound event classifiers from web audio with noisy labels}",
  author="Fonseca, E. and Plakal, M. and Ellis, D. and Font, F. and Favory, X. and Serra, X.",
  booktitle="{ICASSP 2019-2019 IEEE International Conference on Acoustics, Speech and Signal Processing (ICASSP)}",
  year="2019"
}

@inproceedings{2017_NeurIPS_Decoup,
	author = "Liu, S. and Niles-Weed, J. and Razavian, N. and Fernandez-Granda, C.",
	booktitle = "{Advances in Neural Information Processing Systems (NeurIPS)}",
	title = "{Early-Learning Regularization Prevents Memorization of Noisy Labels}",
	year = "2017"
}

@inproceedings{2019_ICCV_SL,
  title="{Symmetric cross entropy for robust learning with noisy labels}",
  author="Wang, Y. and Ma, X. and Chen, Z. and Luo, Y. and Yi, J. and Bailey, J.",
  booktitle = "{IEEE International Conference on Computer Vision (ECCV)}",
  year="2019"
}

@inproceedings{2017_ICLR_Smodel,
  title="{Training deep neural-networks using a noise adaptation layer}",
  author="J. Goldberger and E. Ben-Reuven",
  booktitle="{International Conference on Learning Representations (ICLR)}",
  year="2017"
}

@inproceedings{2020_WACV_EDM,
  title="{EvidentialMix: Learning with Combined Open-set and Closed-set Noisy Labels}",
  author="Sachdeva, Ragav and Cordeiro, Filipe R and Belagiannis, Vasileios and Reid, Ian and Carneiro, Gustavo",
  booktitle="{IEEE/CVF Winter Conference on Applications of Computer Vision (WACV)}",
  year="2020"
}

@inproceedings{2019_Meta_CVPR,
  title="{Learning to learn from noisy labeled data}",
  author="Li, Junnan and Wong, Yongkang and Zhao, Qi and Kankanhalli, Mohan S",
  booktitle="{IEEE Conference on Computer Vision and Pattern Recognition (CVPR)}",
  year="2019"
}

@inproceedings{2019_PCorr_CVPR,
  title="{Probabilistic end-to-end noise correction for learning with noisy labels}",
  author="Yi, Kun and Wu, Jianxin",
  booktitle="{IEEE Conference on Computer Vision and Pattern Recognition (CVPR)}",
  year="2019"
}

@inproceedings{2019_NeurIPS_Pytorch,
    title = "{PyTorch: An Imperative Style, High-Performance Deep Learning Library}",
    author = "Paszke, Adam and Gross, Sam and Massa, Francisco and Lerer, Adam and Bradbury, James and Chanan, Gregory and Killeen, Trevor and Lin, Zeming and Gimelshein, Natalia and Antiga, Luca and Desmaison, Alban and Kopf, Andreas and Yang, Edward and DeVito, Zachary and Raison, Martin and Tejani, Alykhan and Chilamkurthy, Sasank and Steiner, Benoit and Fang, Lu and Bai, Junjie and Chintala, Soumith",
    booktitle = "{Advances in Neural Information Processing Systems (NeurIPS)}",
    year = "2019"
}


@inproceedings{2016_ECCV_Colorful,
	author = "Zhang, R. and Isola, P. and Efros, A. A",
	booktitle = "{European Conference on Computer Vision (ECCV)}",
	title = "{Colorful image colorization}",
	year = "2016"
}

@article{2019_arXiv_Pseudo,
	author = "Arazo, E. and Ortego, D. and Albert, P. and O'Connor, N.E. and McGuinness, K.",
	journal = "arXiv: 1908.02983",
	title = "{Pseudo-Labeling and Confirmation Bias in Deep Semi-Supervised Learning}",
	year = "2019"
}

@inproceedings{2018_NIPS_Realistic,
	author = "Oliver, A. and Odena, A. and Raffel, C. and Cubuk, E. D. and Goodfellow, I.",
	booktitle = "{Advances in Neural Information Processing Systems (NeuRIPS)}",
	title = "{Realistic evaluation of deep semi-supervised learning algorithms}",
	year = "2018"
}

@inproceedings{2018_ECCV_DeepCluster,
	author = "Caron, M. and Bojanowski, P. and Joulin, A. and Douze, M.",
	booktitle = "{Proceedings of the European Conference on Computer Vision (ECCV)}",
	title = "{Deep clustering for unsupervised learning of visual features}",
	year = "2018"
}

@inproceedings{2019_CVPR_Decoup,
	author = "Feng, Z. and Xu, C. and Tao, D.",
	booktitle = "{IEEE Conference on Computer Vision and Pattern Recognition (CVPR)}",
	title = "{Self-Supervised Representation Learning by Rotation Feature Decoupling}",
	year = "2019"
}

@inproceedings{2020_ICLR_SelfLab,
	author = "Asano, Y. M. and Rupprecht, C. and Vedaldi, A.",
	booktitle = "{International Conference on Learning Representations (ICLR)}",
	title = "{Self-labelling via simultaneous clustering and representation learning}",
	year = "2020"
}



@inproceedings{2016_ICASSP_MMER,
	author = "Zhang, Z. and Ringeval, F. and Dong, B. and Coutinho, E. and Marchi, E. and Sch{\"u}ller, B.",
	booktitle = "{IEEE International Conference on Acoustics, Speech and Signal Processing (ICASSP)}",
	title = "{Enhanced semi-supervised learning for multimodal emotion recognition}",
	year = "2016"
}

@inproceedings{2019_NIPS_MixMatch,
	author = "Berthelot, D. and Carlini, N. and Goodfellow, I. and Papernot, N. and Oliver, A. and Raffel, C.",
	booktitle = "{Advances in Neural Information Processing Systems (NeuRIPS)}",
	title = "{MixMatch: {A} Holistic Approach to Semi-Supervised Learning}",
	year = "2019"
}

@inproceedings{2020_ICLR_ReMixMatch,
	author = "Berthelot, D. and Carlini, N. and Cubuk, E. and Kurakin, A. and Sohn, K. and Zhang, H. and Raffel, C.",
	booktitle = "{International Conference on Learning Representations (ICLR)}",
	title = "{ReMixMatch: Semi-Supervised Learning with Distribution Matching and Augmentation Anchoring}",
	year = "2020"
}

@inproceedings{2018_CVPR_NPID,
	author = "Wu, Z. and Xiong, Y. and Yu, S. X. and Lin, D.",
	booktitle = "{IEEE Conference on Computer Vision and Pattern Recognition (CVPR)}",
	title = "{Unsupervised feature learning via non-parametric instance discrimination}",
	year = "2018"
}

@inproceedings{2019_CVPR_AET,
	author = "Zhang, L. and Qi, G.-J. and Wang, L. and Luo, J.",
	booktitle = "{IEEE Conference on Computer Vision and Pattern Recognition (CVPR)}",
	title = "{Aet vs. aed: Unsupervised representation learning by auto-encoding transformations rather than data}",
	year = "2019"
}

@inproceedings{2004_NIPS_Entro,
	author = "Grandvalet, Y. and Bengio, Y.",
	booktitle = "{Advances in Neural Information Processing Systems (NeurIPS)}",
	title = "{Semi-supervised Learning by Entropy Minimization}",
	year = "2004"
}

@inproceedings{2018_ECCV_MinMax,
	author = "Shi, W. and Gong, Y. and Ding, C. and Ma, Z. and Tao, X. and Zheng, N.",
	booktitle = "{European Conference on Computer Vision (ECCV)}",
	title = "{Transductive Semi-Supervised Deep Learning Using Min-Max Features}",
	year = "2018"
}


@article{2014_arXiv_BootStrap,
	author = "Reed, S. and Lee, H. and Anguelov, D. and Szegedy, C. and Erhan, D. and Rabinovich, A.",
	journal = "arXiv: 1412.6596",
	title = "{Training deep neural networks on noisy labels with bootstrapping}",
	year = "2014"
}

@inproceedings{2018_CVPR_Iterative,
	author = "Wang, Y. and Liu, W. and Ma, X. and Bailey, J. and Zha, H. and Song, L. and Xia, S.-T.",
	booktitle = "{IEEE Conference on Computer Vision and Pattern Recognition (CVPR)}",
	title = "{Iterative learning with open-set noisy labels}",
	year = "2018"
}

@inproceedings{2019_CVPR_ProbaNL,
	author = "Kun, Y. and Jianxin, W.",
	booktitle = "{IEEE Conference on Computer Vision and Pattern Recognition (CVPR)}",
	title = "{Probabilistic End-to-end Noise Correction for Learning with Noisy Labels}",
	year = "2019"
}

@article{2019_arXiv_Ziss,
	author = "Rebuffi, S-A. and Ehrhardt, S. and Han, K and Vedaldi, A. and Zisserman, A.",
	journal = "arXiv: 1905.08845",
	title = "{Semi-Supervised Learning with Scarce Annotations}",
	year = "2019"
}

@inproceedings{2003_NIPS_LGConst,
	author = "Zhou, D. and Bousquet, O. and Lal, T. N. and Weston, J. and Scholkopf, B.",
	booktitle = "{International Conference on Neural Information Processing Systems (NeurIPS)}",
	title = "{Learning with Local and Global Consistency}",
	year = "2003"
}

@inproceedings{2019_CVPR_LabelProp,
	author = "Iscen, A. and Tolias, G. and Avrithis, Y. and Chum, O.",
	booktitle = "{IEEE Conference on Computer Vision and Pattern Recognition (CVPR)}",
	title = "{Label propagation for deep semi-supervised learning}",
	year = "2019"
}

@inproceedings{2019_CVPR_Revis,
	author = "Kolesnikov, A. and Zhai, X. and Beyer, L.",
	booktitle = "{IEEE Conference on Computer Vision and Pattern Recognition (CVPR)}",
	title = "{Revisiting self-supervised visual representation learning}",
	year = "2019"
}

@article{2017_arXiv_FAISS,
	author = "Johnson, J. and Douze, M. and Jegou, H.",
	journal = "arXiv: 1702.08734",
	title = "{Billion-scale similarity search with GPUs}",
	year = "2017"
}

@inproceedings{2017_ICLR_CORESET,
	author = "Sener, O. and Savarese, S.",
	booktitle = "{International Conference on Learning Representations (ICLR)}",
	title = "{Active Learning for Convolutional Neural Networks: A Core-Set Approach}",
	year = "2017"
}

@inproceedings{2019_IJCAI_ICT,
	author = "Verma, V. and Lamb, A. and Kannala, J. and Bengio, Y. and Lopez-Paz, D.",
	booktitle = "{International Joint Conferences on Artificial Intelligence (IJCAI)}",
	title = "{Interpolation Consistency Training for Semi-Supervised Learning}",
	year = "2019"
}


@inproceedings{2018_ECCV_DeepLabv3,
	author = "Chen, L.-C. and Zhu, Y. and Papandreou, G. and Schroff, F. and Adam, H.",
	booktitle = "{European Conference on Computer Vision (ECCV)}",
	title = "{Encoder-Decoder with Atrous Separable Convolution for Semantic Image Segmentation}",
	year = "2018"
}

@inproceedings{2019_ICML_Distanglement,
	author = "Locatello, F. and Bauer, S. and Lucic, M. and Gelly, S. and Scholkopf, B. and Bachem, O.",
	booktitle = "{International Conference on Machine Learning (ICML)}",
	title = "{Challenging Common Assumptions in the Unsupervised Learning of Disentangled Representations}",
	year = "2019"
}

@inproceedings{2019_CVPR_PENCIL,
	author = "Yi, K. and Wu, J.",
	booktitle = "{IEEE Conference on Computer Vision and Pattern Recognition (CVPR)}",
	title = "{Probabilistic End-to-end Noise Correction for Learning with Noisy Labels}",
	year = "2019"
}

@inproceedings{1992_NIPS_DisAl,
	author = "Bridle, J. and Heading, A. and MacKay, D..",
	booktitle = "{Advances in Neural Information Processing Systems (NeurIPS)}",
	title = "{Unsupervised Classifiers, Mutual Information and'Phantom Targets}",
	year = "1992"
}

@article{2019_arXiv_ConfB,
	author = "Li, Y. and Liu, L. and Tan, R.",
	journal = "arXiv: 1901.05657",
	title = "{Certainty-Driven Consistency Loss for Semi-supervised Learning}",
	year = "2019"
}

@article{2018_TPAMI_ImageRetrieval,
	author = "Radenovic, F. and Tolias, G. and Chum, O.",
	journal = "{IEEE Transactions on Pattern Analysis and Machine Intelligence (TPAMI)}",
	title = "{Fine-tuning CNN Image Retrieval with No Human Annotation}",
	year = "2018"
}

@inproceedings{2015_ECCV_Retrieval,
	author = "Babenko, A. and Lempitsky, V. S.",
	booktitle = "{European Conference on Computer Vision (ECCV)}",
	title = "{Aggregating Deep Convolutional Features for Image Retrieval}",
	year = "2015"
}

@inproceedings{2017_CVPR_Lassociation,
	author = "Husser, P. and Mordvintsev, A. and Cremers, D.",
	booktitle = "{IEEE Conference on Computer Vision and Pattern Recognition (CVPR)}",
	title = "{Learning by Association - A versatile semi-supervised training method for neural networks}",
	year = "2017"
}

@inproceedings{2018_CVPR_LargeScaleDiff,
	author = "Douze, M. and Szlam, A. and Hariharan, B. and Jegou, H",
	booktitle = "{IEEE Conference on Computer Vision and Pattern Recognition (CVPR)}",
	title = "{Low-shot learning with large-scale diffusion}",
	year = "2018"
}

@inproceedings{2017_CVPR_DiffMani,
	author = "Iscen, A. and Tolias, G. and Avrithis, Y. and Furon, T. and Chum, O.",
	booktitle = "{IEEE Conference on Computer Vision and Pattern Recognition (CVPR)}",
	title = "{Efficient Diffusion on Region Manifolds: Recovering Small Objects with Compact CNN Representations}",
	year = "2017"
}

@inproceedings{2013_ICCV_DiffAgg,
	author = "Tolias, G. and Avrithis, Y. and J{\'e}gou, H.",
	booktitle = "{IEEE International Conference on Computer Vision (ICCV)}",
	title = "{To Aggregate or Not to aggregate: Selective Match Kernels for Image Search}",
	year = "2013"
}

@article{2017_TPAMI_VAT,
	author = "Miyato, T. and Maeda, S. and Koyama, S. and Ishii, S.",
	journal = "{IEEE Transactions on Pattern Analysis and Machine Intelligence (TPAMI)}",
	title = "{Virtual Adversarial Training: A Regularization Method for Supervised and Semi-Supervised Learning}",
	year = "2017"
}

@inproceedings{2015_ICCV_Context,
	author = "Doersch, C. and Gupta, A. and Efros, A.",
	booktitle = "{IEEE International Conference on Computer Vision (ICCV)}",
	title = "{Unsupervised Visual Representation Learning by Context Prediction}",
	year = "2015"
}

@inproceedings{2002_NIPS_LabdiffRandomWalks,
	author = "Szummer, M. and Tommi, J.",
	booktitle = "{Advances in Neural Information Processing Systems (NeurIPS)}",
	title = "{Partially labeled classification with Markov random walks}",
	year = "2002"
}

@inproceedings{2013_CVPR_DiffRevis,
	author = "Donoser, M. and Bischof, H.",
	booktitle = "{IEEE Conference on Computer Vision and Pattern Recognition (CVPR)}",
	title = "{Diffusion Processes for Retrieval Revisited}",
	year = "2013"
}

@techreport{2006_?_Labelpropcriterion,
	author = "Bengio, Y. and Delalleau, O. and {Le Roux}, N.",
	institution = "Carnegie Mellon University",
	title = "{Label propagation and quadratic criterion}",
	year = "2006"
}

@inproceedings{2018_ICML_CompactSSL,
	author = "Kamnitsas, K. and Castro, D. and {Le Folgoc}, L. and Walker, I. and Tanno, R. and Rueckert, D. and Glocker, B. and Criminisi, A. and {V. Nori}, A.",
	booktitle = "{International Conference on Machine Learning (ICML)}",
	title = "{Semi-Supervised Learning via Compact Latent Space Clustering}",
	year = "2018"
}

@inproceedings{2019_ICCV_PrototypesBootstrapping,
	author = "Han, J. and Luo, P. and Wang, X.",
	booktitle = "{IEEE International Conference on Computer Vision (ICCV)}",
	title = "{Deep Self-Learning From Noisy Labels}",
	year = "2019"
}

@article{2018_arXiv_VisDrone,
	author = "Zhu, P. and Wen, L. and Bian, X. and Haibin, L. and Hu, Q.",
	journal = "arXiv: 1804.07437",
	title = "{Vision Meets Drones: A Challenge}",
	year = "2018"
}

@inproceedings{2018_ECCV_EpicKitchen,
	author = "Damen, D. and Doughty, H. and Farinella, G.M. and Fidler, S. and Furnari, A. and Kazakos, E. and Moltisanti, D. and Munro, J. and Perrett, T. and Price, W. and Wray, M.",
	booktitle = "{European Conference on Computer Vision (ECCV)}",
	title = "{Scaling Egocentric Vision: The EPIC-KITCHENS Dataset}",
	year = "2018"
}

@inproceedings{2018_ECCV_YouTube-VOS,
	author = "Xu, N. and Yang, L. and Fan, Y. and Yang, J. and Yue, D. and Liang, Y. and Price, B. and Cohen, S. and Huang, T.",
	booktitle = "{European Conference on Computer Vision (ECCV)}",
	title = "{YouTube-VOS: Sequence-to-Sequence Video Object Segmentation}",
	year = "2018"
}

@article{2016_arXiv_VisualGenome,
	author = "Krishna, R. and Zhu, Y. and Groth, O. and Johnson, J. and Hata, K. and Kravitz, J. and Chen, S. and Kalantidis, Y. and Li, L.-J. and Shamma, D.A. and Bernstein, M. and Li, F.-F.",
	journal = "arXiv: 1602.07332",
	title = "{Visual Genome: Connecting Language and Vision Using Crowdsourced Dense Image Annotations}",
	year = "2016"
}

@inproceedings{2018_CVPR_BoostingSelf,
	author = "Noroozi, M. and Vinjimoor, A. and Favaro, P. and Pirsiavash, H.",
	booktitle = "{IEEE Conference on Computer Vision and Pattern Recognition (CVPR)}",
	title = "{Boosting Self-Supervised Learning via Knowledge Transfer}",
	year = "2018"
}

@inproceedings{2018_CVPR_Taskonomy,
author = {Zamir, A.R. and Sax, A. and Shen, W. and Guibas, L.J. and Malik, J. and Savarese, S.},
title = {Taskonomy: Disentangling Task Transfer Learning},
booktitle = {IEEE Conference on Computer Vision and Pattern Recognition (CVPR)},
year = {2018}
}


@inproceedings{2018_NIPS_CoTeaching,
	author = "Han, B. and Yao, Q. and Yu, X. and Niu, G. and Xu, M. and Hu, W. and Tsang, I. and Sugiyama, M.",
	booktitle = "{Advances in Neural Information Processing Systems (NeuRIPS)}",
	title = "{Realistic evaluation of deep semi-supervised learning algorithms}",
	year = "2018"
}

@inproceedings{2018_ECCV_SSLtransductive,
	author = "Shi, W. and Gong, Y. and Ding, C. and {MaXiaoyu Tao}, Z. and Zheng, N.",
	booktitle = "{European Conference on Computer Vision (ECCV)}",
	title = "{Transductive Semi-Supervised Deep Learning using Min-Max Features}",
	year = "2018"
}

@article{2020_arXiv_FixMatch,
	author = "Sohn, K. and Berthelot, D. and L, C.-L. and Zhang, Z. and Carlini, N. and Cubuk, E. and Kurakin, A and Zhang, H. and Raffel, C.",
	journal = "arXiv: 2001.07685",
	title = "{FixMatch: Simplifying Semi-Supervised Learning with Consistency and Confidence}",
	year = "2020"
}

@article{2019_arXiv_CIFARStudy,
  title="{Distribution Density, Tails, and Outliers in Machine Learning: Metrics and Applications}",
  author="Carlini, N. and Erlingsson, {\'U}. and Papernot, N.",
  journal= "arXiv:1910.13427",
  year="2019"
}

@inproceedings{2019_CVPR_AA,
  author    = "Cubuk, E. and Zoph, B. and Man{\'{e}}, D. and Vasudevan, V. and Le, Q.",
  booktitle = "{IEEE Conference on Computer Vision and Pattern Recognition (CVPR)}",
  title     = "{AutoAugment: Learning Augmentation Policies from Data}",
  year      = "2019",
}

@article{2019_arXiv_UDA,
  author    = "Xie, Q. and Dai, Z. and Hovy, E. and Luong, M.-T. and Le, Q.",
  title     = "{Unsupervised Data Augmentation for Consistency Training}",
  journal   = "arXiv: 1904.12848",
  year      = "2019",
}

@inproceedings{2015_NIPS_PIModel,
  author    = {Rasmus, A. and Valpola, H. and Honkala, M. and Berglund, M. and Raiko, T.},
  booktitle = "{Advances in Neural Information Processing Systems (NeuRIPS)}",
  title     = "{Semi-Supervised Learning with Ladder Network}",
  year      = "2015",
}

@inproceedings{2019_CVPR_UEL,
   author = "Mang, Y. and Xu, Z. and Pong, Y. and Shih-Fu, C.",
   title = "{Unsupervised Embedding Learning via Invariant and Spreading Instance Feature}",
   booktitle = "{IEEE Conference on Computer Vision and Pattern Recognition (CVPR)}",
   year = "2019"
} 

@phdthesis{2005_Thesis_SSLGraphs,
  title="{Semi-supervised learning with graphs}",
  author="Xiaojin, Z.",
  year="2005"
}

@inproceedings{2017_CVPR_EfficientDiffusion,
  title="{Efficient diffusion on region manifolds: Recovering small objects with compact cnn representations}",
  author="Iscen, A. and Tolias, G. and Avrithis, Y. and Furon, T. and Chum, O.",
  booktitle="{IEEE Conference on Computer Vision and Pattern Recognition (CVPR)}",
  year="2017"
}

@inproceedings{2021_ICLR_iMix,
  title="{i-Mix: A Strategy for Regularizing Contrastive Representation Learning}",
  author="Lee, Kibok and Zhu, Yian and Sohn, Kihyuk and Li, Chun-Liang and Shin, Jinwoo and Lee, Honglak",
  booktitle="{International Conference on Learning Representations (ICLR)}",
  year="2021"
}

@inproceedings{2016_ICASSP_MMER,
	author = "Zhang, Z. and Ringeval, F. and Dong, B. and Coutinho, E. and Marchi, E. and Sch{\"u}ller, B.",
	booktitle = "{IEEE International Conference on Acoustics, Speech and Signal Processing (ICASSP)}",
	title = "{Enhanced semi-supervised learning for multimodal emotion recognition}",
	year = "2016"
}

@inproceedings{2004_NIPS_Entro,
	author = "Grandvalet, Y. and Bengio, Y.",
	booktitle = "{Advances in Neural Information Processing Systems (NeurIPS)}",
	title = "{Semi-supervised Learning by Entropy Minimization}",
	year = "2004"
}

@inproceedings{2019_CVPR_ProbaNL,
	author = "Kun, Y. and Jianxin, W.",
	booktitle = "{IEEE Conference on Computer Vision and Pattern Recognition (CVPR)}",
	title = "{Probabilistic End-to-end Noise Correction for Learning with Noisy Labels}",
	year = "2019"
}

@article{2017_arXiv_FAISS,
	author = "Johnson, J. and Douze, M. and Jegou, H.",
	journal = "arXiv: 1702.08734",
	title = "{Billion-scale similarity search with GPUs}",
	year = "2017"
}

@inproceedings{2017_ICLR_CORESET,
	author = "Sener, O. and Savarese, S.",
	booktitle = "{International Conference on Learning Representations (ICLR)}",
	title = "{Active Learning for Convolutional Neural Networks: A Core-Set Approach}",
	year = "2017"
}


@inproceedings{2019_ICML_Distanglement,
	author = "Locatello, F. and Bauer, S. and Lucic, M. and Gelly, S. and Scholkopf, B. and Bachem, O.",
	booktitle = "{International Conference on Machine Learning (ICML)}",
	title = "{Challenging Common Assumptions in the Unsupervised Learning of Disentangled Representations}",
	year = "2019"
}

@inproceedings{2019_ICCV_PrototypesBootstrapping,
	author = "Han, J. and Luo, P. and Wang, X.",
	booktitle = "{IEEE International Conference on Computer Vision (ICCV)}",
	title = "{Deep Self-Learning From Noisy Labels}",
	year = "2019"
}

@inproceedings{2018_CVPR_BoostingSelf,
	author = "Noroozi, M. and Vinjimoor, A. and Favaro, P. and Pirsiavash, H.",
	booktitle = "{IEEE Conference on Computer Vision and Pattern Recognition (CVPR)}",
	title = "{Boosting Self-Supervised Learning via Knowledge Transfer}",
	year = "2018"
}


@article{2019_arXiv_CIFARStudy,
  title="{Distribution Density, Tails, and Outliers in Machine Learning: Metrics and Applications}",
  author="Carlini, N. and Erlingsson, {\'U}. and Papernot, N.",
  journal= "arXiv:1910.13427",
  year="2019"
}

@inproceedings{2019_CVPR_AA,
  author    = "Cubuk, E. and Zoph, B. and Man{\'{e}}, D. and Vasudevan, V. and Le, Q.",
  booktitle = "{IEEE Conference on Computer Vision and Pattern Recognition (CVPR)}",
  title     = "{AutoAugment: Learning Augmentation Policies from Data}",
  year      = "2019",
}

@phdthesis{2005_Thesis_SSLGraphs,
  title="{Semi-supervised learning with graphs}",
  author="Xiaojin, Z.",
  year="2005"
}

@inproceedings{2017_CVPR_EfficientDiffusion,
  title="{Efficient diffusion on region manifolds: Recovering small objects with compact cnn representations}",
  author="Iscen, A. and Tolias, G. and Avrithis, Y. and Furon, T. and Chum, O.",
  booktitle="{IEEE Conference on Computer Vision and Pattern Recognition (CVPR)}",
  year="2017"
}


@inproceedings{2021_CVPR_MOIT,
      title="{Multi-Objective Interpolation Training for Robustness to Label Noise}", 
      author="Diego Ortego and Eric Arazo and Paul Albert and Noel E. O'Connor and Kevin McGuinness",
      booktitle="{IEEE Conference on Computer Vision and Pattern Recognition (CVPR)}",
      year="2021"
}

@article{2015_arXiv_tinyImageNet,
  title="{Tiny imagenet visual recognition challenge}",
  author="Le, Ya and Yang, Xuan",
  journal={CS 231N},
  year="2015"
}

@article{2017_arXiv_ImageNet32,
  title="{A downsampled variant of imagenet as an alternative to the cifar datasets}",
  author="Chrabaszcz, Patryk and Loshchilov, Ilya and Hutter, Frank",
  journal= "arXiv: 1707.08819",
  year="2017"
}

@inproceedings{2017_ICCV_JFT300M,
  title="{Revisiting unreasonable effectiveness of data in deep learning era}",
  author="Sun, Chen and Shrivastava, Abhinav and Singh, Saurabh and Gupta, Abhinav",
  booktitle="{IEEE International Conference on Computer Vision (ICCV)}",
  year="2017"
}

@article{2019_arXiv_instagram1B,
  title="{Billion-scale semi-supervised learning for image classification}",
  author="Yalniz, I Zeki and J{\'e}gou, Herv{\'e} and Chen, Kan and Paluri, Manohar and Mahajan, Dhruv",
  journal="arXiv: 1905.00546",
  year="2019"
}

@inproceedings{2021_NeurIPS_flexmatch,
  title="{Flexmatch: Boosting semi-supervised learning with curriculum pseudo labeling}",
  author="Zhang, Bowen and Wang, Yidong and Hou, Wenxin and Wu, Hao and Wang, Jindong and Okumura, Manabu and Shinozaki, Takahiro",
  booktitle="{Advances in Neural Information Processing Systems (NeurIPS)}",
  year="2021"
}

@inproceedings{2021_ICPR_towardsrobust,
  title="{Towards robust learning with different label noise distributions}",
  author="Ortego, Diego and Arazo, Eric and Albert, Paul and O'Connor, Noel E and McGuinness, Kevin",
  booktitle="{International Conference on Pattern Recognition (ICPR)}",
  year="2021"
}


@inproceedings{2022_WACV_DSOS,
  title="{Addressing out-of-distribution label noise in webly-labelled data}",
  author="Paul Albert and Diego Ortego and Eric Arazo and Noel O'Connor and Kevin McGuinness",
  booktitle="{Winter Conference on Applications of Computer Vision (WACV)}",
  year="2022"
}

@inproceedings{2021_ICCV_trashtresure,
  title="{Trash to Treasure: Harvesting OOD Data with Cross-Modal Matching for Open-Set Semi-Supervised Learning}",
  author="Huang, Junkai and Fang, Chaowei and Chen, Weikai and Chai, Zhenhua and Wei, Xiaolin and Wei, Pengxu and Lin, Liang and Li, Guanbin",
  booktitle="{IEEE/CVF International Conference on Computer Vision (ICCV)}",
  year="2021"
}

@inproceedings{2021_CVPR_FaMUS,
  title="{Faster meta update strategy for noise-robust deep learning}",
  author="Xu, Youjiang and Zhu, Linchao and Jiang, Lu and Yang, Yi",
  booktitle="{IEEE/CVF Conference on Computer Vision and Pattern Recognition (CVPR)}",
  year="2021"
}

@article{2021_arXiv_propmix,
  title="{PropMix: Hard Sample Filtering and Proportional MixUp for Learning with Noisy Labels}",
  author="Cordeiro, Filipe R and Belagiannis, Vasileios and Reid, Ian and Carneiro, Gustavo",
  journal="arXiv: 2110.11809",
  year="2021"
}

@inproceedings{2020_ICLR_AugMix,
  title="{Augmix: A simple data processing method to improve robustness and uncertainty}",
  author="Hendrycks, Dan and Mu, Norman and Cubuk, Ekin D and Zoph, Barret and Gilmer, Justin and Lakshminarayanan, Balaji",
  booktitle="{International Conference on Learning Representations (ICLR)}",
  year="2020"
}

@article{2018_arXiv_UMAP,
  title="{Umap: Uniform manifold approximation and projection for dimension reduction}",
  author="McInnes, Leland and Healy, John and Melville, James",
  journal= "arXiv: 1802.03426",
  year="2018"
}

@inproceedings{2020_ICLR_understandingcontrastive,
  title="{Understanding contrastive representation learning through alignment and uniformity on the hypersphere}",
  author="Wang, Tongzhou and Isola, Phillip",
  booktitle="{International Conference on Machine Learning (ICLR)}",
  year="2020"
}

@inproceedings{2021_ICCV_weblyfinegrained,
  title="{Webly Supervised Fine-Grained Recognition: Benchmark Datasets and An Approach}",
  author="Sun, Zeren and Yao, Yazhou and Wei, Xiu-Shen and Zhang, Yongshun and Shen, Fumin and Wu, Jianxin and Zhang, Jian and Shen, Heng Tao",
  booktitle="{IEEE/CVF International Conference on Computer Vision (ICCV)}",
  year="2021"
}

@article{2017_TPAMI_places,
   title="{Places: A 10 million Image Database for Scene Recognition}",
   author="Zhou, Bolei and Lapedriza, Agata and Khosla, Aditya and Oliva, Aude and Torralba, Antonio",
   journal="{IEEE Transactions on Pattern Analysis and Machine Intelligence}",
   year="2017"
}
@inproceedings{2017_ICML_dropout,
  title="{A closer look at memorization in deep networks}",
  author="Arpit, Devansh and Jastrzebski, Stanis{\l}aw and Ballas, Nicolas and Krueger, David and Bengio, Emmanuel and Kanwal, Maxinder S and Maharaj, Tegan and Fischer, Asja and Courville, Aaron and Bengio, Yoshua and others",
  booktitle="{International Conference on Machine Learning (ICML)}",
  year="2017"
}

@inproceedings{2021_ICLR_robustcurri,
  title="{Robust Curriculum Learning: From clean label detection to noisy label self-correction}",
  author="Zhou, Tianyi and Wang, Shengjie and Bilmes, Jeff",
  booktitle="{International Conference on Learning Representations (ICLR)}",
  year="2020"
}

@inproceedings{2021_NeurIPS_oodlimit,
  title="{Exploring the Limits of Out-of-Distribution Detection}",
  author="Fort, Stanislav and Ren, Jie and Lakshminarayanan, Balaji",
  booktitle="{Advances in neural information processing systems (NeurIPS)}",
  year="2021"
}

@inproceedings{2019_ICLR_deepanomaly,
  title="{Deep anomaly detection with outlier exposure}",
  author="Hendrycks, Dan and Mazeika, Mantas and Dietterich, Thomas",
  booktitle="{International Conference on Learning Representations (ICLR)}",
  year="2019"
}


@article{2000_TPAMI_normalizedcuts,
  title="{Normalized cuts and image segmentation}",
  author="Shi, Jianbo and Malik, Jitendra",
  journal="{IEEE Transactions on pattern analysis and machine intelligence (TPAMI)}",
  year="2000"
}
@inproceedings{2002_NeurIPS_spectralclust,
  title="{On spectral clustering: Analysis and an algorithm}",
  author="Ng, Andrew Y and Jordan, Michael I and Weiss, Yair",
  booktitle="{Advances in neural information processing systems (NeurIPS)}",
  year="2002"
}

@inproceedings{2021_ICCV_RRL,
  title="{Learning from noisy data with robust representation learning}",
  author="Li, Junnan and Xiong, Caiming and Hoi, Steven CH",
  booktitle="{IEEE/CVF International Conference on Computer Vision (ICCV)}",
  year="2021"
}

@article{2000_Science_Isomap,
  title="{A global geometric framework for nonlinear dimensionality reduction}",
  author="Tenenbaum, Joshua B and Silva, Vin de and Langford, John C",
  journal="{Science}",
  year="2000"
}


@inproceedings{2021_CVPR_JoSRC,
  title="{Jo-SRC: A Contrastive Approach for Combating Noisy Labels}",
  author="Yao, Yazhou and Sun, Zeren and Zhang, Chuanyi and Shen, Fumin and Wu, Qi and Zhang, Jian and Tang, Zhenmin",
  booktitle="{IEEE/CVF Conference on Computer Vision and Pattern Recognition (CVPR)}",
  year="2021"
}

@inproceedings{2017_NeurIPS_attentionsiallyouneed,
  title="{Attention is all you need}",
  author="Vaswani, Ashish and Shazeer, Noam and Parmar, Niki and Uszkoreit, Jakob and Jones, Llion and Gomez, Aidan N and Kaiser, {\L}ukasz and Polosukhin, Illia",
  booktitle="{Advances in neural information processing systems (NeurIPS)}",
  year="2017"
}

@inproceedings{2021_ICLR_vit,
  title="{An image is worth 16x16 words: Transformers for image recognition at scale}",
  author="Dosovitskiy, Alexey and Beyer, Lucas and Kolesnikov, Alexander and Weissenborn, Dirk and Zhai, Xiaohua and Unterthiner, Thomas and Dehghani, Mostafa and Minderer, Matthias and Heigold, Georg and Gelly, Sylvain and others",
  booktitle="{International Conference on Learning Representations (ICLR)}",
  year="2021"
}

@inproceedings{2022_CVPR_convnetvstransformers,
  title="{A convnet for the 2020s}",
  author="Liu, Zhuang and Mao, Hanzi and Wu, Chao-Yuan and Feichtenhofer, Christoph and Darrell, Trevor and Xie, Saining",
  booktitle="{IEEE/CVF Conference on Computer Vision and Pattern Recognition (CVPR)}",
  year="2022"
}

@article{2021_arXiv_CCT,
  title="{Escaping the big data paradigm with compact transformers}",
  author="Hassani, Ali and Walton, Steven and Shah, Nikhil and Abuduweili, Abulikemu and Li, Jiachen and Shi, Humphrey",
  journal="arXiv: 2104.05704",
  year="2021"
}

@inproceedings{2021_CVPR_swin,
  title="{Swin transformer: Hierarchical vision transformer using shifted windows}",
  author="Liu, Ze and Lin, Yutong and Cao, Yue and Hu, Han and Wei, Yixuan and Zhang, Zheng and Lin, Stephen and Guo, Baining",
  booktitle="{IEEE/CVF International Conference on Computer Vision (CVPR)}",
  year="2021"
}

@inproceedings{2021_ICLR_robustcurri,
  title="{Robust Curriculum Learning: From clean label detection to noisy label self-correction}",
  author="Zhou, Tianyi and Wang, Shengjie and Bilmes, Jeff",
  booktitle="{International Conference on Learning Representations (ICLR)}",
  year="2020"
}


@inproceedings{2020_CVPR_moco,
  title="{Momentum contrast for unsupervised visual representation learning}",
  author="He, Kaiming and Fan, Haoqi and Wu, Yuxin and Xie, Saining and Girshick, Ross",
  booktitle="{Proceedings of the IEEE/CVF conference on computer vision and pattern recognition}",
  year="2020"
}

@inproceedings{2021_ICLR_contrastivehardneg,
  title="{Contrastive learning with hard negative samples}",
  author="Robinson, Joshua and Chuang, Ching-Yao and Sra, Suvrit and Jegelka, Stefanie",
  booktitle="{International Conference on Learning Representations (ICLR)}",
  year="2020"
}

@inproceedings{2021_CVPR_siamsiam,
  title="{Exploring simple siamese representation learning}",
  author="Chen, Xinlei and He, Kaiming",
  booktitle="{IEEE/CVF Conference on Computer Vision and Pattern Recognition}",
  year="2021"
}

@inproceedings{2021_ICML_barlowtwins,
  title="{Barlow twins: Self-supervised learning via redundancy reduction}",
  author="Zbontar, Jure and Jing, Li and Misra, Ishan and LeCun, Yann and Deny, St{\'e}phane",
  booktitle="{International Conference on Machine Learning (ICML)}",
  year="2021"
}

@inproceedings{2022_ICLR_vicreg,
  title="{Vicreg: Variance-invariance-covariance regularization for self-supervised learning}",
  author="Bardes, Adrien and Ponce, Jean and LeCun, Yann",
  booktitle="{International Conference on Learning Representations (ICLR)}",
  year="2022"
}

@inproceedings{2021_ICCV_DINO,
  title="{Emerging properties in self-supervised vision transformers}",
  author="Caron, Mathilde and Touvron, Hugo and Misra, Ishan and J{\'e}gou, Herv{\'e} and Mairal, Julien and Bojanowski, Piotr and Joulin, Armand",
  booktitle="{IEEE/CVF International Conference on Computer Vision (ICCV)}",
  year="2021"
}

@inproceedings{2020_NeurIPS_BYOL,
  title="{Bootstrap your own latent-a new approach to self-supervised learning}",
  author="Grill, Jean-Bastien and Strub, Florian and Altch{\'e}, Florent and Tallec, Corentin and Richemond, Pierre and Buchatskaya, Elena and Doersch, Carl and Avila Pires, Bernardo and Guo, Zhaohan and Gheshlaghi Azar, Mohammad and others",
  booktitle="{Advances in neural information processing systems (NeurIPS)}",
  year="2020"
}

@inproceedings{2020_ICML_normalizedrobustloss,
  title="{Normalized loss functions for deep learning with noisy labels}",
  author="Ma, Xingjun and Huang, Hanxun and Wang, Yisen and Romano, Simone and Erfani, Sarah and Bailey, James",
  booktitle="{International conference on machine learning (ICML)}",
  year="2020",
}

@inproceedings{2019_ICCV_symmetricrobustloss,
  title="{Symmetric cross entropy for robust learning with noisy labels}",
  author="Wang, Yisen and Ma, Xingjun and Chen, Zaiyi and Luo, Yuan and Yi, Jinfeng and Bailey, James",
  booktitle="{IEEE/CVF International Conference on Computer Vision (ICCV)}",
  year="2019"
}

@inproceedings{2022_CVPR_contrastiverobustloss,
    author    = "Yi, Li and Liu, Sheng and She, Qi and McLeod, A. Ian and Wang, Boyu",
    title     = "{On Learning Contrastive Representations for Learning With Noisy Labels}",
    booktitle = "{IEEE/CVF Conference on Computer Vision and Pattern Recognition (CVPR)}",
    year      = "2022"
}

@inproceedings{2016_ECCV_GTAV,
  title="{Playing for data: Ground truth from computer games}",
  author="Richter, Stephan R and Vineet, Vibhav and Roth, Stefan and Koltun, Vladlen",
  booktitle="{European conference on computer vision}",
  year="2016"
}


@inproceedings{2019_CVPR_synsemsegtrans,
  title="{Learning semantic segmentation from synthetic data: A geometrically guided input-output adaptation approach}",
  author="Chen, Yuhua and Li, Wen and Chen, Xiaoran and Gool, Luc Van",
  booktitle="{IEEE Conference on Computer Vision and Pattern Recognition (CVPR)}",
  year="2019"
}

@inproceedings{2019_ICCV_maxsquareloss,
  title="{Domain adaptation for semantic segmentation with maximum squares loss}",
  author="Chen, Minghao and Xue, Hongyang and Cai, Deng",
  booktitle="{IEEE International Conference on Computer Vision (ICCV)}",
  year="2019"
}

@inproceedings{2017_ICCV_gantrans,
  title="{Learning from simulated and unsupervised images through adversarial training}",
  author="Shrivastava, Ashish and Pfister, Tomas and Tuzel, Oncel and Susskind, Joshua and Wang, Wenda and Webb, Russell",
  booktitle="{IEEE conference on computer vision and pattern recognition (CVPR)}",
  year="2017"
}

@article{2017_arXiv_gantransarxiv,
  title="{Unsupervised domain adaptation for semantic segmentation with gans}",
  author="Sankaranarayanan, Swami and Balaji, Yogesh and Jain, Arpit and Lim, Ser Nam and Chellappa, Rama",
  journal="arXiv: 1711.06969",
  year="2017"
}

@inproceedings{2018_CVPR_road,
  title="{Road: Reality oriented adaptation for semantic segmentation of urban scenes}",
  author="Chen, Yuhua and Li, Wen and Van Gool, Luc",
  booktitle="{IEEE Conference on Computer Vision and Pattern Recognition (CVPR)}",
  year="2018"
}

@inproceedings{2019_ICCV_adversarialbottleneck,
  title="{Significance-aware information bottleneck for domain adaptive semantic segmentation}",
  author="Luo, Yawei and Liu, Ping and Guan, Tao and Yu, Junqing and Yang, Yi",
  booktitle="{IEEE International Conference on Computer Vision (ICCV)}",
  year="2019"
}

@article{2020_tech_domainadaptsemsegsurvey,
  title="{Unsupervised domain adaptation in semantic segmentation: a review}",
  author="Toldo, Marco and Maracani, Andrea and Michieli, Umberto and Zanuttigh, Pietro",
  journal="{Technologies}",
  year="2020"
}

@inproceedings{2019_CVPRW_outputdiscri,
  title="{Unsupervised domain adaptation for semantic segmentation of urban scenes}",
  author="Biasetton, Matteo and Michieli, Umberto and Agresti, Gianluca and Zanuttigh, Pietro",
  booktitle="{IEEE Conference on Computer Vision and Pattern Recognition Workshops (CVPRW)}",
  year="2019"
}

@inproceedings{2019_CVPR_adversarialentro,
  title="{Advent: Adversarial entropy minimization for domain adaptation in semantic segmentation}",
  author="Vu, Tuan-Hung and Jain, Himalaya and Bucher, Maxime and Cord, Matthieu and P{\'e}rez, Patrick",
  booktitle="{IEEE Conference on Computer Vision and Pattern Recognition (CVPR)}",
  year="2019"
}
@inproceedings{2017_ICLRW_BNtuning,
  title="{Revisiting batch normalization for practical domain adaptation}",
  author="Li, Yanghao and Wang, Naiyan and Shi, Jianping and Liu, Jiaying and Hou, Xiaodi",
  booktitle="{International Conference on Learning Representations Worksop (ICLRW)}",
  year="2017"
}

@article{2009_JAE_biomassMixture,
  title="{Strong mixture effects among four species in fertilized agricultural grassland led to persistent and consistent transgressive overyielding}",
  author="Nyfeler, Daniel and Huguenin-Elie, Olivier and Suter, Matthias and Frossard, Emmanuel and Connolly, John and L{\"u}scher, Andreas",
  journal="{Journal of Applied Ecology}",
  year="2009"
}

@article{2017_JOI_biomassMixture2,
  title="{Preliminary results of clover and grass coverage and total dry matter estimation in clover-grass crops using image analysis}",
  author="Mortensen, Anders K and Karstoft, Henrik and S{\o}egaard, Karen and Gislum, Ren{\'e} and J{\o}rgensen, Rasmus N",
  journal="{Journal of Imaging}",
  year="2017"
}

@article{2009_AAS_nitrogen,
  title="{Nitrogen fertilization of grass/clover swards under cutting or grazing by dairy cows}",
  author="S{\o}egaard, Karen",
  journal="{Acta Agriculturae Scandinavica Section B--Soil and Plant Science}",
  year="2009"
}

@article{2016_SH_overfertreview,
  title="{Crop responses to nitrogen overfertilization: A review}",
  author="Albornoz, Francisco",
  journal="{Scientia horticulturae}",
  year="2016"
}

@article{2004_AMBIO_nitrogenchina,
  title="{Nitrogen fertilization, soil nitrate accumulation, and policy recommendations in several agricultural regions of China}",
  author="Ju, Xiaotang and Liu, Xuejun and Zhang, Fusuo and Roelcke, Marco",
  journal="{AMBIO: a Journal of the Human Environment}",
  year="2004"
}

@article{2015_JSSPN_fertcentralchile,
  title="{Evaluation of soil fertility and fertilisation practices for irrigated maize (Zea mays L.) under Mediterranean conditions in central Chile}",
  author="N{\'a}jera, F and Tapia, Y and Baginsky, C and Figueroa, V and Cabeza, R and Salazar, O",
  journal="{Journal of soil science and plant nutrition}",
  year="2015"
}

@inproceedings{2019_CVPRW_grasscloverdataset,
  title="{The GrassClover image dataset for semantic and hierarchical species understanding in agriculture}",
  author="Skovsen, Soren and Dyrmann, Mads and Mortensen, Anders K and Laursen, Morten S and Gislum, Ren{\'e} and Eriksen, Jorgen and Farkhani, Sadaf and Karstoft, Henrik and Jorgensen, Rasmus N",
  booktitle="{IEEE/CVF Conference on Computer Vision and Pattern Recognition Workshops}",
  year="2019"
}

@inproceedings{2014_ECCV_weedsegmentationdataset,
  title="{A crop/weed field image dataset for the evaluation of computer vision based precision agriculture tasks}",
  author="Haug, Sebastian and Ostermann, J{\"o}rn",
  booktitle="{European Conference on Computer Vision}",
  year="2014"
}

@inproceedings{2020_CVPPP_plantorgancounting,
  title="{Unsupervised Domain Adaptation for Plant Organ Counting}",
  author="Ayalew, Tewodros W and Ubbens, Jordan R and Stavness, Ian",
  booktitle="{European Conference on Computer Vision}",
  year="2020"
}

@article{2020_PP_globalwheatdataset,
  title="{Global Wheat Head Detection (GWHD) dataset: a large and diverse dataset of high-resolution RGB-labelled images to develop and benchmark wheat head detection methods}",
  author="David, Etienne and Madec, Simon and Sadeghi-Tehran, Pouria and Aasen, Helge and Zheng, Bangyou and Liu, Shouyang and Kirchgessner, Norbert and Ishikawa, Goro and Nagasawa, Koichi and Badhon, Minhajul A",
  journal="{Plant Phenomics}",
  year="2020"
}

@article{2021_arXiv_wheatnet,
  title="{Wheatnet: A lightweight convolutional neural network for high-throughput image-based wheat head detection and counting}",
  author="Khaki, Saeed and Safaei, Nima and Pham, Hieu and Wang, Lizhi",
  journal="arXiv:2103.09408",
  year="2021"
}

@inproceedings{2018_ICRA_realtimeseg,
  title="{Real-time semantic segmentation of crop and weed for precision agriculture robots leveraging background knowledge in CNNs}",
  author="Milioto, Andres and Lottes, Philipp and Stachniss, Cyrill",
  booktitle="{IEEE international conference on robotics and automation (ICRA)}",
  year="2018"
}

@article{2017_arxiv_seedlingclassification,
  title="{A public image database for benchmark of plant seedling classification algorithms}",
  author="Giselsson, Thomas Mosgaard and J{\o}rgensen, Rasmus Nyholm and Jensen, Peter Kryger and Dyrmann, Mads and Midtiby, Henrik Skov",
  journal="arXiv:1711.05458",
  year="2017"
}

@article{2016_PRL_finelygraineddatasets,
  title="{Finely-grained annotated data20sets for image-based plant phenotyping}",
  author="Minervini, Massimo and Fischbach, Andreas and Scharr, Hanno and Tsaftaris, Sotirios A",
  journal="{Pattern recognition letters}",
  year="2016"
}

@article{2016_Sensors_deepfruits,
  title="{Deepfruits: A fruit detection system using deep neural networks}",
  author="Sa, Inkyu and Ge, Zongyuan and Dayoub, Feras and Upcroft, Ben and Perez, Tristan and McCool, Chris",
  journal="{Sensors}",
  year="2016"
}

@article{2019_PM_deepseedling,
  title="{DeepSeedling: deep convolutional network and Kalman filter for plant seedling detection and counting in the field}",
  author="Jiang, Yu and Li, Changying and Paterson, Andrew H and Robertson, Jon S",
  journal="{Plant methods}",
  year="2019"
}

@inproceedings{2020_IMVIP_extracting,
  title="{Extracting pasture phenotype and biomass percentages using weakly supervised multi-target deep learning on a small dataset}",
  author="Narayanan, Badri and Saadeldin, Mohamed and Albert, Paul and McGuinness, Kevin and Mac Namee, Brian",
  booktitle="{Irish Machine Vision and Image Processing conference}",
  year="2020"
}

@inproceedings{2021_EGF_Irishdataset,
  title="{Using image analysis and machine learning to estimate sward clover content}",
  author="Hennessy, D and Saad, M and Mac Namee, B and O'Connor, N.E. and McGuinness, K. and Albert, P. and Narayanan, B. and O'Connor, A.",
  booktitle="European Grassland Federation Symposium",
  year="2021"
}

@article{2016_IRJET_weeddetection,
  title="{Weed detection using image processing}",
  author="Paikekari, Ajinkya and Ghule, Vrushali and Meshram, Rani and Raskar, VB",
  journal="{International Research Journal of Engineering and Technology (IRJET)}",
  year="2016"
}

@article{2016_RFIUA_weeddetectionsoil,
   title = "{Machine vision system for weed detection using image filtering in vegetables crops}",
   journal = "{Revista Facultad de Ingenier\~A\-a Universidad de Antioquia}",
   author="Pulido-Rojas, Camilo Andra and Molina-Villa, Manuel Alejandro and Solaque-Guzm\~A!`n, Leonardo Enrique",
   year = "2016"
}    

@article{2016_CEA_weeddetectchina,
  title="{Weed detection using image processing under different illumination for site-specific areas spraying}",
  author="Tang, Jing-Lei and Chen, Xiao-Qian and Miao, Rong-Hui and Wang, Dong",
  journal="{Computers and Electronics in Agriculture}",
  year="2016"
}

@inproceedings{2020_KSKD_weeddetectchiliRF,
  title="{Machine learning based approach for Weed Detection in Chilli field using RGB images}",
  author="Islam, N and Rashid, MM and Wibowo, S and Wasimi, S and Morshed, A and Xu, C and Moore, S",
  booktitle="{International Conference on Fuzzy Systems and Knowledge Discovery (FSKD)}",
  year="2020"
}

@article{2021_Argriculture_weeddetectUAV,
  title="{Early Weed Detection Using Image Processing and Machine Learning Techniques in an Australian Chilli Farm}",
  author="Islam, Nahina and Rashid, Md Mamunur and Wibowo, Santoso and Xu, Cheng-Yuan and Morshed, Ahsan and Wasimi, Saleh A and Moore, Steven and Rahman, Sk Mostafizur",
  journal="{Agriculture}",
  year="2021"
}

@inproceedings{2017_ICICTI_weedsegcnn,
  title="{Weed detection dataset with RGB images taken under variable light conditions}",
  author="Lameski, Petre and Zdravevski, Eftim and Trajkovik, Vladimir and Kulakov, Andrea",
  booktitle="{International Conference on ICT Innovations}",
  year="2017"
}

@inproceedings{2019_AAGSSAOP_weedsuav,
  title="{Machine learning approaches to automate weed detection by UAV based sensors}",
  author="Etienne, Aaron and Saraswat, Dharmendra",
  booktitle="{Autonomous Air and Ground Sensing Systems for Agricultural Optimization and Phenotyping}",
  year="2019"
}

@article{2010_ISR_differences,
  title="{Applied machine vision of plants: a review with implications for field deployment in automated farming operations}",
  author="McCarthy, Cheryl L and Hancock, Nigel H and Raine, Steven R",
  journal="{Intelligent Service Robotics}",
  year="2010"
}

@article{2002_BS_lidar,
  title="{Lidar remote sensing for ecosystem studies: Lidar, an emerging remote sensing technology that directly measures the three-dimensional distribution of plant canopies, can accurately estimate vegetation structural attributes and should be of particular interest to forest, landscape, and global ecologists}",
  author="Lefsky, Michael A and Cohen, Warren B and Parker, Geoffrey G and Harding, David J",
  journal="{BioScience}",
  year="2002"
}

@article{2020_FPS_tomato,
  title="{Tomato Fruit Detection and Counting in Greenhouses Using Deep Learning}",
  author="Afonso, Manya and Fonteijn, Hubert and Fiorentin, Felipe Schadeck and Lensink, Dick and Mooij, Marcel and Faber, Nanne and Polder, Gerrit and Wehrens, Ron",
  journal="{Frontiers in plant science}",
  year="2020"
}

@article{2019_FPS_singleshotpear,
  title="{Single-shot convolution neural networks for real-time fruit detection within the tree}",
  author="Bresilla, Kushtrim and Perulli, Giulio Demetrio and Boini, Alexandra and Morandi, Brunella and Corelli Grappadelli, Luca and Manfrini, Luigi",
  journal="{Frontiers in plant science}",
  year="2019"
}

@article{2012_CS_legumegrass,
  title="{The benefit of color information in digital image analysis for the estimation of legume contribution in legume--grass mixtures}",
  author="Himstedt, M and Fricke, T and Wachendorf, M",
  journal="{Crop Science}",
  year="2012"
}

@inproceedings{2018_ICPA_grasscloverfirst,
  title="{Predicting dry matter composition of grass clover leys using data simulation and camera-based segmentation of field canopies into white clover, red clover, grass and weeds}",
  author="Skovsen, S{\o}ren and Dyrmann, Mads and Eriksen, J{\o}rgen and Gislum, Ren{\'e} and Karstoft, Henrik and J{\o}rgensen, Rasmus Nyholm",
  booktitle="{International Conference on Precision Agriculture}",
  year="2018"
}

@article{2021_SENSORS_skovsen2,
  title="{Robust species distribution mapping of crop mixtures using color images and convolutional neural networks}",
  author="Skovsen, S{\o}ren Kelstrup and Laursen, Morten Stigaard and Kristensen, Rebekka Kjeldgaard and Rasmussen, Jim and Dyrmann, Mads and Eriksen, J{\o}rgen and Gislum, Ren{\'e} and J{\o}rgensen, Rasmus Nyholm and Karstoft, Henrik",
  journal="{Sensors}",
  year="2021"
}

@article{2021_CEA_GANcabage,
  title="{Temporal prediction and evaluation of Brassica growth in the field using conditional generative adversarial networks}",
  author="Drees, Lukas and Junker-Frohn, Laura Verena and Kierdorf, Jana and Roscher, Ribana",
  journal="{Computers and Electronics in Agriculture}",
  year="2021"
}

@article{2020_CEA_Gandisease,
  title="{Unsupervised image translation using adversarial networks for improved plant disease recognition}",
  author="Nazki, Haseeb and Yoon, Sook and Fuentes, Alvaro and Park, Dong Sun",
  journal="{Computers and Electronics in Agriculture}",
  year="2020"
}

@inproceedings{2018_CCC_GANdisease2,
  title="{Unsupervised representation learning of image-based plant disease with deep convolutional generative adversarial networks}",
  author="Li, Jie and Jia, Junjie and Xu, Donglai",
  booktitle="{2018 37th Chinese control conference (CCC)}",
  year="2018"
}

@article{2019_SMJ_GANdiseasegen,
  title="{Image-to-image translation with GAN for synthetic data augmentation in plant disease datasets}",
  author="Nazki, Haseeb and Lee, Jaehwan and Yoon, Sook and Park, Dong Sun",
  journal="{Smart Media Journal}",
  year="2019"
}

@article{2020_IEEE_leafsuperres,
  title="{Crop leaf disease image super-resolution and identification with dual attention and topology fusion generative adversarial network}",
  author="Dai, Qiang and Cheng, Xi and Qiao, Yan and Zhang, Youhua",
  journal="{IEEE Access}",
  year="2020"
}

@inproceedings{2017_CVPR_conditionalGAN,
  title="{Image-to-image translation with conditional adversarial networks}",
  author="Isola, Phillip and Zhu, Jun-Yan and Zhou, Tinghui and Efros, Alexei A",
  booktitle="{IEEE Conference on Computer Vision and Pattern Recognition}",
  year="2017"
}

@inproceedings{2018_BMVC_cGanleaf,
  title="{Data Augmentation using Conditional Generative Adversarial Networks for Leaf Counting in Arabidopsis Plants.}",
  author="Zhu, Yezi and Aoun, Marc and Krijn, Marcel and Vanschoren, Joaquin and Campus, High Tech",
  booktitle="{British Machine Vision Conference (BMVC)}",
  year="2018"
}

@article{2020_CEA_cycleganfruits,
  title="{Optimising realism of synthetic images using cycle generative adversarial networks for improved part segmentation}",
  author="Barth, Ruud and Hemming, Jochen and Van Henten, Eldert J",
  journal="{Computers and Electronics in Agriculture}",
  year="2020"
}

@article{2021_Plants_CycleGANwheat,
  title="{Domain Adaptation of Synthetic Images for Wheat Head Detection}",
  author="Hartley, Zane KJ and French, Andrew P",
  journal="{Plants}",
  year="2021"
}

@article{2016_RS_DroneWheat,
  title="{High throughput field phenotyping of wheat plant height and growth rate in field plot trials using UAV based remote sensing}",
  author="Holman, Fenner H and Riche, Andrew B and Michalski, Adam and Castle, March and Wooster, Martin J and Hawkesford, Malcolm J",
  journal="{Remote Sensing}",
  year="2016"
}

@article{2020_PB_phenotypingreview,
  title="{Phenotyping: new windows into the plant for breeders}",
  author="Watt, Michelle and Fiorani, Fabio and Usadel, Bj{\"o}rn and Rascher, Uwe and Muller, Onno and Schurr, Ulrich",
  journal="{Annual review of plant biology}",
  year="2020"
}

@article{2017_RS_seedemergeanceUAV,
  title="{Evaluation of seed emergence uniformity of mechanically sown wheat with UAV RGB imagery}",
  author="Liu, Tao and Li, Rui and Jin, Xiuliang and Ding, Jinfeng and Zhu, Xinkai and Sun, Chengming and Guo, Wenshan",
  journal="{Remote Sensing}",
  year="2017"
}

@article{2017_RSE_plantdensityUAV,
  title="{Estimates of plant density of wheat crops at emergence from very low altitude UAV imagery}",
  author="Jin, Xiuliang and Liu, Shouyang and Baret, Fr{\'e}d{\'e}ric and Hemerl{\'e}, Matthieu and Comar, Alexis",
  journal="{Remote Sensing of Environment}",
  year="2017"
}

@inproceedings{2020_CVPR_AGVISchallenge,
author = "Chiu, Mang Tik and Xu, Xingqian and Wei, Yunchao and Huang, Zilong and Schwing, Alexander G. and Brunner, Robert and Khachatrian, Hrant and Karapetyan, Hovnatan and Dozier, Ivan and Rose, Greg and Wilson, David and Tudor, Adrian and Hovakimyan, Naira and Huang, Thomas S. and Shi, Honghui",
title = "{Agriculture-Vision: A Large Aerial Image Database for Agricultural Pattern Analysis}",
booktitle = "{IEEE Conference on Computer Vision and Pattern Recognition (CVPR)}",
year = "2020"
} 

@inproceedings{2020_ECCV_HAN,
  title="{Single image super-resolution via a holistic attention network}",
  author="Niu, Ben and Wen, Weilei and Ren, Wenqi and Zhang, Xiangde and Yang, Lianping and Wang, Shuzhen and Zhang, Kaihao and Cao, Xiaochun and Shen, Haifeng",
  booktitle="{European conference on computer vision (ECCV)}",
  year="2020"
}

@inproceedings{2000_ICPR_blurr,
  title="{Diatom autofocusing in brightfield microscopy: a comparative study}",
  author="Pech-Pacheco, Jos{\'e} Luis and Crist{\'o}bal, Gabriel and Chamorro-Martinez, Jes{\'u}s and Fern{\'a}ndez-Valdivia, Joaqu{\'\i}n",
  booktitle="{International Conference on Pattern Recognition (ICPR)}",
  year="2000"
}
@inproceedings{2020_ECCV_CUT,
  title="{Contrastive learning for unpaired image-to-image translation}",
  author="Park, Taesung and Efros, Alexei A and Zhang, Richard and Zhu, Jun-Yan",
  booktitle="{European Conference on Computer Vision (ECCV)}",
  pages={319--345},
  year="2020",
  organization={Springer}
}

@inproceedings{2021_IJCNN_ReLaB,
  title="{ReLaB: Reliable Label Bootstrapping for Semi-Supervised Learning}",
  author="Albert, P. and Ortego, D. and Arazo, E. and O'Connor, N.E. and McGuinness, K.",
  booktitle="{International Joint Conference on Neural Networks (IJCNN)}",
  year="2021"
}
@article{2011_PASMCL_pascalVOC,
  title="{The pascal visual object classes challenge 2012 (voc2012) development kit}",
  author="Everingham, Mark and Winn, John",
  journal="{Pattern Analysis, Statistical Modelling and Computational Learning, Tech. Rep}",
  year="2011"
}
@inproceedings{2014_ECCV_MSCOCO,
  title="{Microsoft coco: Common objects in context}",
  author="Lin, Tsung-Yi and Maire, Michael and Belongie, Serge and Hays, James and Perona, Pietro and Ramanan, Deva and Doll{\'a}r, Piotr and Zitnick, C Lawrence",
  booktitle="{European conference on computer vision (ECCV)}",
  year="2014"
}


@article{2018_JDS_incorporatingVM,
  title="{Incorporating white clover (Trifolium repens L.) into perennial ryegrass (Lolium perenne L.) swards receiving varying levels of nitrogen fertilizer: Effects on milk and herbage production}",
  author="Egan, Michael and Galvin, Norann and Hennessy, Deirdre",
  journal="{Journal of Dairy Science}",
  volume={101},
  number={4},
  pages={3412--3427},
  year="2018",
  publisher={Elsevier}
}


@inproceedings{2021_ICCVW_semisupmine,
  title="{Semi-supervised dry herbage mass estimation using automatic data and synthetic images}",
  author="Albert, Paul and Saadeldin, Mohamed and Narayanan, Badri and Mac Namee, Brian and Hennessy, Deirdre and O'Connor, Aisling H. and O'Connor, Noel E. and McGuinness, Kevin",
  booktitle="{IEEE International Conference on Computer Vision (ICCV)}",
  year="2021"
}

@inproceedings{2022_EGF_Irishunsuppre,
  title="{Using image analysis and machine learning to estimate sward clover content}",
  author="Albert, Paul and Saadeldin, Mohamed and  Narayanan, Badri and Mac Namee, Brian and O'Connor, Noel E. and Hennessy, Deirdre and O'Connor, Aisling H. and McGuinness, Kevin",
  booktitle="European Grassland Federation Symposium",
  year="2022"
}

@article{2018_NeurIPS_regkernels,
  title="{Semi-supervised deep kernel learning: Regression with unlabeled data by minimizing predictive variance}",
  author="Jean, Neal and Xie, Sang Michael and Ermon, Stefano",
  journal="{Advances in Neural Information Processing Systems (NeurIPS)}",
  year="2018"
}

@inproceedings{2017_AAAI_safepredreg,
  title="{Learning safe prediction for semi-supervised regression}",
  author="Li, Yu-Feng and Zha, Han-Wen and Zhou, Zhi-Hua",
  booktitle="{AAAI Conference on Artificial Intelligence}",
  year="2017"
}

@article{2015_NeurIPS_semifactored,
  title="{Semi-supervised factored logistic regression for high-dimensional neuroimaging data}",
  author="Bzdok, Danilo and Eickenberg, Michael and Grisel, Olivier and Thirion, Bertrand and Varoquaux, Ga{\"e}l",
  journal="{Advances in neural information processing systems (NeurIPS)}",
  year="2015"
}

@article{2021_ASC_semigraphs,
  title="{Semi-supervised regression using diffusion on graphs}",
  author="Timilsina, Mohan and Figueroa, Alejandro and d'Aquin, Mathieu and Yang, Haixuan",
  journal="{Applied Soft Computing}",
  volume={104},
  pages={107188},
  year="2021",
  publisher={Elsevier}
}

@inproceedings{2005_IJCAI_semicotrain,
  title="{Semi-supervised regression with co-training.}",
  author="Zhou, Zhi-Hua and Li, Ming and others",
  booktitle="{International Joint Conference on Artifical Intelligence (IJCAI)}",
  year="2005"
}

@article{2020_Nature_colonunsup,
  title="{HyperKvasir, a comprehensive multi-class image and video dataset for gastrointestinal endoscopy}",
  author="Borgli, Hanna and Thambawita, Vajira and Smedsrud, Pia H and Hicks, Steven and Jha, Debesh and Eskeland, Sigrun L and Randel, Kristin Ranheim and Pogorelov, Konstantin and Lux, Mathias and Nguyen, Duc Tien Dang and others",
  journal="{Scientific data}",
  year="2020"
}

@inproceedings{2019_ICCV_oodpseudounsup,
  title="{Unsupervised out-of-distribution detection by maximum classifier discrepancy}",
  author="Yu, Qing and Aizawa, Kiyoharu",
  booktitle="{IEEE International Conference on Computer Vision (ICCV)}",
  year="2019"
}
@inproceedings{2016_NeurIPS_NPairs,
  title="{Improved deep metric learning with multi-class n-pair loss objective}",
  author="Sohn, Kihyuk",
  booktitle="{Advances in neural information processing systems (NeurIPS)}",
  year="2016"
}
@article{1999_ACM_Optics,
  title={OPTICS: Ordering points to identify the clustering structure},
  author={Ankerst, Mihael and Breunig, Markus M and Kriegel, Hans-Peter and Sander, J{\"o}rg},
  journal={ACM Sigmod record},
  volume={28},
  number={2},
  pages={49--60},
  year=1999,
  publisher={ACM New York, NY, USA}
}
@article{2020_arXiv_SimCLRv2,
  title="{Big self-supervised models are strong semi-supervised learners}",
  author="Chen, Ting and Kornblith, Simon and Swersky, Kevin and Norouzi, Mohammad and Hinton, Geoffrey",
  journal="arXiv: 2006.10029",
  year="2020"
}
@inproceedings{2018_NeurIPS_evidentialloss,
  title="{Evidential deep learning to quantify classification uncertainty}",
  author="Sensoy, Murat and Kaplan, Lance and Kandemir, Melih",
  booktitle="{Advances in Neural Information Processing Systems (NeurIPS)}",
  year="2018"
}

@inproceedings{2021_ICCV_mocov3,
  title="{An empirical study of training self-supervised vision transformers}",
  author="Chen, Xinlei and Xie, Saining and He, Kaiming",
  booktitle="{IEEE/CVF International Conference on Computer Vision (ICCV)}",
  year="2021"
}

@article{2022_JMLR_sololearn,
  author  = "{Victor Guilherme Turrisi da Costa and Enrico Fini and Moin Nabi and Nicu Sebe and Elisa Ricci}",
  title   = "solo-learn: A Library of Self-supervised Methods for Visual Representation Learning",
  journal = "{Journal of Machine Learning Research}",
  year    = "2022",
}
@inproceedings{2019_ICML_disagreementweights,
  title="{How does disagreement help generalization against label corruption?}",
  author="Yu, Xingrui and Han, Bo and Yao, Jiangchao and Niu, Gang and Tsang, Ivor and Sugiyama, Masashi",
  booktitle="{International Conference on Machine Learning (ICML)}",
  year="2019"
}
@inproceedings{2019_ICML_Iterativetrimmed,
  title="{Learning with bad training data via iterative trimmed loss minimization}",
  author="Shen, Yanyao and Sanghavi, Sujay",
  booktitle="{International Conference on Machine Learning (ICML)}",
  year="2019"
}

@inproceedings{2018_ICLR_confidenceKL,
  title="{Training confidence-calibrated classifiers for detecting out-of-distribution samples}",
  author="Lee, Kimin and Lee, Honglak and Lee, Kibok and Shin, Jinwoo",
  booktitle="{International Conference on Learning Representations (ICLR)}",
  year="2018"
}

@inproceedings{2020_NeurIPS_swav,
  title="{Unsupervised learning of visual features by contrasting cluster assignments}",
  author="Caron, Mathilde and Misra, Ishan and Mairal, Julien and Goyal, Priya and Bojanowski, Piotr and Joulin, Armand",
  booktitle="{Advances in Neural Information Processing Systems (NeurIPS)}",
  year="2020"
}

@article{2022_arxiv_dualitynoncontrastive,
  title="{On the duality between contrastive and non-contrastive self-supervised learning}",
  author="Garrido, Quentin and Chen, Yubei and Bardes, Adrien and Najman, Laurent and Lecun, Yann",
  journal="arXiv: 2206.02574",
  year="2022"
}

@article{1943_TBMB_neuralnettheory,
  title="{A logical calculus of the ideas immanent in nervous activity}",
  author="McCulloch, Warren S and Pitts, Walter",
  journal="{The bulletin of mathematical biophysics}",
  year="1943"
}

@article{1960_AJ_originalgradientdecent,
  title="{Gradient theory of optimal flight paths}",
  author="Kelley, Henry J",
  journal="{Ars Journal}",
  year="1960"
}

@incollection{1962_MSE_gradientdecentopti,
  title="{Method of gradients}",
  author="Kelley, Henry J",
  booktitle="{Mathematics in Science and Engineering}",
  year="1962"
}

@incollection{1982_CCNN_neocognitron,
  title="{Neocognitron: A self-organizing neural network model for a mechanism of visual pattern recognition}",
  author="Fukushima, Kunihiko and Miyake, Sei",
  booktitle="{Competition and cooperation in neural nets}",
  year="1982"
}

@article{1989_NC_1stbackpropagationlecun,
  title="{Backpropagation applied to handwritten zip code recognition}",
  author="LeCun, Yann and Boser, Bernhard and Denker, John S and Henderson, Donnie and Howard, Richard E and Hubbard, Wayne and Jackel, Lawrence D",
  journal="{Neural computation}",
  year="1989"
}

@inproceedings{2022_NeurIPS_LAION,
  title="{Laion-400m: Open dataset of clip-filtered 400 million image-text pairs}",
  author="Schuhmann, Christoph and Vencu, Richard and Beaumont, Romain and Kaczmarczyk, Robert and Mullis, Clayton and Katta, Aarush and Coombes, Theo and Jitsev, Jenia and Komatsuzaki, Aran",
  booktitle="{Advances in neural information processing systems (NeurIPS)}",
  year="2022"
}

@inproceedings{2021_ICML_CLIP,
  title="{Learning transferable visual models from natural language supervision}",
  author="Radford, Alec and Kim, Jong Wook and Hallacy, Chris and Ramesh, Aditya and Goh, Gabriel and Agarwal, Sandhini and Sastry, Girish and Askell, Amanda and Mishkin, Pamela and Clark, Jack and others",
  booktitle="{International Conference on Machine Learning (ICML)}",
  year="2021"
}

@article{2020_IPA_computervagrisurvey1,
  title="{Computer vision technology in agricultural automation. A review}",
  author="Tian, Hongkun and Wang, Tianhai and Liu, Yadong and Qiao, Xi and Li, Yanzhou",
  journal="{Information Processing in Agriculture}",
  year="2020"
}

@article{2020_ETMG_computervagrisurvey2,
  title="{A review on agricultural advancement based on computer vision and machine learning}",
  author="Paul, Abriti and Ghosh, Sourav and Das, Amit Kumar and Goswami, Saptarsi and Das Choudhury, Sruti and Sen, Soumya",
  journal="{Emerging technology in modelling and graphics}",
  year="2020"
}

@article{2018_CEA_cropdeaseasefuzztinf,
  title="{An intelligent mobile application for diagnosis of crop diseases in Pakistan using fuzzy inference system}",
  author="Toseef, Muhammad and Khan, Malik Jahan",
  journal="{Computers and Electronics in Agriculture}",
  year="2018"
}

@article{2017_CIN_appleblackrot,
  title="{Automatic image-based plant disease severity estimation using deep learning}",
  author="Wang, Guan and Sun, Yu and Wang, Jianxin",
  journal="{Computational intelligence and neuroscience}",
  year="2017"
}

@article{2018_sensors_sprayinggeneticalgo,
  title="{A mission planning approach for precision farming systems based on multi-objective optimization}",
  author="Zhai, Zhaoyu and Mart{\'\i}nez Ortega, Jos{\'e}-Fern{\'a}n and Lucas Mart{\'\i}nez, N{\'e}stor and Rodr{\'\i}guez-Molina, Jes{\'u}s",
  journal="{Sensors}",
  year="2018"
}

@inproceedings{2019_ICCV_S4l,
  title="{S4l: Self-supervised semi-supervised learning}",
  author="Zhai, Xiaohua and Oliver, Avital and Kolesnikov, Alexander and Beyer, Lucas",
  booktitle="{IEEE/CVF International Conference on Computer Vision (ICCV)}",
  year="2019"
}

@inproceedings{2014_NeurIPS_examplar,
  title="{Discriminative unsupervised feature learning with convolutional neural networks}",
  author="Dosovitskiy, Alexey and Springenberg, Jost Tobias and Riedmiller, Martin and Brox, Thomas",
  booktitle="{Advances in neural information processing systems (NeurIPS)}",
  year="2014"
}

@inproceedings{1998_COLT_SSLCotrain,
  title="{Combining labeled and unlabeled data with co-training}",
  author="Blum, Avrim and Mitchell, Tom",
  booktitle="{Annual Conference on Computational Learning Theory (COLT)}",
  year="1998"
}

@inproceedings{2020_NeurIPS_unlabeledssl,
  title="{Not all unlabeled data are equal: Learning to weight data in semi-supervised learning}",
  author="Ren, Zhongzheng and Yeh, Raymond and Schwing, Alexander",
  booktitle="{Advances in Neural Information Processing Systems (NeurIPS)}",
  year="2020"
}

@inproceedings{2021_ICCV_nnBYOL,
  title="{With a little help from my friends: Nearest-neighbor contrastive learning of visual representations}",
  author="Dwibedi, Debidatta and Aytar, Yusuf and Tompson, Jonathan and Sermanet, Pierre and Zisserman, Andrew",
  booktitle="{IEEE/CVF International Conference on Computer Vision (ICCV)}",
  year="2021"
}

@inproceedings{2022_ICPR_adaptivecl,
  title="{Adaptive Soft Contrastive Learning}",
  author="Feng, Chen and Patras, Ioannis",
  booktitle="{International Conference on Pattern Recognition (ICPR)}",
  year="2022"
}

@inproceedings{2022_CVPR_SelCL,
  title="{Selective-supervised contrastive learning with noisy labels}",
  author="Li, Shikun and Xia, Xiaobo and Ge, Shiming and Liu, Tongliang",
  booktitle="{IEEE/CVF Conference on Computer Vision and Pattern Recognition (CVPR)}",
  year="2022"
}


@inproceedings{2022_ECCV_SNCF,
  title="{Embedding contrastive unsupervised features to cluster in-and out-of-distribution noise in corrupted image datasets}",
  author="Albert, Paul and Arazo, Eric and O’Connor, Noel E and McGuinness, Kevin",
  booktitle="{European Conference on Computer Vision (ECCV)}",
  year="2022"
}

@article{2019_NeurIPS_whenlabelsmoothhelp,
  title="{When does label smoothing help?}",
  author="M{\"u}ller, Rafael and Kornblith, Simon and Hinton, Geoffrey E",
  journal="{Advances in neural information processing systems (NeurIPS)}",
  year="2019"
}

@inproceedings{2023_WACV_PLS,
  title="{Is your noise correction noisy? PLS: Robustness to label noise with two stage detection}",
  author="Albert, Paul and Arazo, Eric and Krishna, Tarun and O’Connor, Noel E and McGuinness, Kevin",
  booktitle="{IEEE/CVF Winter Conference on Applications of Computer Vision (WACV)}",
  year="2023"
}

@article{2023_PR_longremix,
  title="{Longremix: Robust learning with high confidence samples in a noisy label environment}",
  author="Cordeiro, Filipe R and Sachdeva, Ragav and Belagiannis, Vasileios and Reid, Ian and Carneiro, Gustavo",
  journal="{Pattern Recognition}",
  year="2023"
}

@inproceedings{2022_CVPR_NeighborConsistency,
    author    = "Iscen, Ahmet and Valmadre, Jack and Arnab, Anurag and Schmid, Cordelia",
    title     = "{Learning With Neighbor Consistency for Noisy Labels}",
    booktitle = "{Proceedings of the IEEE/CVF Conference on Computer Vision and Pattern Recognition (CVPR)}",
    year      = "2022"
}

@article{2023_PR_scanmix,
  title="{ScanMix: learning from severe label noise via semantic clustering and semi-supervised learning}",
  author="Sachdeva, Ragav and Cordeiro, Filipe Rolim and Belagiannis, Vasileios and Reid, Ian and Carneiro, Gustavo",
  journal="{Pattern Recognition}",
  year="2023"
}

@article{2023_arXiv_MDM,
  title="{Manifold DivideMix: A Semi-Supervised Contrastive Learning Framework for Severe Label Noise}",
  author="Fooladgar, Fahimeh and To, Minh Nguyen Nhat and Mousavi, Parvin and Abolmaesumi, Purang",
  journal="arXiv:2308.06861",
  year="2023"
}

@article{2023_PR_LRM,
  title="{Longremix: Robust learning with high confidence samples in a noisy label environment}",
  author="Cordeiro, Filipe R and Sachdeva, Ragav and Belagiannis, Vasileios and Reid, Ian and Carneiro, Gustavo",
  journal="{Pattern Recognition}",
  year="2023"
}

@inproceedings{2020_CVPRW_randaugment,
  title="{Randaugment: Practical automated data augmentation with a reduced search space}",
  author="Cubuk, Ekin D and Zoph, Barret and Shlens, Jonathon and Le, Quoc V",
  booktitle="{IEEE/CVF Conference on Computer Vision and Pattern Recognition Workshops (CVPRW)}",
  year="{2020}"
}

@inproceedings{2021_IJCAI_TCE,
  title="{Can cross entropy loss be robust to label noise?}",
  author="Feng, Lei and Shu, Senlin and Lin, Zhuoyi and Lv, Fengmao and Li, Li and An, Bo",
  booktitle="{International Joint Conferences on Artificial Intelligence (IJCAI)}",
  year="2021"
}

@inproceedings{2023_ICCV_rankmatch,
  title="{RankMatch: Fostering Confidence and Consistency in Learning with Noisy Labels}",
  author="Zhang, Ziyi and Chen, Weikai and Fang, Chaowei and Li, Zhen and Chen, Lechao and Lin, Liang and Li, Guanbin",
  booktitle="{IEEE/CVF International Conference on Computer Vision (ICCV)}",  
  year="2023"
}

@inproceedings{2021_ICLR_featurenoise,
  title="{Learning with feature-dependent label noise: A progressive approach}",
  author="Zhang, Yikai and Zheng, Songzhu and Wu, Pengxiang and Goswami, Mayank and Chen, Chao",
  booktitle="{International Conference on Learning Representations (ICLR)}",
  year="2021"
}

@inproceedings{2021_ICLR_logitadjustment,
  title="{Long-tail learning via logit adjustment}",
  author="Menon, Aditya Krishna and Jayasumana, Sadeep and Rawat, Ankit Singh and Jain, Himanshu and Veit, Andreas and Kumar, Sanjiv",
  booktitle="{International Conference on Learning Representations (ICLR)}",
  year="2021"
}

@inproceedings{2016_ECCV_preactresnet,
  title="{Identity mappings in deep residual networks}",
  author="He, Kaiming and Zhang, Xiangyu and Ren, Shaoqing and Sun, Jian",
  booktitle="{European Conference on Computer Vision (ECCV)}",
  year="2016"
}
@inproceedings{2022_WACV_C2D,
  title="{Contrast to divide: Self-supervised pre-training for learning with noisy labels}",
  author="Zheltonozhskii, Evgenii and Baskin, Chaim and Mendelson, Avi and Bronstein, Alex M and Litany, Or",
  booktitle="{IEEE/CVF Winter Conference on Applications of Computer Vision (WACV)}",
  year="2022"
}

@inproceedings{2023_ICCV_LCI,
  title="{Sample-wise Label Confidence Incorporation for Learning with Noisy Labels}",
  author="Ahn, Chanho and Kim, Kikyung and Baek, Ji-won and Lim, Jongin and Han, Seungju",
  booktitle="{Proceedings of the IEEE/CVF International Conference on Computer Vision}",
  year="2023"
}

@article{2024_arxiv_Fly,
  title="{Learning with Noisy Labels: Interconnection of Two Expectation-Maximizations}",
  author="Kim, Heewon and Chang, Hyun Sung and Cho, Kiho and Lee, Jaeyun and Han, Bohyung",
  journal="arXiv: 2401.04390",
  year="2024"
}


@inproceedings{2023_CVPR_TCL,
  title="{Twin contrastive learning with noisy labels}",
  author="Huang, Zhizhong and Zhang, Junping and Shan, Hongming",
  booktitle="{IEEE/CVF Conference on Computer Vision and Pattern Recognition (CVPR)}",
  year="2023"
}

@inproceedings{2023_CVPR_openclip,
  title="{Reproducible scaling laws for contrastive language-image learning}",
  author="Cherti, Mehdi and Beaumont, Romain and Wightman, Ross and Wortsman, Mitchell and Ilharco, Gabriel and Gordon, Cade and Schuhmann, Christoph and Schmidt, Ludwig and Jitsev, Jenia",
  booktitle="{IEEE/CVF Conference on Computer Vision and Pattern Recognition (CVPR)}",
  year="2023"
}

@inproceedings{2023_IJCAI_promix,
  title="{Promix: Combating label noise via maximizing clean sample utility}",
  author="Wang, Haobo and Xiao, Ruixuan and Dong, Yiwen and Feng, Lei and Zhao, Junbo",
  booktitle="International Joint Conference on Artificial Intelligence (IJCAI)",
  year="2023"
}


@inproceedings{2022_ICLR_CIFARN,
  title="{Learning with Noisy Labels Revisited: A Study Using Real-World Human Annotations}",
  author="Jiaheng Wei and Zhaowei Zhu and Hao Cheng and Tongliang Liu and Gang Niu and Yang Liu",
  booktitle="{International Conference on Learning Representations (ICLR)}",
  year="2023"
}

@inproceedings{2001_SIFKDD_sparserandom,
  title="{Random projection in dimensionality reduction: applications to image and text data}",
  author="Bingham, Ella and Mannila, Heikki",
  booktitle="{International Conference on Knowledge Discovery and Data mining (ACM SIGKDD)}",
  year="2001"
}

@article{1984_JLlemma,
  title="{Extensions of lipschitz maps into a hilbert space}",
  author="Lindenstrauss, W Johnson J and Johnson, J",
  journal={Contemp. Math},
  year="1984"
}

@inproceedings{2022_ICLR_lora,
  title="{Lo{RA}: Low-Rank Adaptation of Large Language Models}",
  author="Edward J Hu and Yelong Shen and Phillip Wallis and Zeyuan Allen-Zhu and Yuanzhi Li and Shean Wang and Lu Wang and Weizhu Chen",
  booktitle="{International Conference on Learning Representations (ICLR)}",
  year="2022",
}

@inproceedings{2024_ICLR_NoLA,
  title="{NOLA: Compressing LoRA using Linear Combination of Random Basis}",
  author="Koohpayegani, Soroush Abbasi and Navaneet, KL and Nooralinejad, Parsa and Kolouri, Soheil and Pirsiavash, Hamed",
  booktitle="{International Conference on Learning Representations (ICLR)}",
  year="2024"
}

@inproceedings{2024_ICLR_VeRA,
  title="{Vera: Vector-based random matrix adaptation}",
  author="Kopiczko, Dawid Jan and Blankevoort, Tijmen and Asano, Yuki Markus",
  booktitle="{International Conference on Learning Representations (ICLR)}",
  year="2024"
}

@article{2024_llama,
  title="{The llama 3 herd of models}",
  author="Dubey, Abhimanyu and Jauhri, Abhinav and Pandey, Abhinav and Kadian, Abhishek and Al-Dahle, Ahmad and Letman, Aiesha and Mathur, Akhil and Schelten, Alan and Yang, Amy and Fan, Angela and others",
  journal={arXiv preprint arXiv:2407.21783},
  year="2024"
}

@article{2024_arxiv_autolora,
  title="{AutoLoRA: Automatically Tuning Matrix Ranks in Low-Rank Adaptation Based on Meta Learning}",
  author="Zhang, Ruiyi and Qiang, Rushi and Somayajula, Sai Ashish and Xie, Pengtao",
  journal={arXiv preprint arXiv:2403.09113},
  year="2024"
}

@inproceedings{2024_ICML_DoRA,
  title="{Dora: Weight-decomposed low-rank adaptation}",
  author="Liu, Shih-Yang and Wang, Chien-Yi and Yin, Hongxu and Molchanov, Pavlo and Wang, Yu-Chiang Frank and Cheng, Kwang-Ting and Chen, Min-Hung",
  booktitle="{International Conference on Machine Learning (ICML)}",
  year="2024"
}

@inproceedings{2023_ICLR_AdaLoRA,
  title="{AdaLoRA: Adaptive budget allocation for parameter-efficient fine-tuning}",
  author="Zhang, Qingru and Chen, Minshuo and Bukharin, Alexander and Karampatziakis, Nikos and He, Pengcheng and Cheng, Yu and Chen, Weizhu and Zhao, Tuo",
  booktitle="{International Conference on Learning Representations (ICLR)}",
  year="2023"
}

@inproceedings{2023_ICCV_PRANC,
  title="{Pranc: Pseudo random networks for compacting deep models}",
  author="Nooralinejad, Parsa and Abbasi, Ali and Koohpayegani, Soroush Abbasi and Meibodi, Kossar Pourahmadi and Khan, Rana Muhammad Shahroz and Kolouri, Soheil and Pirsiavash, Hamed",
  booktitle="{IEEE/CVF International Conference on Computer Vision (ICCV)}",
  year="2023"
}

@article{2024_arXiv_Qwen2,
  title="{Qwen2 technical report}",
  author="Yang, An and Yang, Baosong and Hui, Binyuan and Zheng, Bo and Yu, Bowen and Zhou, Chang and Li, Chengpeng and Li, Chengyuan and Liu, Dayiheng and Huang, Fei and others",
  journal={arXiv preprint arXiv:2407.10671},
  year="2024"
}

@article{2024_arXiv_Phi3,
  title="{Phi-3 technical report: A highly capable language model locally on your phone}",
  author="Abdin, Marah and Jacobs, Sam Ade and Awan, Ammar Ahmad and Aneja, Jyoti and Awadallah, Ahmed and Awadalla, Hany and Bach, Nguyen and Bahree, Amit and Bakhtiari, Arash and Behl, Harkirat and others",
  journal={arXiv preprint arXiv:2404.14219},
  year="2024"
}

@misc{2023_arXiv_dinov2,
  title="{DINOv2: Learning Robust Visual Features without Supervision}",
  author="Oquab, Maxime and Darcet, Timothée and Moutakanni, Theo and Vo, Huy V. and Szafraniec, Marc and Khalidov, Vasil and Fernandez, Pierre and Haziza, Daniel and Massa, Francisco and El-Nouby, Alaaeldin and Howes, Russell and Huang, Po-Yao and Xu, Hu and Sharma, Vasu and Li, Shang-Wen and Galuba, Wojciech and Rabbat, Mike and Assran, Mido and Ballas, Nicolas and Synnaeve, Gabriel and Misra, Ishan and Jegou, Herve and Mairal, Julien and Labatut, Patrick and Joulin, Armand and Bojanowski, Piotr",
  journal={arXiv:2304.07193},
  year="2023"
}

@inproceedings{2019_ICML_CKA,
  title="{Similarity of neural network representations revisited}",
  author="Kornblith, Simon and Norouzi, Mohammad and Lee, Honglak and Hinton, Geoffrey",
  booktitle=" {International Conference on Machine Learning (ICML)}",
  year="2019"
}

@article{2023_arXiv_llmadapters,
  title="{Llm-adapters: An adapter family for parameter-efficient fine-tuning of large language models}",
  author="Hu, Zhiqiang and Wang, Lei and Lan, Yihuai and Xu, Wanyu and Lim, Ee-Peng and Bing, Lidong and Xu, Xing and Poria, Soujanya and Lee, Roy Ka-Wei",
  journal={arXiv preprint arXiv:2304.01933},
  year="2023"
}

@article{2019_arXiv_boolq,
  title="{BoolQ: Exploring the surprising difficulty of natural yes/no questions}",
  author="Clark, Christopher and Lee, Kenton and Chang, Ming-Wei and Kwiatkowski, Tom and Collins, Michael and Toutanova, Kristina",
  journal={arXiv preprint arXiv:1905.10044},
  year="2019"
}

@inproceedings{2020_AAAI_piqa,
  title="{Piqa: Reasoning about physical commonsense in natural language}",
  author="Bisk, Yonatan and Zellers, Rowan and Gao, Jianfeng and Choi, Yejin and others",
  booktitle="{Proceedings of the AAAI conference on Artificial Intelligence (AAAI)}",
  year="2020"
}

@article{2019_arXiv_siqa,
  title="{Socialiqa: Commonsense reasoning about social interactions}",
  author="Sap, Maarten and Rashkin, Hannah and Chen, Derek and LeBras, Ronan and Choi, Yejin",
  journal={arXiv preprint arXiv:1904.09728},
  year="2019"
}

@article{2021_arXiv_winogrande,
  title="{Winogrande: An adversarial winograd schema challenge at scale}",
  author="Sakaguchi, Keisuke and Bras, Ronan Le and Bhagavatula, Chandra and Choi, Yejin",
  journal="{Communications of the ACM}",
  year="2021"
}

@article{2018_arXiv_ARC,
  title="{Think you have solved question answering? try arc, the ai2 reasoning challenge}",
  author="Clark, Peter and Cowhey, Isaac and Etzioni, Oren and Khot, Tushar and Sabharwal, Ashish and Schoenick, Carissa and Tafjord, Oyvind",
  journal={arXiv preprint arXiv:1803.05457},
  year="2018"
}

@article{2019_arXiv_hellaswag,
  title="{Hellaswag: Can a machine really finish your sentence?}",
  author="Zellers, Rowan and Holtzman, Ari and Bisk, Yonatan and Farhadi, Ali and Choi, Yejin",
  journal={arXiv preprint arXiv:1905.07830},
  year="2019"
}

@article{2018_arXiv_OBQA,
  title="{Can a suit of armor conduct electricity? a new dataset for open book question answering}",
  author="Mihaylov, Todor and Clark, Peter and Khot, Tushar and Sabharwal, Ashish",
  journal={arXiv preprint arXiv:1809.02789},
  year="2018"
}

@inproceedings{2024_NeurIPS_atlas,
  title="{Knowledge Composition using Task Vectors with Learned Anisotropic Scaling}",
  author="Zhang, Frederic Z and Albert, Paul and Rodriguez-Opazo, Cristian and Hengel, Anton van den and Abbasnejad, Ehsan",
  booktitle="{Advances in Neural Information Processing Systems (NeurIPS)}",
  year="2024"
}

@book{bisgard2020analysis,
  title={Analysis and linear algebra: the singular value decomposition and applications},
  author={Bisgard, James},
  volume={94},
  year={2020},
  publisher={American Mathematical Soc.}
}

@inproceedings{intrinsic_iclr_2018,
    author      = {Li, Chunyuan and Farkhoor, Heerad and Liu, Rosanne and Yosinski, Jason},
    title       = {Measuring the Instrinsic Dimension of Objective Landscapes},
    booktitle   = ICLR,
    year        = {2018},
    address     = {Vancouver, Canada},
    month       = {30 Apr--3 May},
    url         = {https://openreview.net/pdf?id=ryup8-WCW}
}

@inproceedings{instrinsic_dimensionality_2021,
    title       = {Intrinsic Dimensionality Explains the Effectiveness of Language Model Fine-Tuning},
    author      = {Aghajanyan, Armen  and Gupta, Sonal  and Zettlemoyer, Luke},
    booktitle   = {Proceedings of the 59th Annual Meeting of the Association for Computational Linguistics and the 11th International Joint Conference on Natural Language Processing},
    month       = {Aug},
    year        = {2021},
    publisher   = {Association for Computational Linguistics},
    url         = {https://aclanthology.org/2021.acl-long.568},
    pages       = {7319--7328},
}

@inproceedings{2024_ICML_FloRA,
  title="{Flora: Low-Rank Adapters Are Secretly Gradient Compressors}",
  author="Hao, Yongchang and Cao, Yanshuai and Mou, Lili",
  booktitle="International Conference on Machine Learning (ICML)",
  year="2024"
}

@inproceedings{2024_ICMLW_SVFT,
  title="{SVFT: Parameter-Efficient Fine-Tuning with Singular Vectors}",
  author="Lingam, Vijay and Tejaswi, Atula and Vavre, Aditya and Shetty, Aneesh and Gudur, Gautham Krishna and Ghosh, Joydeep and Dimakis, Alex and Choi, Eunsol and Bojchevski, Aleksandar and Sanghavi, Sujay",
  booktitle="International Conference on Machine Learning Workshops (ICMLW)",
  year="2024"
}

@inproceedings{2024_NeurIPS_HydraLoRA,
  title="{HydraLoRA: An Asymmetric LoRA Architecture for Efficient Fine-Tuning}",
  author="Tian, Chunlin and Shi, Zhan and Guo, Zhijiang and Li, Li and Xu, Chengzhong",
  booktitle="{Advances in Neural Information Processing Systems (NeurIPS)}",
  year={2024}
}

@article{2024_NeurIPS_Pissa,
  title="{Pissa: Principal singular values and singular vectors adaptation of large language models}",
  author="Meng, Fanxu and Wang, Zhaohui and Zhang, Muhan",
  journal="{Advances in Neural Information Processing Systems (NeurIPS)}",
  year={2024}
}

@article{2024_loraxs,
  title={LoRA-XS: Low-Rank Adaptation with Extremely Small Number of Parameters},
  author={Ba{\l}azy, Klaudia and Banaei, Mohammadreza and Aberer, Karl and Tabor, Jacek},
  journal={arXiv preprint arXiv:2405.17604},
  year={2024}
}

@article{2022_IJCV_CoOP,
  title="{Learning to prompt for vision-language models}",
  author="Zhou, Kaiyang and Yang, Jingkang and Loy, Chen Change and Liu, Ziwei",
  journal="{International Journal of Computer Vision}",
  year="2022"
}

@inproceedings{2022_CVPR_CoCoOP,
  title="{Conditional prompt learning for vision-language models}",
  author="Zhou, Kaiyang and Yang, Jingkang and Loy, Chen Change and Liu, Ziwei",
  booktitle="{IEEE/CVF Conference on Computer Vision and Pattern Recognition (CVPR)}",
  year="2022"
}

@inproceedings{2024_CVPR_DEPT,
  title="{Dept: Decoupled prompt tuning}",
  author="Zhang, Ji and Wu, Shihan and Gao, Lianli and Shen, Heng Tao and Song, Jingkuan",
  booktitle="{IEEE/CVF Conference on Computer Vision and Pattern Recognition (CVPR)}",
  year="2024"
}

@inproceedings{2023_CVPR_PromptSRC,
  title="{Self-regulating prompts: Foundational model adaptation without forgetting}",
  author="Khattak, Muhammad Uzair and Wasim, Syed Talal and Naseer, Muzammal and Khan, Salman and Yang, Ming-Hsuan and Khan, Fahad Shahbaz",
  booktitle="{IEEE/CVF International Conference on Computer Vision (ICCV)}",
  year="2023"
}

@article{2024_arxiv_peftsurvey,
  title="{Parameter-efficient fine-tuning for large models: A comprehensive survey}",
  author="Han, Zeyu and Gao, Chao and Liu, Jinyang and Zhang, Jeff and Zhang, Sai Qian",
  journal="{arXiv preprint arXiv:2403.14608}",
  year="2024"
}

@inproceedings{2024_CVPR_promptvslora,
  title="{Low-Rank Few-Shot Adaptation of Vision-Language Models}",
  author="Zanella, Maxime and Ben Ayed, Ismail",
  booktitle="{IEEE/CVF Conference on Computer Vision and Pattern Recognition (CVPR)}",
  year="2024"
}

@inproceedings{2006_ACM_verysparse,
  title="{Very sparse random projections}",
  author="Li, Ping and Hastie, Trevor J and Church, Kenneth W",
  booktitle="{ACM SIGKDD international conference on Knowledge discovery and data mining}",
  year="2006"
}

@article{2024_arxiv_matmulfree,
  title="{Scalable MatMul-free Language Modeling}",
  author="Zhu, Rui-Jie and Zhang, Yu and Sifferman, Ethan and Sheaves, Tyler and Wang, Yiqiao and Richmond, Dustin and Zhou, Peng and Eshraghian, Jason K",
  journal="{arXiv preprint arXiv:2406.02528}",
  year="2024"
}

@inproceedings{2017_ACL_e2e,
  title="{The E2E dataset: New challenges for end-to-end generation}",
  author="Novikova, Jekaterina and Du{\v{s}}ek, Ond{\v{r}}ej and Rieser, Verena",
  booktitle="{Proceedings of the 18th Annual SIGdial Meeting on Discourse and Dialogue}",
  year="2017"
}

@inproceedings{2019_ICLR_glue,
  title="{GLUE: multi-task benchmark and analysis platform for natural language understanding.}",
  author="Wang, Alex and Singh, Amanpreet and Michael, Julian and Hill, Felix and Levy, Omer and Bowman, Samuel R.",
  booktitle="{International Conference on Learning Representations (ICLR)}",
  year="2019"
}

@article{2019_arxiv_roberta,
  title="{RoBERTa: A robustly optimized BERT pretraining approach}",
  author="Liu, Y and Ott, M and Goyal, N and Du, J and Joshi, M and Chen, D and Levy, O and Lewis, M and Zettlemoyer, L and Stoyanov, V",
  journal="{arXiv:1907.11692}",
  year="2019"
}

@article{2019_blog_gpt2,
  title="{Language models are unsupervised multitask learners}",
  author="Radford, Alec and Wu, Jeffrey and Child, Rewon and Luan, David and Amodei, Dario and Sutskever, Ilya and others",
  journal="{OpenAI blog}",
  year="2019"
}

@inproceedings{2023_CVPR_maple,
  title="{Maple: Multi-modal prompt learning}",
  author="Khattak, Muhammad Uzair and Rasheed, Hanoona and Maaz, Muhammad and Khan, Salman and Khan, Fahad Shahbaz",
  booktitle="{IEEE/CVF Conference on Computer Vision and Pattern Recognition (CVPR)}",
  year="2023"
}
