@article{A1,
  title={Masked visual pre-training for motor control},
  author={Xiao, Tete and Radosavovic, Ilija and Darrell, Trevor and Malik, Jitendra},
  journal={arXiv preprint arXiv:2203.06173},
  year={2022}
}

@article{A14,
  title={A survey on multimodal large language models},
  author={Yin, Shukang and Fu, Chaoyou and Zhao, Sirui and Li, Ke and Sun, Xing and Xu, Tong and Chen, Enhong},
  journal={arXiv preprint arXiv:2306.13549},
  year={2023}
}

@article{A14-2,
  title={Foundation models in robotics: Applications, challenges, and the future},
  author={Firoozi, Roya and Tucker, Johnathan and Tian, Stephen and Majumdar, Anirudha and Sun, Jiankai and Liu, Weiyu and Zhu, Yuke and Song, Shuran and Kapoor, Ashish and Hausman, Karol and others},
  journal={arXiv preprint arXiv:2312.07843},
  year={2023}
}

@article{A15,
  title={Visual instruction tuning},
  author={Liu, Haotian and Li, Chunyuan and Wu, Qingyang and Lee, Yong Jae},
  journal={Advances in neural information processing systems},
  volume={36},
  year={2024}
}

@inproceedings{A16,
  title={Blip-2: Bootstrapping language-image pre-training with frozen image encoders and large language models},
  author={Li, Junnan and Li, Dongxu and Savarese, Silvio and Hoi, Steven},
  booktitle={International conference on machine learning},
  pages={19730--19742},
  year={2023},
  organization={PMLR}
}

@article{A17,
  title={Flamingo: a visual language model for few-shot learning},
  author={Alayrac, Jean-Baptiste and Donahue, Jeff and Luc, Pauline and Miech, Antoine and Barr, Iain and Hasson, Yana and Lenc, Karel and Mensch, Arthur and Millican, Katherine and Reynolds, Malcolm and others},
  journal={Advances in neural information processing systems},
  volume={35},
  pages={23716--23736},
  year={2022}
}

@inproceedings{A2,
  title={Masked autoencoders are scalable vision learners},
  author={He, Kaiming and Chen, Xinlei and Xie, Saining and Li, Yanghao and Doll{\'a}r, Piotr and Girshick, Ross},
  booktitle={Proceedings of the IEEE/CVF conference on computer vision and pattern recognition},
  pages={16000--16009},
  year={2022}
}

@article{A22,
  title={Llama-adapter: Efficient fine-tuning of language models with zero-init attention},
  author={Zhang, Renrui and Han, Jiaming and Liu, Chris and Gao, Peng and Zhou, Aojun and Hu, Xiangfei and Yan, Shilin and Lu, Pan and Li, Hongsheng and Qiao, Yu},
  journal={arXiv preprint arXiv:2303.16199},
  year={2023}
}

@article{A28,
  title={Energy-based imitation learning},
  author={Liu, Minghuan and He, Tairan and Xu, Minkai and Zhang, Weinan},
  journal={arXiv preprint arXiv:2004.09395},
  year={2020}
}

@article{A29,
  title={Diffusion policy: Visuomotor policy learning via action diffusion},
  author={Chi, Cheng and Feng, Siyuan and Du, Yilun and Xu, Zhenjia and Cousineau, Eric and Burchfiel, Benjamin and Song, Shuran},
  journal={arXiv preprint arXiv:2303.04137},
  year={2023}
}

@inproceedings{A3,
  title={Real-world robot learning with masked visual pre-training},
  author={Radosavovic, Ilija and Xiao, Tete and James, Stephen and Abbeel, Pieter and Malik, Jitendra and Darrell, Trevor},
  booktitle={Conference on Robot Learning},
  pages={416--426},
  year={2023},
  organization={PMLR}
}

@article{A4,
  title={See, hear, and feel: Smart sensory fusion for robotic manipulation},
  author={Li, Hao and Zhang, Yizhi and Zhu, Junzhe and Wang, Shaoxiong and Lee, Michelle A and Xu, Huazhe and Adelson, Edward and Fei-Fei, Li and Gao, Ruohan and Wu, Jiajun},
  journal={arXiv preprint arXiv:2212.03858},
  year={2022}
}

@inproceedings{A6,
  title={Cliport: What and where pathways for robotic manipulation},
  author={Shridhar, Mohit and Manuelli, Lucas and Fox, Dieter},
  booktitle={Conference on robot learning},
  pages={894--906},
  year={2022},
  organization={PMLR}
}

