@inproceedings{crawford-kr96,
  author       = {James M. Crawford and
                  Matthew L. Ginsberg and
                  Eugene M. Luks and
                  Amitabha Roy},
  opteditor       = {Luigia Carlucci Aiello and
                  Jon Doyle and
                  Stuart C. Shapiro},
  title        = {Symmetry-Breaking Predicates for Search Problems},
  booktitle    = {Proceedings of the Fifth International Conference on Principles of
                  Knowledge Representation and Reasoning (KR'96), Cambridge, Massachusetts,
                  USA, November 5-8, 1996},
  pages        = {148--159},
  publisher    = {Morgan Kaufmann},
  year         = {1996},
  timestamp    = {Tue, 26 Dec 2017 18:09:59 +0100},
  biburl       = {https://dblp.org/rec/conf/kr/CrawfordGLR96.bib},
  bibsource    = {dblp computer science bibliography, https://dblp.org},
  note = {\url{https://ix.cs.uoregon.edu/%7Eluks/symmetrybreaking.pdf}}
}

@inproceedings{humus,
  author       = {Alexander N{\"{o}}hrer and
                  Armin Biere and
                  Alexander Egyed},
  opteditor       = {Ulrich W. Eisenecker and
                  Sven Apel and
                  Stefania Gnesi},
  title        = {Managing {SAT} inconsistencies with {HUMUS}},
  booktitle    = {Sixth International Workshop on Variability Modelling of Software-Intensive
                  Systems},
  pages        = {83--91},
  publisher    = {{ACM}},
  year         = {2012},
  url          = {https://doi.org/10.1145/2110147.2110157},
  doi          = {10.1145/2110147.2110157},
  timestamp    = {Mon, 16 Sep 2019 15:27:21 +0200},
  biburl       = {https://dblp.org/rec/conf/vamos/NohrerBE12.bib},
  bibsource    = {dblp computer science bibliography, https://dblp.org}
}


@inproceedings{AudemardB02,
  author       = {Gilles Audemard and
                  Belaid Benhamou},
  editor       = {Andrei Voronkov},
  title        = {Reasoning by Symmetry and Function Ordering in Finite Model Generation},
  booktitle    = {Automated Deduction - CADE-18, 18th International Conference on Automated Deduction},
  series       = {Lecture Notes in Computer Science},
  volume       = {2392},
  pages        = {226--240},
  publisher    = {Springer},
  year         = {2002},
  url          = {https://doi.org/10.1007/3-540-45620-1\_19},
  doi          = {10.1007/3-540-45620-1\_19},
  timestamp    = {Tue, 14 May 2019 10:00:39 +0200},
  biburl       = {https://dblp.org/rec/conf/cade/AudemardB02.bib},
  bibsource    = {dblp computer science bibliography, https://dblp.org}
}


@inproceedings{monotone,
  author       = {Jo{\~{a}}o Marques{-}Silva and
                  Mikol{\'{a}}\v{s} Janota and
                  Anton Belov},
  editor       = {Natasha Sharygina and
                  Helmut Veith},
  title        = {Minimal Sets over Monotone Predicates in Boolean Formulae},
  booktitle    = {Computer Aided Verification - 25th International Conference, {CAV}},
  series       = {Lecture Notes in Computer Science},
  volume       = {8044},
  pages        = {592--607},
  publisher    = {Springer},
  year         = {2013},
  url          = {https://doi.org/10.1007/978-3-642-39799-8\_39},
  doi          = {10.1007/978-3-642-39799-8\_39},
  timestamp    = {Wed, 07 Dec 2022 23:12:58 +0100},
  biburl       = {https://dblp.org/rec/conf/cav/Marques-SilvaJB13.bib},
  bibsource    = {dblp computer science bibliography, https://dblp.org}
}

@inproceedings{orderly,
  author       = {Zhengyu Li and
                  Curtis Bright and
                  Vijay Ganesh},
  editor       = {Michael J. Wooldridge and
                  Jennifer G. Dy and
                  Sriraam Natarajan},
  title        = {A {SAT} Solver and Computer Algebra Attack on the Minimum {Kochen-Specker}
                  Problem (Student Abstract)},
  booktitle    = {Thirty-Eighth {AAAI} Conference on Artificial Intelligence, {AAAI}},
  pages        = {23559--23560},
  publisher    = {{AAAI} Press},
  year         = {2024},
  url          = {https://doi.org/10.1609/aaai.v38i21.30472},
  doi          = {10.1609/AAAI.V38I21.30472},
  timestamp    = {Mon, 01 Jul 2024 10:37:51 +0200},
  biburl       = {https://dblp.org/rec/conf/aaai/0002BG24.bib},
  bibsource    = {dblp computer science bibliography, https://dblp.org}
}

@inproceedings{codish-aaai20,
  author       = {Avraham Itzhakov and
                  Michael Codish},
  title        = {Incremental Symmetry Breaking Constraints for Graph Search Problems},
  booktitle    = {The Thirty-Fourth {AAAI} Conference on Artificial Intelligence, {AAAI}
                  2020, The Thirty-Second Innovative Applications of Artificial Intelligence
                  Conference, {IAAI} 2020, The Tenth {AAAI} Symposium on Educational
                  Advances in Artificial Intelligence, {EAAI}},
  pages        = {1536--1543},
  publisher    = {{AAAI} Press},
  year         = {2020},
  url          = {https://ojs.aaai.org/index.php/AAAI/article/view/5513},
  timestamp    = {Mon, 07 Mar 2022 16:57:51 +0100},
  biburl       = {https://dblp.org/rec/conf/aaai/ItzhakovC20.bib},
  bibsource    = {dblp computer science bibliography, https://dblp.org}
}

@article{Codish2018,
  doi = {10.1007/s10601-018-9294-5},
  url = {https://doi.org/10.1007/s10601-018-9294-5},
  year = {2018},
  month = aug,
  publisher = {Springer Science and Business Media {LLC}},
  volume = {24},
  number = {1},
  pages = {1--24},
  author = {Michael Codish and Alice Miller and Patrick Prosser and Peter J. Stuckey},
  title = {Constraints for symmetry breaking in graph representation},
  journal = {Constraints}
}

@misc{smallsemi,
  title = {Smallsemi - A library of small semigroups Version 0.6.13},
	author = {Andreas Distler and James Mitchell},
  year = 2022,
  note =             {GAP package},
  howpublished = {\url{https://www.gap-system.org/Packages/smallsemi.html}}
}

@inproceedings{Williamson,
  author       = {Curtis Bright and
                  Ilias S. Kotsireas and
                  Vijay Ganesh},
  editor       = {Sheila A. McIlraith and
                  Kilian Q. Weinberger},
  title        = {A {SAT+CAS} Method for Enumerating {Williamson} Matrices of Even Order},
  booktitle    = {Proceedings of the Thirty-Second {AAAI} Conference on Artificial Intelligence,
                  (AAAI-18), the 30th innovative Applications of Artificial Intelligence
                  (IAAI-18), and the 8th {AAAI} Symposium on Educational Advances in
                  Artificial Intelligence (EAAI-18)},
  optpages        = {6573--6580},
  optpublisher    = {{AAAI} Press},
  year         = {2018},
  url          = {https://doi.org/10.1609/aaai.v32i1.12203},
  doi          = {10.1609/AAAI.V32I1.12203},
  timestamp    = {Mon, 01 Jul 2024 10:37:51 +0200},
  biburl       = {https://dblp.org/rec/conf/aaai/BrightKG18.bib},
  bibsource    = {dblp computer science bibliography, https://dblp.org}
}

@inproceedings{blanchette-lpar10,
  author    = {Jasmin Christian Blanchette},
  editor    = {Andrei Voronkov and
               Geoff Sutcliffe and
               Matthias Baaz and
               Christian G. Ferm{\"{u}}ller},
  title     = {Nitpick: {A} Counterexample Generator for {Isabelle/HOL} Based on the
               Relational Model Finder {Kodkod}},
  booktitle = {Short papers for 17th International Conference on Logic for Programming,
               Artificial intelligence, and Reasoning, LPAR-17-short},
  series    = {EPiC Series in Computing},
  volume    = {13},
  pages     = {20--25},
  publisher = {EasyChair},
  year      = {2010},
  url       = {https://doi.org/10.29007/6shf},
  doi       = {10.29007/6shf},
  timestamp = {Sun, 15 Aug 2021 00:16:53 +0200},
  biburl    = {https://dblp.org/rec/conf/lpar/Blanchette10.bib},
  bibsource = {dblp computer science bibliography, https://dblp.org}
}


@manual{GAP4,
  key          = {GAP4},
  organization = {The GAP Group},
  title        = {{GAP} -- Groups, Algorithms, and Programming, Version 4.11.1},
  year         = {2021},
  url          = {https://www.gap-system.org}
}

@article{besche-ijac02,
  author    = {Hans Ulrich Besche and
               Bettina Eick and
               Eamonn A. O'Brien},
  title     = {A Millennium Project: Constructing Small Groups},
  journal   = {Int. J. Algebra Comput.},
  volume    = {12},
  number    = {5},
  pages     = {623--644},
  year      = {2002},
  url       = {https://doi.org/10.1142/S0218196702001115},
  doi       = {10.1142/S0218196702001115},
  timestamp = {Tue, 25 Aug 2020 16:44:01 +0200},
  biburl    = {https://dblp.org/rec/journals/ijac/BescheEO02.bib},
  bibsource = {dblp computer science bibliography, https://dblp.org}
}

@misc{loops3.4.1,
	author =           {G\'abor Nagy and Petr Vojt{\v e}chovsk{\'y}},
	title =            {{LOOPS}, Computing with quasigroups and loops in {GAP}, {V}ersion 3.4.1},
	month =            {Nov},
	year =             {2018},
	note =             {Refereed GAP package},
	howpublished =     {\url{https://gap-packages.github.io/loops/}}
}

@incollection{sakallah21,
  author    = {Karem A. Sakallah},
  editor    = {Armin Biere and
               Marijn Heule and
               Hans van Maaren and
               Toby Walsh},
  title     = {Symmetry and Satisfiability},
  booktitle = {Handbook of Satisfiability - Second Edition},
  series    = {Frontiers in Artificial Intelligence and Applications},
  volume    = {336},
  pages     = {509--570},
  publisher = {{IOS} Press},
  year      = {2021},
  url       = {https://doi.org/10.3233/FAIA200996},
  doi       = {10.3233/FAIA200996},
  timestamp = {Fri, 06 May 2022 08:06:04 +0200},
  biburl    = {https://dblp.org/rec/series/faia/Sakallah21.bib},
  bibsource = {dblp computer science bibliography, https://dblp.org}
}

@book{cp-handbook,
  title     = "Handbook of constraint programming",
  editor    = "Peter, Van Beek and Rossi, Francesca and Van Beek, Peter and
               Walsh, Toby",
  publisher = "Elsevier Science \& Technology",
  series    = "Foundations of Artificial Intelligence",
  month     =  may,
  year      =  2014,
  language  = "en"
}

@article{heule-mcs19,
  author    = {Marijn J. H. Heule},
  title     = {Optimal Symmetry Breaking for Graph Problems},
  journal   = {Math. Comput. Sci.},
  volume    = {13},
  number    = {4},
  pages     = {533--548},
  year      = {2019},
  url       = {https://doi.org/10.1007/s11786-019-00397-5},
  doi       = {10.1007/s11786-019-00397-5},
  timestamp = {Wed, 12 Aug 2020 10:36:18 +0200},
  biburl    = {https://dblp.org/rec/journals/mics/Heule19.bib},
  bibsource = {dblp computer science bibliography, https://dblp.org}
}

@article{bright-cacm22,
  author    = {Curtis Bright and
               Ilias S. Kotsireas and
               Vijay Ganesh},
  title     = {When satisfiability solving meets symbolic computation},
  journal   = {Commun. {ACM}},
  volume    = {65},
  number    = {7},
  pages     = {64--72},
  year      = {2022},
  url       = {https://doi.org/10.1145/3500921},
  doi       = {10.1145/3500921},
  timestamp = {Thu, 30 Jun 2022 16:57:46 +0200},
  biburl    = {https://dblp.org/rec/journals/cacm/BrightKG22.bib},
  bibsource = {dblp computer science bibliography, https://dblp.org}
}

@inproceedings{szeider:cp21,
  author    = {Markus Kirchweger and
               Stefan Szeider},
  opteditor    = {Laurent D. Michel},
  title     = {{SAT} Modulo Symmetries for Graph Generation},
  booktitle = {CP},
  series    = {LIPIcs},
  optvolume    = {210},
  pages     = {34:1--34:16},
  publisher = {Schloss Dagstuhl - Leibniz-Zentrum f{\"{u}}r Informatik},
  year      = {2021},
  url       = {https://doi.org/10.4230/LIPIcs.CP.2021.34},
  doi       = {10.4230/LIPIcs.CP.2021.34},
  timestamp = {Mon, 25 Oct 2021 15:03:56 +0200},
  biburl    = {https://dblp.org/rec/conf/cp/KirchwegerS21.bib},
  bibsource = {dblp computer science bibliography, https://dblp.org}
}


@incollection{amc,
  author       = {Supratik Chakraborty and
                  Kuldeep S. Meel and
                  Moshe Y. Vardi},
  editor       = {Armin Biere and
                  Marijn Heule and
                  Hans van Maaren and
                  Toby Walsh},
  title        = {Approximate Model Counting},
  booktitle    = {Handbook of Satisfiability - Second Edition},
  series       = {Frontiers in Artificial Intelligence and Applications},
  volume       = {336},
  pages        = {1015--1045},
  publisher    = {{IOS} Press},
  year         = {2021},
  url          = {https://doi.org/10.3233/FAIA201010},
  doi          = {10.3233/FAIA201010},
  timestamp    = {Fri, 06 May 2022 08:06:04 +0200},
  biburl       = {https://dblp.org/rec/series/faia/ChakrabortyMV21.bib},
  bibsource    = {dblp computer science bibliography, https://dblp.org}
}


@inproceedings{Babai1983,
  title={Canonical labeling of graphs},
  author={Babai, L{\'a}szl{\'o} and Luks, Eugene M},
  booktitle={Proceedings of the fifteenth annual ACM symposium on Theory of computing},
  pages={171--183},
  year={1983},
  organization={ACM}
}

@article{Luks2004,
  title={The complexity of symmetry-breaking formulas},
  author={Luks, Eugene M and Roy, Amitabha},
  journal={Annals of Mathematics and Artificial Intelligence},
  volume={41},
  number={1},
  pages={19--45},
  year={2004},
  publisher={Springer}
}


@inproceedings{Crawford96,
  author    = {James M. Crawford and
               Matthew L. Ginsberg and
               Eugene M. Luks and
               Amitabha Roy},
  title     = {Symmetry-Breaking Predicates for Search Problems},
  booktitle = {Proceedings of the Fifth International Conference on Principles of
               Knowledge Representation and Reasoning (KR'96), Cambridge, Massachusetts,
               USA, November 5-8, 1996.},
  pages     = {148--159},
  year      = {1996},
  crossref  = {DBLP:conf/kr/1996},
  timestamp = {Fri, 18 May 2012 15:03:00 +0200},
  biburl    = {http://dblp.uni-trier.de/rec/bib/conf/kr/CrawfordGLR96},
  bibsource = {dblp computer science bibliography, http://dblp.org}
}
@proceedings{DBLP:conf/kr/1996,
  editor    = {Luigia Carlucci Aiello and
               Jon Doyle and
               Stuart C. Shapiro},
  title     = {Proceedings of the Fifth International Conference on Principles of
               Knowledge Representation and Reasoning (KR'96), Cambridge, Massachusetts,
               USA, November 5-8, 1996},
  publisher = {Morgan Kaufmann},
  year      = {1996},
  isbn      = {1-55860-421-9},
  timestamp = {Fri, 18 May 2012 15:03:00 +0200},
  biburl    = {http://dblp.uni-trier.de/rec/bib/conf/kr/1996},
  bibsource = {dblp computer science bibliography, http://dblp.org}
}


@article{GareyJohnson,
  title = {Strong {NP}-Completeness Results: Motivation,  Examples,  and Implications},
  volume = {25},
  ISSN = {1557-735X},
  url = {http://dx.doi.org/10.1145/322077.322090},
  DOI = {10.1145/322077.322090},
  number = {3},
  journal = {Journal of the ACM},
  publisher = {Association for Computing Machinery (ACM)},
  author = {Garey,  M. R. and Johnson,  D. S.},
  year = {1978},
  month = jul,
  pages = {499–508}
}


@inproceedings{choiwah-cubes,
  author       = {Jo{\~{a}}o Ara{\'{u}}jo and
                  Choiwah Chow and
                  Mikol{\'{a}}{\v s} Janota},
  editor       = {Roland H. C. Yap},
  title        = {Symmetries for Cube-And-Conquer in Finite Model Finding},
  booktitle    = {29th International Conference on Principles and Practice of Constraint
                  Programming, {CP} 2023, August 27-31, 2023, Toronto, Canada},
  series       = {LIPIcs},
  volume       = {280},
  pages        = {8:1--8:19},
  publisher    = {Schloss Dagstuhl - Leibniz-Zentrum f{\"{u}}r Informatik},
  year         = {2023},
  url          = {https://doi.org/10.4230/LIPIcs.CP.2023.8},
  doi          = {10.4230/LIPICS.CP.2023.8},
  timestamp    = {Sun, 12 Nov 2023 02:13:20 +0100},
  biburl       = {https://dblp.org/rec/conf/cp/0002CJ23.bib},
  bibsource    = {dblp computer science bibliography, https://dblp.org}
}

@article{Liberatore05,
  author       = {Paolo Liberatore},
  title        = {Redundancy in logic {I:} {CNF} propositional formulae},
  journal      = {Artif. Intell.},
  volume       = {163},
  number       = {2},
  pages        = {203--232},
  year         = {2005},
  url          = {https://doi.org/10.1016/j.artint.2004.11.002},
  doi          = {10.1016/J.ARTINT.2004.11.002},
  timestamp    = {Mon, 05 Jun 2017 12:38:26 +0200},
  biburl       = {https://dblp.org/rec/journals/ai/Liberatore05.bib},
  bibsource    = {dblp computer science bibliography, https://dblp.org}
}

@incollection{read-adm78,
title = {Every one a Winner or how to Avoid Isomorphism Search when Cataloguing Combinatorial Configurations},
editor = {B. Alspach and P. Hell and D.J. Miller},
series = {Annals of Discrete Mathematics},
publisher = {Elsevier},
volume = {2},
pages = {107-120},
year = {1978},
booktitle = {Algorithmic Aspects of Combinatorics},
issn = {0167-5060},
doi = {https://doi.org/10.1016/S0167-5060(08)70325-X},
url = {https://www.sciencedirect.com/science/article/pii/S016750600870325X},
author = {Ronald C. Read},
}


@article{codish,
  title={Breaking Symmetries in Graph Search with Canonizing Sets},
  author={Itzhakov, Avraham and Codish, Michael},
  journal={Constraints},
  volume={21},
  pages={357--374},
  year={2016},
  publisher={Springer}
}

@inproceedings{SEM,
author={Jian Zhang and Hantao Zhang},
title={{SEM:} a System for Enumerating Models},
year={1995},
cdate={788918400000},
pages={298-303},
url={http://ijcai.org/Proceedings/95-1/Papers/039.pdf},
booktitle={IJCAI},
 optcrossref={conf/ijcai/1995}
}


@article{lnh,
  title={Constructing Finite Algebras with {FALCON}},
  author={Zhang, Jian},
  journal={Journal of automated reasoning},
  volume={17},
  pages={1--22},
  year={1996},
  publisher={Springer}
}

@incollection{mc,
  author       = {Carla P. Gomes and
                  Ashish Sabharwal and
                  Bart Selman},
  editor       = {Armin Biere and
                  Marijn Heule and
                  Hans van Maaren and
                  Toby Walsh},
  title        = {Model Counting},
  booktitle    = {Handbook of Satisfiability - Second Edition},
  series       = {Frontiers in Artificial Intelligence and Applications},
  volume       = {336},
  pages        = {993--1014},
  publisher    = {{IOS} Press},
  year         = {2021},
  url          = {https://doi.org/10.3233/FAIA201009},
  doi          = {10.3233/FAIA201009},
  timestamp    = {Fri, 06 May 2022 08:06:04 +0200},
  biburl       = {https://dblp.org/rec/series/faia/GomesSS21.bib},
  bibsource    = {dblp computer science bibliography, https://dblp.org}
}

@inproceedings{paradoxpaper,
  title={New Techniques that Improve {MACE}-style Finite Model Finding},
  author={Claessen, Koen and S{\"o}rensson, Niklas},
  booktitle={Proceedings of the CADE-19 Workshop: Model Computation-Principles, Algorithms, Applications},
  pages={11--27},
  year={2003}
}

@inproceedings{suda,
  author={Giles Reger and Martin Riener and Martin Suda},
  editor={Andreas Herzig and Andrei Popescu},
  title={Symmetry Avoidance in {MACE}-Style Finite Model Finding},
  booktitle={Frontiers of Combining Systems - 12th International Symposium, FroCoS},
  series={Lecture Notes in Computer Science},
  volume={11715},
  pages={3--21},
  publisher={Springer},
  year={2019},
}

@techreport{mace2,
  title={A {Davis-Putnam} program and its application to finite first-order model search: Quasigroup existence problems},
  author={McCune, William},
  year={1994},
  institution={Argonne National Lab., IL (United States). Mathematics and Computer Science Div.}
}


@inproceedings{babai,
  author = {Babai, L\'{a}szl\'{o} and Luks, Eugene M.},
  title = {Canonical Labeling of Graphs},
  year = {1983},
  isbn = {0897910990},
  publisher = {Association for Computing Machinery},
  address = {New York, NY, USA},
  url = {https://doi.org/10.1145/800061.808746},
  doi = {10.1145/800061.808746},
  booktitle = {Proceedings of the Fifteenth Annual ACM Symposium on Theory of Computing},
  pages = {171–183},
  numpages = {13},
  series = {STOC '83}
}

@article{mace4,
  author    = {William McCune},
  title     = {Mace4 Reference Manual and Guide},
  journal   = {CoRR},
  volume    = {cs.SC/0310055},
  year      = {2003},
  url       = {http://arxiv.org/abs/cs/0310055},
  timestamp = {Fri, 10 Jan 2020 12:58:29 +0100},
  biburl    = {https://dblp.org/rec/journals/corr/cs-SC-0310055.bib},
  bibsource = {dblp computer science bibliography, https://dblp.org}
}


@ARTICLE{khan,
  author={Khan, Majid Ali},
  journal={IEEE Access},
  title={Efficient Enumeration of Higher Order Algebraic Structures},
  year={2020},
  volume={8},
  number={},
  pages={41309-41324},
  doi={10.1109/ACCESS.2020.2976876}
}

@article{iploops,
  title={Counting loops with the inverse property},
  author={Asif, Ali and Slaney, John},
  journal={Quasigroups and Related Systems},
  volume={16},
  number={1},
  pages={13--16},
  year={2008}
}

@inproceedings{NarodWalshKats,
  author       = {George Katsirelos and
                  Nina Narodytska and
                  Toby Walsh},
  opteditor       = {David Cohen},
  title        = {On the Complexity and Completeness of Static Constraints for Breaking
                  Row and Column Symmetry},
  booktitle    = {Principles and Practice of Constraint Programming - {CP}},
  optseries       = {Lecture Notes in Computer Science},
  optvolume       = {6308},
  optpages        = {305--320},
  publisher    = {Springer},
  year         = {2010},
  url          = {https://doi.org/10.1007/978-3-642-15396-9\_26},
  doi          = {10.1007/978-3-642-15396-9\_26},
  timestamp    = {Tue, 14 May 2019 10:00:45 +0200},
  biburl       = {https://dblp.org/rec/conf/cp/KatsirelosNW10.bib},
  bibsource    = {dblp computer science bibliography, https://dblp.org}
}

@inproceedings{McMillan02,
  author       = {Kenneth L. McMillan},
  editor       = {Ed Brinksma and
                  Kim Guldstrand Larsen},
  title        = {Applying {SAT} Methods in Unbounded Symbolic Model Checking},
  booktitle    = {Computer Aided Verification, 14th International Conference, {CAV}
                  2002,Copenhagen, Denmark, July 27-31, 2002, Proceedings},
  series       = {Lecture Notes in Computer Science},
  volume       = {2404},
  pages        = {250--264},
  publisher    = {Springer},
  year         = {2002},
  url          = {https://doi.org/10.1007/3-540-45657-0\_19},
  doi          = {10.1007/3-540-45657-0\_19},
  timestamp    = {Tue, 14 May 2019 10:00:43 +0200},
  biburl       = {https://dblp.org/rec/conf/cav/McMillan02.bib},
  bibsource    = {dblp computer science bibliography, https://dblp.org}
}


@InProceedings{orderings,
author="Narodytska, Nina
and Walsh, Toby",
editor="Schulte, Christian",
title="{Breaking Symmetry with Different Orderings}",
booktitle="Principles and Practice of Constraint Programming",
year="2013",
publisher="Springer Berlin Heidelberg",
address="Berlin, Heidelberg",
pages="545--561",
isbn="978-3-642-40627-0"
}

@phdthesis{itzhakov,
  title={Symmetry Breaking Constraints for Graph Search Problems},
  author={Itzhakov, Avraham},
  year={2023},
  school={Ben-Gurion University of the Negev},
  type={Doctoral Thesis}
}

@article{McKayP14,
  author       = {Brendan D. McKay and
                  Adolfo Piperno},
  title        = {Practical graph isomorphism, {II}},
  journal      = {J. Symb. Comput.},
  volume       = {60},
  pages        = {94--112},
  year         = {2014},
  url          = {https://doi.org/10.1016/j.jsc.2013.09.003},
  doi          = {10.1016/J.JSC.2013.09.003},
  timestamp    = {Wed, 17 Feb 2021 08:57:24 +0100},
  biburl       = {https://dblp.org/rec/journals/jsc/McKayP14.bib},
  bibsource    = {dblp computer science bibliography, https://dblp.org}
}

@inproceedings{crawford2,
  author       = {James M. Crawford and
                  Matthew L. Ginsberg and
                  Eugene M. Luks and
                  Amitabha Roy},
  editor       = {Luigia Carlucci Aiello and
                  Jon Doyle and
                  Stuart C. Shapiro},
  title        = {Symmetry-Breaking Predicates for Search Problems},
  booktitle    = {Proceedings of the Fifth International Conference on Principles of
                  Knowledge Representation and Reasoning (KR'96), Cambridge, Massachusetts,
                  USA, November 5-8, 1996},
  pages        = {148--159},
  publisher    = {Morgan Kaufmann},
  year         = {1996},
}

@article{plaisted,
title = {A Structure-preserving Clause Form Translation},
journal = {Journal of Symbolic Computation},
volume = {2},
number = {3},
pages = {293-304},
year = {1986},
issn = {0747-7171},
doi = {https://doi.org/10.1016/S0747-7171(86)80028-1},
author = {David A. Plaisted and Steven Greenbaum},
}

@inproceedings{pysat,
  author    = {Alexey Ignatiev and Antonio Morgado and Joao Marques{-}Silva},
  title     = {{PySAT:} {A} {Python} Toolkit for Prototyping with {SAT} Oracles},
  booktitle = {SAT},
  pages     = {428--437},
  year      = {2018},
  url       = {https://doi.org/10.1007/978-3-319-94144-8_26},
  doi       = {10.1007/978-3-319-94144-8_26}
}

@incollection{tseytin,
    author = {Tseytin, G. S.},
    title = {On the complexity of derivation in propositional calculus},
    booktitle = {Studies in Constructive Mathematics and Mathematical Logic, Part II},
    editor = {Slisenko, A. O.},
    year = {1968},
    publisher = {Consultants Bureau},
    address = {New York},
    pages = {115-125},
    note = {Reprinted in J. Siekmann and G. Wrightson (Eds.), Automation of Reasoning: Classical Papers on Computational Logic, 1967-1970, Vol. 2, Springer-Verlag, 1983, pp. 466-483}
}

@inproceedings{distler_semi,
  author       = {Andreas Distler and
                  Christopher Jefferson and
                  Tom Kelsey and
                  Lars Kotthoff},
  editor       = {Michela Milano},
  title        = {The Semigroups of Order 10},
  booktitle    = {Principles and Practice of Constraint Programming - 18th International
                  Conference, {CP} 2012, Qu{\'{e}}bec City, QC, Canada, October
                  8-12, 2012. Proceedings},
  series       = {Lecture Notes in Computer Science},
  volume       = {7514},
  pages        = {883--899},
  publisher    = {Springer},
  year         = {2012},
  url          = {https://doi.org/10.1007/978-3-642-33558-7\_63},
  doi          = {10.1007/978-3-642-33558-7\_63},
  timestamp    = {Thu, 14 Oct 2021 10:38:56 +0200},
  biburl       = {https://dblp.org/rec/conf/cp/DistlerJKK12.bib},
  bibsource    = {dblp computer science bibliography, https://dblp.org}
}

@inproceedings{malandro,
  title={Enumeration of finite inverse semigroups},
  author={Malandro, Martin E},
  booktitle={Semigroup Forum},
  volume={99},
  number={3},
  pages={679--723},
  year={2019},
  organization={Springer}
}

@inproceedings{walsh-aaai12,
  author       = {Toby Walsh},
  editor       = {J{\"{o}}rg Hoffmann and
                  Bart Selman},
  title        = {Symmetry Breaking Constraints: Recent Results},
  booktitle    = {Proceedings of the Twenty-Sixth {AAAI} Conference on Artificial Intelligence},
  publisher    = {{AAAI} Press},
  year         = {2012},
  url          = {http://www.aaai.org/ocs/index.php/AAAI/AAAI12/paper/view/4974},
  timestamp    = {Thu, 18 Feb 2021 14:57:40 +0100},
  biburl       = {https://dblp.org/rec/conf/aaai/Walsh12.bib},
  bibsource    = {dblp computer science bibliography, https://dblp.org}
}

@article{distler2014,
  author = {Andreas Distler and T. Kelsey},
  title = {The Semigroups of Order 9 and Their Automorphism Groups},
  journal = {Semigroup Forum},
  volume = {88},
  year = {2014},
  pages = {93--112}
}

@inproceedings{distler2012,
  author = {Andreas Distler and Chris Jefferson and Tom Kelsey and Lars Kotthoff},
  title = {The Semigroups of Order 10},
  booktitle = {Principles and Practice of Constraint Programming, 18th International Conference, CP 2012, Québec City, QC, Canada, October 8-12, 2012, Proceedings},
  editor = {M. Milano},
  publisher = {Springer-Verlag Berlin Heidelberg},
  series = {Lecture Notes in Computer Science},
  volume = {7514},
  year = {2012},
  pages = {883--899}
}

@article{satoh1994,
  author = {S. Satoh and K. Yama and M. Tokizawa},
  title = {Semigroups of Order 8},
  journal = {Semigroup Forum},
  volume = {49},
  year = {1994},
  pages = {7--29}
}

@article{juergensen1977,
  author = {H. Juergensen and P. Wick},
  title = {Die Halbgruppen von Ordnungen $\leq$ 7},
  journal = {Semigroup Forum},
  volume = {14},
  year = {1977},
  pages = {69--79}
}


@article{semigroups4,
 ISSN = {00029939, 10886826},
 URL = {http://www.jstor.org/stable/2032786},
 author = {George E. Forsythe},
 journal = {Proceedings of the American Mathematical Society},
 number = {3},
 pages = {443--447},
 publisher = {American Mathematical Society},
 title = {SWAC Computes 126 Distinct Semigroups of Order 4},
 volume = {6},
 year = {1955}
}

@article{magmaiso_gi,
author = {Booth, Kellogg S.},
title = {Isomorphism Testing for Graphs, Semigroups, and Finite Automata are Polynomially Equivalent Problems},
journal = {SIAM Journal on Computing},
volume = {7},
number = {3},
pages = {273-279},
year = {1978},
doi = {10.1137/0207023},
URL = {https://doi.org/10.1137/0207023},
eprint = {https://doi.org/10.1137/0207023}
}

@article{demorgan,
  title={De Morgan Algebras: New Perspectives and Applications},
  author={Hanamantagouda P. Sankappanavar},
  journal={Scientiae Mathematicae Japonicae},
  volume={75},
  number={1},
  pages={21-50},
  year={2012},
  doi={10.32219/isms.75.1_21}
}

@InProceedings{ag_groupoid,
  author="Distler, Andreas and Shah, Muhammad and Sorge, Volker",
  opteditor="Davenport, James H. and Farmer, William M. and Urban, Josef and Rabe, Florian",
  title="Enumeration of {AG}-Groupoids",
  booktitle="Intelligent Computer Mathematics",
  year="2011",
  publisher="Springer Berlin Heidelberg",
  optaddress="Berlin, Heidelberg",
  pages="1--14",
  isbn="978-3-642-22673-1"
}

@InProceedings{card_cons,
author="Sinz, Carsten",
editor="van Beek, Peter",
title="Towards an Optimal CNF Encoding of Boolean Cardinality Constraints",
booktitle="Principles and Practice of Constraint Programming - CP 2005",
year="2005",
publisher="Springer Berlin Heidelberg",
address="Berlin, Heidelberg",
pages="827--831",
isbn="978-3-540-32050-0"
}

@article{Euler1782,
  author    = {Leonhard Euler},
  title     = {Recherches sur une nouvelle espèce de quarrés magiques},
  journal   = {Verhandelingen uitgegeven door het zeeuwsch Genootschap der Wetenschappen te Vlissingen},
  volume    = {9},
  pages     = {85--239},
  year      = {1782},
  url       = {http://eulerarchive.maa.org/pages/E530.html}
}

@article{Cayley1890,
  author    = {Arthur Cayley},
  title     = {On Latin squares},
  journal   = {Oxford, Cambridge and Dublin Messenger of Mathematics},
  volume    = {19},
  number    = {1},
  pages     = {85--239},
  year      = {1890}
}

@incollection{cardinality_handbook,
  author       = {Olivier Roussel and
                  Vasco M. Manquinho},
  editor       = {Armin Biere and
                  Marijn Heule and
                  Hans van Maaren and
                  Toby Walsh},
  title        = {Pseudo-Boolean and Cardinality Constraints},
  booktitle    = {Handbook of Satisfiability - Second Edition},
  series       = {Frontiers in Artificial Intelligence and Applications},
  volume       = {336},
  pages        = {1087--1129},
  publisher    = {{IOS} Press},
  year         = {2021},
  url          = {https://doi.org/10.3233/FAIA201012},
  doi          = {10.3233/FAIA201012},
  timestamp    = {Fri, 06 May 2022 08:06:04 +0200},
  biburl       = {https://dblp.org/rec/series/faia/RousselM21.bib},
  bibsource    = {dblp computer science bibliography, https://dblp.org}
}

@article{kleitman1976,
  author = {Daniel J. Kleitman and Bruce R. Rothschild and Joel H. Spencer},
  title = {The Number of Semigroups of Order n},
  journal = {Proceedings of the American Mathematical Society},
  volume = {55},
  number = {1},
  year = {1976},
  pages = {227--232}
}


@article{harrison1966,
  author = {M. A. Harrison},
  title = {The Number of Isomorphism Types of Finite Algebras},
  journal = {Proceedings of the American Mathematical Society},
  volume = {17},
  year = {1966},
  pages = {731--737}
}
@inproceedings{janota-mlex,
  author       = {Mikol{\'{a}}\v{s} Janota and
                  Choiwah Chow and
                  Jo{\~{a}}o Ara{\'{u}}jo and
                  Michael Codish and
                  Petr Vojt\v{e}chovsk{\'{y}}},
  opteditor       = {Michael J. Wooldridge and
                  Jennifer G. Dy and
                  Sriraam Natarajan},
  title        = {{SAT}-Based Techniques for Lexicographically Smallest Finite Models},
  booktitle    = {Thirty-Eighth {AAAI} Conference on Artificial Intelligence, {AAAI}},
  pages        = {8048--8056},
  publisher    = {{AAAI} Press},
  year         = {2024},
  url          = {https://doi.org/10.1609/aaai.v38i8.28643},
  doi          = {10.1609/AAAI.V38I8.28643},
  timestamp    = {Tue, 02 Apr 2024 16:32:08 +0200},
  biburl       = {https://dblp.org/rec/conf/aaai/JanotaC0CV24.bib},
  bibsource    = {dblp computer science bibliography, https://dblp.org}
}

@article{Cooper1972,
  author = {D. C. Cooper},
  title = {Theorem proving in arithmetic without multiplication},
  journal = {Machine Intelligence},
  volume = {7},
  pages = {91-99},
  year = {1972}
}

@article{Ferrante1975,
  author = {J. Ferrante and C. Rackoff},
  title = {A decision procedure for the first order theory of real addition with order},
  journal = {SIAM Journal on Computing},
  volume = {4},
  number = {1},
  pages = {69-76},
  year = {1975}
}

@inproceedings{d4,
  author    = {Jean-Marie Lagniez and Pierre Marquis},
  title     = {An Improved Decision-DNNF Compiler},
  booktitle = {{IJCAI-17}},
  pages     = {667--673},
  year      = {2017},
  doi       = {10.24963/ijcai.2017/93},
  url       = {https://doi.org/10.24963/ijcai.2017/93},
}

@inproceedings{cadical,
    author    = {Armin Biere and Katalin Fazekas and Mathias Fleury and Maximillian Heisinger},
    title     = {{CaDiCaL}, {Kissat}, {Paracooba}, {Plingeling} and {Treengeling}
		 Entering the {SAT Competition 2020}},
    pages     = {51--53},
    editor    = {Tomas Balyo and Nils Froleyks and Marijn Heule and
		 Markus Iser and Matti J{\"a}rvisalo and Martin Suda},
    booktitle = {Proc.~of {SAT Competition} 2020 -- Solver and Benchmark Descriptions},
    volume    = {B-2020-1},
    series    = {Department of Computer Science Report Series B},
    publisher = {University of Helsinki},
    year      = 2020,
  }

@misc{oeis,
    author = {{OEIS Foundation Inc.}},
    title = {The On-Line Encyclopedia of Integer Sequences},
    year = {2024},
    howpublished = {\url{https://oeis.org/}},
    note = {Accessed: 2024-07-15}
}

@misc{oeis:magma,
    author = {{OEIS Foundation Inc.}},
    title = {Entry A001329 in The On-Line Encyclopedia of Integer Sequences},
    year = {2024},
    howpublished = {\url{https://oeis.org/A001329}},
    note = {Accessed: 2024-07-15}
}

@misc{oeis:cquasigroup,
    author = {{OEIS Foundation Inc.}},
    title = {Entry A057992 in The On-Line Encyclopedia of Integer Sequences},
    year = {2024},
    howpublished = {\url{https://oeis.org/A057992}},
    note = {Accessed: 2024-07-15}
}

@misc{oeis:loop,
    author = {{OEIS Foundation Inc.}},
    title = {Entry A057771 in The On-Line Encyclopedia of Integer Sequences},
    year = {2024},
    howpublished = {\url{https://oeis.org/A057771}},
    note = {Accessed: 2024-07-15}
}

@misc{oeis:quasigroup,
    author = {{OEIS Foundation Inc.}},
    title = {Entry A057991 in The On-Line Encyclopedia of Integer Sequences},
    year = {2024},
    howpublished = {\url{https://oeis.org/A057991}},
    note = {Accessed: 2024-07-15}
}

@misc{oeis:monoid,
    author = {{OEIS Foundation Inc.}},
    title = {Entry A058129 in The On-Line Encyclopedia of Integer Sequences},
    year = {2024},
    howpublished = {\url{https://oeis.org/A058129}},
    note = {Accessed: 2024-07-15}
}

@misc{oeis:ri_magma,
    author = {{OEIS Foundation Inc.}},
    title = {Entry A362382 in The On-Line Encyclopedia of Integer Sequences},
    year = {2024},
    howpublished = {\url{https://oeis.org/A362382}},
    note = {Accessed: 2024-07-15}
}

@book{bradley-manna07,
  author       = {Aaron R. Bradley and Zohar Manna},
  title        = {The calculus of computation - decision procedures with applications to verification},
  publisher    = {Springer},
  year         = {2007},
  opturl          = {https://doi.org/10.1007/978-3-540-74113-8},
  doi          = {10.1007/978-3-540-74113-8},
  timestamp    = {Tue, 16 May 2017 14:01:41 +0200},
  biburl       = {https://dblp.org/rec/books/daglib/0019162.bib},
  bibsource    = {dblp computer science bibliography, https://dblp.org}
}


@misc{oeis:semigroup,
    author = {{OEIS Foundation Inc.}},
    title = {Entry A027851 in The On-Line Encyclopedia of Integer Sequences},
    year = {2024},
    howpublished = {\url{https://oeis.org/A027851}},
    note = {Accessed: 2024-07-15}
}

@article{clingo,
  author       = {Martin Gebser and
                  Roland Kaminski and
                  Benjamin Kaufmann and
                  Torsten Schaub},
  title        = {Multi-shot {ASP} solving with clingo},
  journal      = {Theory Pract. Log. Program.},
  volume       = {19},
  number       = {1},
  pages        = {27--82},
  year         = {2019},
  url          = {https://doi.org/10.1017/S1471068418000054},
  timestamp    = {Thu, 13 Feb 2020 14:39:43 +0100},
  biburl       = {https://dblp.org/rec/journals/tplp/GebserKKS19.bib},
  bibsource    = {dblp computer science bibliography, https://dblp.org}
}

@article{ag_groupoid_zavedenie77,
  title={On almost semigroups},
  author={Kazim, M. A. and Naseeruddin, MD},
  journal={Portugaliae mathematica},
  volume={36},
  number={1},
  pages={41--47},
  year={1977},
  publisher={Sociedade Portuguesa de Matem{\'a}tica}
}

@Article{ag_groupoid_zavedenie,
  Author = {Proti{\'c}, Petar V. and Stevanovi{\'c}, Neboj{\v{s}}a},
  Title = {{AG}-test and some general properties of {Abel}-{Grassmann}'s groupoids},
  Journal = {Pure Math. Appl.},
  ISSN = {1218-4586},
  Volume = {6},
  Number = {4},
  Pages = {371--383},
  Year = {1995},
  Language = {English},
  Keywords = {20N02},
  zbMATH = {927926},
  Zbl = {0858.20058}
}

@article {implication_zroupoid_zavedenie,
author = {Cornejo, J.M. and Sankappanavar, H.P.},
title = {Implication Zroupoids and Birkhoff Systems},
journal = {Journal of Algebraic Hyperstructures and Logical Algebras},
volume = {2},
number = {4},
pages = {1-12},
year  = {2021},
publisher = {University of Hatef (Hatef College University)},
issn = {2676-6000},
eissn = {2676-6019},
doi = {10.52547/HATEF.JAHLA.2.4.1},
url = {https://jahla.hatef.ac.ir/article_130810.html},
eprint = {https://jahla.hatef.ac.ir/article_130810_54f16a4d1639a37455de773b217c6191.pdf}
}

@article{rectangular_groupoid_zavedenie,
title = {Rectangular groupoids and related structures},
journal = {Discrete Mathematics},
volume = {313},
number = {13},
pages = {1409-1418},
year = {2013},
issn = {0012-365X},
doi = {https://doi.org/10.1016/j.disc.2013.03.012},
author = {Tim Boykett},
}

@misc{right_involutory_magma_zavedenie,
      title={A universal-algebra and combinatorial approach to the set-theoretic {Yang-Baxter} equation},
      author={A. Chirvasitu and G. Militaru},
      year={2023},
      eprint={2305.14138},
      archivePrefix={arXiv},
      primaryClass={math.QA},
      url={https://arxiv.org/abs/2305.14138},
}

@inproceedings{xlnh,
  author    = {Gilles Audemard and
               Laurent Henocque},
  editor    = {Rajeev Gor{\'{e}} and
               Alexander Leitsch and
               Tobias Nipkow},
  title     = {The {eXtended} Least Number Heuristic},
  booktitle = {Automated Reasoning, First International Joint Conference, {IJCAR}
               2001, Siena, Italy, June 18-23, 2001, Proceedings},
  series    = {Lecture Notes in Computer Science},
  volume    = {2083},
  pages     = {427--442},
  publisher = {Springer},
  address   = {Berlin, Heidelberg},
  year      = {2001},
  doi       = {10.1007/3-540-45744-5\_35},
  timestamp = {Tue, 14 May 2019 10:00:39 +0200},
  biburl    = {https://dblp.org/rec/conf/cade/AudemardH01.bib},
  bibsource = {dblp computer science bibliography, https://dblp.org}
}

@inproceedings{urban-ijcar08,
  author    = {Josef Urban and Geoff Sutcliffe and Petr Pudl{\'{a}}k and Ji\v{r}{\'{\i}} Vysko\v{c}il},
  opteditor       = {Alessandro Armando and
                  Peter Baumgartner and
                  Gilles Dowek},
  title        = {MaLARea {SG1-} Machine Learner for Automated Reasoning with Semantic
                  Guidance},
  booktitle    = {Automated Reasoning, 4th International Joint Conference, {IJCAR}},
  optseries       = {Lecture Notes in Computer Science},
  optvolume       = {5195},
  optpages        = {441--456},
  publisher    = {Springer},
  year         = {2008},
  url          = {https://doi.org/10.1007/978-3-540-71070-7\_37},
  doi          = {10.1007/978-3-540-71070-7\_37},
  timestamp    = {Fri, 09 Apr 2021 18:50:52 +0200},
  biburl       = {https://dblp.org/rec/conf/cade/UrbanSPV08.bib},
  bibsource    = {dblp computer science bibliography, https://dblp.org}
}

@inproceedings{torlak-tacas07,
  author    = {Emina Torlak and
               Daniel Jackson},
  editor    = {Orna Grumberg and
               Michael Huth},
  title     = {Kodkod: {A} Relational Model Finder},
  booktitle = {{TACAS}},
  optseries    = {Lecture Notes in Computer Science},
  volume    = {4424},
  pages     = {632--647},
  publisher = {Springer},
  year      = {2007},
  url       = {https://doi.org/10.1007/978-3-540-71209-1\_49},
  doi       = {10.1007/978-3-540-71209-1\_49},
  timestamp = {Tue, 14 May 2019 10:00:53 +0200},
  biburl    = {https://dblp.org/rec/conf/tacas/TorlakJ07.bib},
  bibsource = {dblp computer science bibliography, https://dblp.org}
}

@mastersthesis{diplomka,
  author       = {Marek Dan\v{c}o},
  title        = {The Application of {SAT} Solving to
                  Finite Model Finding},
  school       = {Charles University},
  year         = {2024},
  address      = {Prague, Czech Republic},
  note          = {\url{http://hdl.handle.net/20.500.11956/193190}}
}
