@article{Codish2018,
  doi = {10.1007/s10601-018-9294-5},
  url = {https://doi.org/10.1007/s10601-018-9294-5},
  year = {2018},
  month = aug,
  publisher = {Springer Science and Business Media {LLC}},
  volume = {24},
  number = {1},
  pages = {1--24},
  author = {Michael Codish and Alice Miller and Patrick Prosser and Peter J. Stuckey},
  title = {Constraints for symmetry breaking in graph representation},
  journal = {Constraints}
}

@manual{GAP4,
  key          = {GAP4},
  organization = {The GAP Group},
  title        = {{GAP} -- Groups, Algorithms, and Programming, Version 4.11.1},
  year         = {2021},
  url          = {https://www.gap-system.org}
}

@article{Luks2004,
  title={The complexity of symmetry-breaking formulas},
  author={Luks, Eugene M and Roy, Amitabha},
  journal={Annals of Mathematics and Artificial Intelligence},
  volume={41},
  number={1},
  pages={19--45},
  year={2004},
  publisher={Springer}
}

@article{McKayP14,
  author       = {Brendan D. McKay and
                  Adolfo Piperno},
  title        = {Practical graph isomorphism, {II}},
  journal      = {J. Symb. Comput.},
  volume       = {60},
  pages        = {94--112},
  year         = {2014},
  url          = {https://doi.org/10.1016/j.jsc.2013.09.003},
  doi          = {10.1016/J.JSC.2013.09.003},
  timestamp    = {Wed, 17 Feb 2021 08:57:24 +0100},
  biburl       = {https://dblp.org/rec/journals/jsc/McKayP14.bib},
  bibsource    = {dblp computer science bibliography, https://dblp.org}
}

@inproceedings{NarodWalshKats,
  author       = {George Katsirelos and
                  Nina Narodytska and
                  Toby Walsh},
  opteditor       = {David Cohen},
  title        = {On the Complexity and Completeness of Static Constraints for Breaking
                  Row and Column Symmetry},
  booktitle    = {Principles and Practice of Constraint Programming - {CP}},
  optseries       = {Lecture Notes in Computer Science},
  optvolume       = {6308},
  optpages        = {305--320},
  publisher    = {Springer},
  year         = {2010},
  url          = {https://doi.org/10.1007/978-3-642-15396-9\_26},
  doi          = {10.1007/978-3-642-15396-9\_26},
  timestamp    = {Tue, 14 May 2019 10:00:45 +0200},
  biburl       = {https://dblp.org/rec/conf/cp/KatsirelosNW10.bib},
  bibsource    = {dblp computer science bibliography, https://dblp.org}
}

@inproceedings{Williamson,
  author       = {Curtis Bright and
                  Ilias S. Kotsireas and
                  Vijay Ganesh},
  editor       = {Sheila A. McIlraith and
                  Kilian Q. Weinberger},
  title        = {A {SAT+CAS} Method for Enumerating {Williamson} Matrices of Even Order},
  booktitle    = {Proceedings of the Thirty-Second {AAAI} Conference on Artificial Intelligence,
                  (AAAI-18), the 30th innovative Applications of Artificial Intelligence
                  (IAAI-18), and the 8th {AAAI} Symposium on Educational Advances in
                  Artificial Intelligence (EAAI-18)},
  optpages        = {6573--6580},
  optpublisher    = {{AAAI} Press},
  year         = {2018},
  url          = {https://doi.org/10.1609/aaai.v32i1.12203},
  doi          = {10.1609/AAAI.V32I1.12203},
  timestamp    = {Mon, 01 Jul 2024 10:37:51 +0200},
  biburl       = {https://dblp.org/rec/conf/aaai/BrightKG18.bib},
  bibsource    = {dblp computer science bibliography, https://dblp.org}
}

@article{besche-ijac02,
  author    = {Hans Ulrich Besche and
               Bettina Eick and
               Eamonn A. O'Brien},
  title     = {A Millennium Project: Constructing Small Groups},
  journal   = {Int. J. Algebra Comput.},
  volume    = {12},
  number    = {5},
  pages     = {623--644},
  year      = {2002},
  url       = {https://doi.org/10.1142/S0218196702001115},
  doi       = {10.1142/S0218196702001115},
  timestamp = {Tue, 25 Aug 2020 16:44:01 +0200},
  biburl    = {https://dblp.org/rec/journals/ijac/BescheEO02.bib},
  bibsource = {dblp computer science bibliography, https://dblp.org}
}

@inproceedings{blanchette-lpar10,
  author    = {Jasmin Christian Blanchette},
  editor    = {Andrei Voronkov and
               Geoff Sutcliffe and
               Matthias Baaz and
               Christian G. Ferm{\"{u}}ller},
  title     = {Nitpick: {A} Counterexample Generator for {Isabelle/HOL} Based on the
               Relational Model Finder {Kodkod}},
  booktitle = {Short papers for 17th International Conference on Logic for Programming,
               Artificial intelligence, and Reasoning, LPAR-17-short},
  series    = {EPiC Series in Computing},
  volume    = {13},
  pages     = {20--25},
  publisher = {EasyChair},
  year      = {2010},
  url       = {https://doi.org/10.29007/6shf},
  doi       = {10.29007/6shf},
  timestamp = {Sun, 15 Aug 2021 00:16:53 +0200},
  biburl    = {https://dblp.org/rec/conf/lpar/Blanchette10.bib},
  bibsource = {dblp computer science bibliography, https://dblp.org}
}

@article{bright-cacm22,
  author    = {Curtis Bright and
               Ilias S. Kotsireas and
               Vijay Ganesh},
  title     = {When satisfiability solving meets symbolic computation},
  journal   = {Commun. {ACM}},
  volume    = {65},
  number    = {7},
  pages     = {64--72},
  year      = {2022},
  url       = {https://doi.org/10.1145/3500921},
  doi       = {10.1145/3500921},
  timestamp = {Thu, 30 Jun 2022 16:57:46 +0200},
  biburl    = {https://dblp.org/rec/journals/cacm/BrightKG22.bib},
  bibsource = {dblp computer science bibliography, https://dblp.org}
}

@inproceedings{choiwah-cubes,
  author       = {Jo{\~{a}}o Ara{\'{u}}jo and
                  Choiwah Chow and
                  Mikol{\'{a}}{\v s} Janota},
  editor       = {Roland H. C. Yap},
  title        = {Symmetries for Cube-And-Conquer in Finite Model Finding},
  booktitle    = {29th International Conference on Principles and Practice of Constraint
                  Programming, {CP} 2023, August 27-31, 2023, Toronto, Canada},
  series       = {LIPIcs},
  volume       = {280},
  pages        = {8:1--8:19},
  publisher    = {Schloss Dagstuhl - Leibniz-Zentrum f{\"{u}}r Informatik},
  year         = {2023},
  url          = {https://doi.org/10.4230/LIPIcs.CP.2023.8},
  doi          = {10.4230/LIPICS.CP.2023.8},
  timestamp    = {Sun, 12 Nov 2023 02:13:20 +0100},
  biburl       = {https://dblp.org/rec/conf/cp/0002CJ23.bib},
  bibsource    = {dblp computer science bibliography, https://dblp.org}
}

@inproceedings{codish-aaai20,
  author       = {Avraham Itzhakov and
                  Michael Codish},
  title        = {Incremental Symmetry Breaking Constraints for Graph Search Problems},
  booktitle    = {The Thirty-Fourth {AAAI} Conference on Artificial Intelligence, {AAAI}
                  2020, The Thirty-Second Innovative Applications of Artificial Intelligence
                  Conference, {IAAI} 2020, The Tenth {AAAI} Symposium on Educational
                  Advances in Artificial Intelligence, {EAAI}},
  pages        = {1536--1543},
  publisher    = {{AAAI} Press},
  year         = {2020},
  url          = {https://ojs.aaai.org/index.php/AAAI/article/view/5513},
  timestamp    = {Mon, 07 Mar 2022 16:57:51 +0100},
  biburl       = {https://dblp.org/rec/conf/aaai/ItzhakovC20.bib},
  bibsource    = {dblp computer science bibliography, https://dblp.org}
}

@book{cp-handbook,
  title     = "Handbook of constraint programming",
  editor    = "Peter, Van Beek and Rossi, Francesca and Van Beek, Peter and
               Walsh, Toby",
  publisher = "Elsevier Science \& Technology",
  series    = "Foundations of Artificial Intelligence",
  month     =  may,
  year      =  2014,
  language  = "en"
}

@inproceedings{distler2012,
  author = {Andreas Distler and Chris Jefferson and Tom Kelsey and Lars Kotthoff},
  title = {The Semigroups of Order 10},
  booktitle = {Principles and Practice of Constraint Programming, 18th International Conference, CP 2012, Qu√©bec City, QC, Canada, October 8-12, 2012, Proceedings},
  editor = {M. Milano},
  publisher = {Springer-Verlag Berlin Heidelberg},
  series = {Lecture Notes in Computer Science},
  volume = {7514},
  year = {2012},
  pages = {883--899}
}

@article{distler2014,
  author = {Andreas Distler and T. Kelsey},
  title = {The Semigroups of Order 9 and Their Automorphism Groups},
  journal = {Semigroup Forum},
  volume = {88},
  year = {2014},
  pages = {93--112}
}

@article{harrison1966,
  author = {M. A. Harrison},
  title = {The Number of Isomorphism Types of Finite Algebras},
  journal = {Proceedings of the American Mathematical Society},
  volume = {17},
  year = {1966},
  pages = {731--737}
}

@article{heule-mcs19,
  author    = {Marijn J. H. Heule},
  title     = {Optimal Symmetry Breaking for Graph Problems},
  journal   = {Math. Comput. Sci.},
  volume    = {13},
  number    = {4},
  pages     = {533--548},
  year      = {2019},
  url       = {https://doi.org/10.1007/s11786-019-00397-5},
  doi       = {10.1007/s11786-019-00397-5},
  timestamp = {Wed, 12 Aug 2020 10:36:18 +0200},
  biburl    = {https://dblp.org/rec/journals/mics/Heule19.bib},
  bibsource = {dblp computer science bibliography, https://dblp.org}
}

@inproceedings{janota-mlex,
  author       = {Mikol{\'{a}}\v{s} Janota and
                  Choiwah Chow and
                  Jo{\~{a}}o Ara{\'{u}}jo and
                  Michael Codish and
                  Petr Vojt\v{e}chovsk{\'{y}}},
  opteditor       = {Michael J. Wooldridge and
                  Jennifer G. Dy and
                  Sriraam Natarajan},
  title        = {{SAT}-Based Techniques for Lexicographically Smallest Finite Models},
  booktitle    = {Thirty-Eighth {AAAI} Conference on Artificial Intelligence, {AAAI}},
  pages        = {8048--8056},
  publisher    = {{AAAI} Press},
  year         = {2024},
  url          = {https://doi.org/10.1609/aaai.v38i8.28643},
  doi          = {10.1609/AAAI.V38I8.28643},
  timestamp    = {Tue, 02 Apr 2024 16:32:08 +0200},
  biburl       = {https://dblp.org/rec/conf/aaai/JanotaC0CV24.bib},
  bibsource    = {dblp computer science bibliography, https://dblp.org}
}

@article{juergensen1977,
  author = {H. Juergensen and P. Wick},
  title = {Die Halbgruppen von Ordnungen $\leq$ 7},
  journal = {Semigroup Forum},
  volume = {14},
  year = {1977},
  pages = {69--79}
}

@article{kleitman1976,
  author = {Daniel J. Kleitman and Bruce R. Rothschild and Joel H. Spencer},
  title = {The Number of Semigroups of Order n},
  journal = {Proceedings of the American Mathematical Society},
  volume = {55},
  number = {1},
  year = {1976},
  pages = {227--232}
}

@misc{loops3.4.1,
	author =           {G\'abor Nagy and Petr Vojt{\v e}chovsk{\'y}},
	title =            {{LOOPS}, Computing with quasigroups and loops in {GAP}, {V}ersion 3.4.1},
	month =            {Nov},
	year =             {2018},
	note =             {Refereed GAP package},
	howpublished =     {\url{https://gap-packages.github.io/loops/}}
}

@techreport{mace2,
  title={A {Davis-Putnam} program and its application to finite first-order model search: Quasigroup existence problems},
  author={McCune, William},
  year={1994},
  institution={Argonne National Lab., IL (United States). Mathematics and Computer Science Div.}
}

@InProceedings{orderings,
author="Narodytska, Nina
and Walsh, Toby",
editor="Schulte, Christian",
title="{Breaking Symmetry with Different Orderings}",
booktitle="Principles and Practice of Constraint Programming",
year="2013",
publisher="Springer Berlin Heidelberg",
address="Berlin, Heidelberg",
pages="545--561",
isbn="978-3-642-40627-0"
}

@inproceedings{orderly,
  author       = {Zhengyu Li and
                  Curtis Bright and
                  Vijay Ganesh},
  editor       = {Michael J. Wooldridge and
                  Jennifer G. Dy and
                  Sriraam Natarajan},
  title        = {A {SAT} Solver and Computer Algebra Attack on the Minimum {Kochen-Specker}
                  Problem (Student Abstract)},
  booktitle    = {Thirty-Eighth {AAAI} Conference on Artificial Intelligence, {AAAI}},
  pages        = {23559--23560},
  publisher    = {{AAAI} Press},
  year         = {2024},
  url          = {https://doi.org/10.1609/aaai.v38i21.30472},
  doi          = {10.1609/AAAI.V38I21.30472},
  timestamp    = {Mon, 01 Jul 2024 10:37:51 +0200},
  biburl       = {https://dblp.org/rec/conf/aaai/0002BG24.bib},
  bibsource    = {dblp computer science bibliography, https://dblp.org}
}

@incollection{sakallah21,
  author    = {Karem A. Sakallah},
  editor    = {Armin Biere and
               Marijn Heule and
               Hans van Maaren and
               Toby Walsh},
  title     = {Symmetry and Satisfiability},
  booktitle = {Handbook of Satisfiability - Second Edition},
  series    = {Frontiers in Artificial Intelligence and Applications},
  volume    = {336},
  pages     = {509--570},
  publisher = {{IOS} Press},
  year      = {2021},
  url       = {https://doi.org/10.3233/FAIA200996},
  doi       = {10.3233/FAIA200996},
  timestamp = {Fri, 06 May 2022 08:06:04 +0200},
  biburl    = {https://dblp.org/rec/series/faia/Sakallah21.bib},
  bibsource = {dblp computer science bibliography, https://dblp.org}
}

@article{satoh1994,
  author = {S. Satoh and K. Yama and M. Tokizawa},
  title = {Semigroups of Order 8},
  journal = {Semigroup Forum},
  volume = {49},
  year = {1994},
  pages = {7--29}
}

@article{semigroups4,
 ISSN = {00029939, 10886826},
 URL = {http://www.jstor.org/stable/2032786},
 author = {George E. Forsythe},
 journal = {Proceedings of the American Mathematical Society},
 number = {3},
 pages = {443--447},
 publisher = {American Mathematical Society},
 title = {SWAC Computes 126 Distinct Semigroups of Order 4},
 volume = {6},
 year = {1955}
}

@misc{smallsemi,
  title = {Smallsemi - A library of small semigroups Version 0.6.13},
	author = {Andreas Distler and James Mitchell},
  year = 2022,
  note =             {GAP package},
  howpublished = {\url{https://www.gap-system.org/Packages/smallsemi.html}}
}

@inproceedings{szeider:cp21,
  author    = {Markus Kirchweger and
               Stefan Szeider},
  opteditor    = {Laurent D. Michel},
  title     = {{SAT} Modulo Symmetries for Graph Generation},
  booktitle = {CP},
  series    = {LIPIcs},
  optvolume    = {210},
  pages     = {34:1--34:16},
  publisher = {Schloss Dagstuhl - Leibniz-Zentrum f{\"{u}}r Informatik},
  year      = {2021},
  url       = {https://doi.org/10.4230/LIPIcs.CP.2021.34},
  doi       = {10.4230/LIPIcs.CP.2021.34},
  timestamp = {Mon, 25 Oct 2021 15:03:56 +0200},
  biburl    = {https://dblp.org/rec/conf/cp/KirchwegerS21.bib},
  bibsource = {dblp computer science bibliography, https://dblp.org}
}

@inproceedings{torlak-tacas07,
  author    = {Emina Torlak and
               Daniel Jackson},
  editor    = {Orna Grumberg and
               Michael Huth},
  title     = {Kodkod: {A} Relational Model Finder},
  booktitle = {{TACAS}},
  optseries    = {Lecture Notes in Computer Science},
  volume    = {4424},
  pages     = {632--647},
  publisher = {Springer},
  year      = {2007},
  url       = {https://doi.org/10.1007/978-3-540-71209-1\_49},
  doi       = {10.1007/978-3-540-71209-1\_49},
  timestamp = {Tue, 14 May 2019 10:00:53 +0200},
  biburl    = {https://dblp.org/rec/conf/tacas/TorlakJ07.bib},
  bibsource = {dblp computer science bibliography, https://dblp.org}
}

@inproceedings{urban-ijcar08,
  author    = {Josef Urban and Geoff Sutcliffe and Petr Pudl{\'{a}}k and Ji\v{r}{\'{\i}} Vysko\v{c}il},
  opteditor       = {Alessandro Armando and
                  Peter Baumgartner and
                  Gilles Dowek},
  title        = {MaLARea {SG1-} Machine Learner for Automated Reasoning with Semantic
                  Guidance},
  booktitle    = {Automated Reasoning, 4th International Joint Conference, {IJCAR}},
  optseries       = {Lecture Notes in Computer Science},
  optvolume       = {5195},
  optpages        = {441--456},
  publisher    = {Springer},
  year         = {2008},
  url          = {https://doi.org/10.1007/978-3-540-71070-7\_37},
  doi          = {10.1007/978-3-540-71070-7\_37},
  timestamp    = {Fri, 09 Apr 2021 18:50:52 +0200},
  biburl       = {https://dblp.org/rec/conf/cade/UrbanSPV08.bib},
  bibsource    = {dblp computer science bibliography, https://dblp.org}
}

