@article{bach2015time,
  title={Time curves: Folding time to visualize patterns of temporal evolution in data},
  author={Bach, Benjamin and Shi, Conglei and Heulot, Nicolas and Madhyastha, Tara and Grabowski, Tom and Dragicevic, Pierre},
  journal={IEEE transactions on visualization and computer graphics},
  volume={22},
  number={1},
  pages={559--568},
  year={2015},
  publisher={IEEE}
}

@inproceedings{baecker1993user,
  title={The user-centered iterative design of collaborative writing software},
  author={Baecker, Ronald M and Nastos, Dimitrios and Posner, Ilona R and Mawby, Kelly L},
  booktitle={Proceedings of the INTERACT'93 and CHI'93 conference on Human factors in computing systems},
  pages={399--405},
  year={1993}
}

@inproceedings{birnholtz2012tracking,
  title={Tracking changes in collaborative writing: edits, visibility and group maintenance},
  author={Birnholtz, Jeremy and Ibara, Steven},
  booktitle={Proceedings of the ACM 2012 conference on Computer Supported Cooperative Work},
  pages={809--818},
  year={2012}
}

@inproceedings{birnholtz2013write,
  title={Write here, write now! An experimental study of group maintenance in collaborative writing},
  author={Birnholtz, Jeremy and Steinhardt, Stephanie and Pavese, Antonella},
  booktitle={Proceedings of the SIGCHI Conference on Human Factors in Computing Systems},
  pages={961--970},
  year={2013}
}

@article{brown2020language,
  title={Language models are few-shot learners},
  author={Brown, Tom and Mann, Benjamin and Ryder, Nick and Subbiah, Melanie and Kaplan, Jared D and Dhariwal, Prafulla and Neelakantan, Arvind and Shyam, Pranav and Sastry, Girish and Askell, Amanda and others},
  journal={Advances in neural information processing systems},
  volume={33},
  pages={1877--1901},
  year={2020}
}

@article{chen2017sequence,
  title={Sequence synopsis: Optimize visual summary of temporal event data},
  author={Chen, Yuanzhe and Xu, Panpan and Ren, Liu},
  journal={IEEE transactions on visualization and computer graphics},
  volume={24},
  number={1},
  pages={45--55},
  year={2017},
  publisher={IEEE}
}

@article{cheng2013non,
  title={A non-native student's experience on collaborating with native peers in academic literacy development: A sociopolitical perspective},
  author={Cheng, Rui},
  journal={Journal of English for Academic Purposes},
  volume={12},
  number={1},
  pages={12--22},
  year={2013},
  publisher={Elsevier}
}

@article{chenoweth2001fluency,
  title={Fluency in writing: Generating text in L1 and L2},
  author={Chenoweth, N Ann and Hayes, John R},
  journal={Written communication},
  volume={18},
  number={1},
  pages={80--98},
  year={2001},
  publisher={Sage Publications}
}

@inproceedings{dourish1992awareness,
  title={Awareness and coordination in shared workspaces},
  author={Dourish, Paul and Bellotti, Victoria},
  booktitle={Proceedings of the 1992 ACM conference on Computer-supported cooperative work},
  pages={107--114},
  year={1992}
}

@inproceedings{engelbart1984collaboration,
  title={Collaboration support provisions in AUGMENT},
  author={Engelbart, Douglas C},
  booktitle={Proceedings of the 1984 AFIPS Office Automation Conference (Los Angeles CA, 1984, 51-58 p.)},
  year={1984}
}

@inproceedings{fish1988quilt,
  title={Quilt: A collaborative tool for cooperative writing},
  author={Fish, Robert S and Kraut, Robert E and Leland, Mary DP},
  booktitle={Proceedings of the ACM SIGOIS and IEEECS TC-OA 1988 conference on Office information systems},
  pages={30--37},
  year={1988}
}

@inproceedings{flock2015towards,
  title={Towards Better Visual Tools for Exploring Wikipedia Article Development—The Use Case of" Gamergate Controversy"},
  author={Fl{\"o}ck, Fabian and Laniado, David and Stadthaus, Felix and Acosta, Maribel},
  booktitle={Proceedings of the International AAAI Conference on Web and Social Media},
  volume={9},
  number={5},
  pages={48--55},
  year={2015}
}

@inproceedings{flock2015whovis,
  title={whovis: Visualizing editor interactions and dynamics in collaborative writing over time},
  author={Fl{\"o}ck, Fabian and Acosta, Maribel},
  booktitle={Proceedings of the 24th International Conference on World Wide Web},
  pages={191--194},
  year={2015}
}

@book{goffman1981forms,
  title={Forms of talk},
  author={Goffman, Erving},
  year={1981},
  publisher={University of Pennsylvania Press}
}

@article{gotz2019visual,
  title={Visual analysis of high-dimensional event sequence data via dynamic hierarchical aggregation},
  author={Gotz, David and Zhang, Jonathan and Wang, Wenyuan and Shrestha, Joshua and Borland, David},
  journal={IEEE transactions on visualization and computer graphics},
  volume={26},
  number={1},
  pages={440--450},
  year={2019},
  publisher={IEEE}
}

@article{guo2017eventthread,
  title={Eventthread: Visual summarization and stage analysis of event sequence data},
  author={Guo, Shunan and Xu, Ke and Zhao, Rongwen and Gotz, David and Zha, Hongyuan and Cao, Nan},
  journal={IEEE transactions on visualization and computer graphics},
  volume={24},
  number={1},
  pages={56--65},
  year={2017},
  publisher={IEEE}
}

@inproceedings{han2015visual,
  title={Visual analysis of proximal temporal relationships of social and communicative behaviors},
  author={Han, Yi and Rozga, Agata and Dimitrova, Nevena and Abowd, Gregory D and Stasko, John},
  booktitle={Computer Graphics Forum},
  volume={34},
  number={3},
  pages={51--60},
  year={2015},
  organization={Wiley Online Library}
}

@article{hu2016visualizing,
  title={Visualizing social media content with sententree},
  author={Hu, Mengdie and Wongsuphasawat, Krist and Stasko, John},
  journal={IEEE transactions on visualization and computer graphics},
  volume={23},
  number={1},
  pages={621--630},
  year={2016},
  publisher={IEEE}
}

@article{kang2020using,
  title={Using model texts as a form of feedback in L2 writing},
  author={Kang, Eun Young},
  journal={System},
  volume={89},
  pages={102196},
  year={2020},
  publisher={Elsevier}
}

@article{karim2020revision,
  title={The revision and transfer effects of direct and indirect comprehensive corrective feedback on ESL students’ writing},
  author={Karim, Khaled and Nassaji, Hossein},
  journal={Language Teaching Research},
  volume={24},
  number={4},
  pages={519--539},
  year={2020},
  publisher={SAGE Publications Sage UK: London, England}
}

@article{kim2001reviewing,
  title={Reviewing practices in collaborative writing},
  author={Kim, Hee-Cheol and Eklundh, Kerstin Severinson},
  journal={Computer Supported Cooperative Work (CSCW)},
  volume={10},
  pages={247--259},
  year={2001},
  publisher={Springer}
}

@inproceedings{kittur2007he,
  title={He says, she says: conflict and coordination in Wikipedia},
  author={Kittur, Aniket and Suh, Bongwon and Pendleton, Bryan A and Chi, Ed H},
  booktitle={Proceedings of the SIGCHI conference on Human factors in computing systems},
  pages={453--462},
  year={2007}
}

@article{krause2015supporting,
  title={Supporting iterative cohort construction with visual temporal queries},
  author={Krause, Josua and Perer, Adam and Stavropoulos, Harry},
  journal={IEEE transactions on visualization and computer graphics},
  volume={22},
  number={1},
  pages={91--100},
  year={2015},
  publisher={IEEE}
}

@article{krstajic2011cloudlines,
  title={Cloudlines: Compact display of event episodes in multiple time-series},
  author={Krstajic, Milos and Bertini, Enrico and Keim, Daniel},
  journal={IEEE transactions on visualization and computer graphics},
  volume={17},
  number={12},
  pages={2432--2439},
  year={2011},
  publisher={IEEE}
}

@article{larsen2019territorial,
  title={Territorial functioning in collaborative writing: fragmented exchanges and common outcomes},
  author={Larsen-Ledet, Ida and Korsgaard, Henrik},
  journal={Computer Supported Cooperative Work (CSCW)},
  volume={28},
  pages={391--433},
  year={2019},
  publisher={Springer}
}

@inproceedings{larsen2020collaborative,
  title={Collaborative writing across multiple artifact ecologies},
  author={Larsen-Ledet, Ida and Korsgaard, Henrik and B{\o}dker, Susanne},
  booktitle={Proceedings of the 2020 CHI conference on human factors in computing systems},
  pages={1--14},
  year={2020}
}

@article{liu2016patterns,
  title={Patterns and sequences: Interactive exploration of clickstreams to understand common visitor paths},
  author={Liu, Zhicheng and Wang, Yang and Dontcheva, Mira and Hoffman, Matthew and Walker, Seth and Wilson, Alan},
  journal={IEEE transactions on visualization and computer graphics},
  volume={23},
  number={1},
  pages={321--330},
  year={2016},
  publisher={IEEE}
}

@inproceedings{liu2017coreflow,
  title={Coreflow: Extracting and visualizing branching patterns from event sequences},
  author={Liu, Zhicheng and Kerr, Bernard and Dontcheva, Mira and Grover, Justin and Hoffman, Matthew and Wilson, Alan},
  booktitle={Computer Graphics Forum},
  volume={36},
  number={3},
  pages={527--538},
  year={2017},
  organization={Wiley Online Library}
}

@article{magallanes2021sequen,
  title={Sequen-c: A multilevel overview of temporal event sequences},
  author={Magallanes, Jessica and Stone, Tony and Morris, Paul D and Mason, Suzanne and Wood, Steven and Villa-Uriol, Maria-Cruz},
  journal={IEEE Transactions on Visualization and Computer Graphics},
  volume={28},
  number={1},
  pages={901--911},
  year={2021},
  publisher={IEEE}
}

@inproceedings{malik2015cohort,
  title={Cohort comparison of event sequences with balanced integration of visual analytics and statistics},
  author={Malik, Sana and Du, Fan and Monroe, Megan and Onukwugha, Eberechukwu and Plaisant, Catherine and Shneiderman, Ben},
  booktitle={Proceedings of the 20th International Conference on Intelligent User Interfaces},
  pages={38--49},
  year={2015}
}

@article{meyer2009mizbee,
  title={MizBee: a multiscale synteny browser},
  author={Meyer, Miriah and Munzner, Tamara and Pfister, Hanspeter},
  journal={IEEE transactions on visualization and computer graphics},
  volume={15},
  number={6},
  pages={897--904},
  year={2009},
  publisher={IEEE}
}

@article{monroe2012exploring,
  title={Exploring point and interval event patterns: Display methods and interactive visual query},
  author={Monroe, Megan and Wongsuphasawat, Krist and Plaisant, Catherine and Shneiderman, Ben and Millstein, Jeff and Gold, Sigfried},
  journal={University of Maryland Technical Report},
  volume={80},
  pages={134},
  year={2012}
}

@article{nguyen2019vasabi,
  title={Vasabi: Hierarchical user profiles for interactive visual user behaviour analytics},
  author={Nguyen, Phong H and Henkin, Rafael and Chen, Siming and Andrienko, Natalia and Andrienko, Gennady and Thonnard, Olivier and Turkay, Cagatay},
  journal={IEEE transactions on visualization and computer graphics},
  volume={26},
  number={1},
  pages={77--86},
  year={2019},
  publisher={IEEE}
}

@article{olson2017people,
  title={How people write together now: Beginning the investigation with advanced undergraduates in a project course},
  author={Olson, Judith S and Wang, Dakuo and Olson, Gary M and Zhang, Jingwen},
  journal={ACM Transactions on Computer-Human Interaction (TOCHI)},
  volume={24},
  number={1},
  pages={1--40},
  year={2017},
  publisher={ACM New York, NY, USA}
}

@misc{overleaf,
author = {Overleaf},
title = {Overleaf, Online LaTeX Editor},
howpublished = {\url{https://www.overleaf.com}},
month = {9},
year = {2024},
note = {(Accessed on 09/10/2024)}
}

@inproceedings{park2023importance,
  title={Why “why”? The Importance of Communicating Rationales for Edits in Collaborative Writing},
  author={Park, So Yeon and Lee, Sang Won},
  booktitle={Proceedings of the 2023 CHI Conference on Human Factors in Computing Systems},
  pages={1--25},
  year={2023}
}

@inproceedings{perer2012matrixflow,
  title={Matrixflow: temporal network visual analytics to track symptom evolution during disease progression},
  author={Perer, Adam and Sun, Jimeng},
  booktitle={AMIA annual symposium proceedings},
  volume={2012},
  pages={716},
  year={2012},
  organization={American Medical Informatics Association}
}

@inproceedings{perer2014frequence,
  title={Frequence: Interactive mining and visualization of temporal frequent event sequences},
  author={Perer, Adam and Wang, Fei},
  booktitle={Proceedings of the 19th international conference on Intelligent User Interfaces},
  pages={153--162},
  year={2014}
}

@inproceedings{perez2018organic,
  title={Organic visualization of document evolution},
  author={Perez-Messina, Ignacio and Gutierrez, Claudio and Graells-Garrido, Eduardo},
  booktitle={Proceedings of the 23rd International Conference on Intelligent User Interfaces},
  pages={497--501},
  year={2018}
}

@inproceedings{plaisant1996lifelines,
  title={LifeLines: visualizing personal histories},
  author={Plaisant, Catherine and Milash, Brett and Rose, Anne and Widoff, Seth and Shneiderman, Ben},
  booktitle={Proceedings of the SIGCHI conference on Human factors in computing systems},
  pages={221--227},
  year={1996}
}

@article{qi2019stbins,
  title={STBins: Visual tracking and comparison of multiple data sequences using temporal binning},
  author={Qi, Ji and Bloemen, Vincent and Wang, Shihan and Van Wijk, Jarke and Van De Wetering, Huub},
  journal={IEEE Transactions on visualization and computer graphics},
  volume={26},
  number={1},
  pages={1054--1063},
  year={2019},
  publisher={IEEE}
}

@article{sarrafzadeh2021characterizing,
  title={Characterizing stage-aware writing assistance for collaborative document authoring},
  author={Sarrafzadeh, Bahareh and Jauhar, Sujay Kumar and Gamon, Michael and Lank, Edward and White, Ryen W},
  journal={Proceedings of the ACM on Human-Computer Interaction},
  volume={4},
  number={CSCW3},
  pages={1--29},
  year={2021},
  publisher={ACM New York, NY, USA}
}

@inproceedings{schneider2011understanding,
  title={Understanding and improving Wikipedia article discussion spaces},
  author={Schneider, Jodi and Passant, Alexandre and Breslin, John G},
  booktitle={Proceedings of the 2011 ACM Symposium on Applied Computing},
  pages={808--813},
  year={2011}
}

@article{severino2009comparison,
  title={A comparison of online feedback requests by non-native English-speaking and native English-speaking writers},
  author={Severino, Carol and Swenson, Jeffrey and Zhu, Jia},
  journal={The Writing Center Journal},
  volume={29},
  number={1},
  pages={106--129},
  year={2009},
  publisher={JSTOR}
}

@inproceedings{southavilay2013analysis,
  title={Analysis of collaborative writing processes using revision maps and probabilistic topic models},
  author={Southavilay, Vilaythong and Yacef, Kalina and Reimann, Peter and Calvo, Rafael A},
  booktitle={Proceedings of the third international conference on learning analytics and knowledge},
  pages={38--47},
  year={2013}
}

@inproceedings{torres2019visualizing,
  title={Visualizing authorship and contribution of collaborative writing in e-learning environments},
  author={Torres, Johnny and Garc{\'\i}a, Sixto and Pel{\'a}ez, Enrique},
  booktitle={Proceedings of the 24th International Conference on Intelligent User Interfaces},
  pages={324--328},
  year={2019}
}

@inproceedings{turkay2018itero,
  title={Itero: A revision history analytics tool for exploring writing behavior and reflection},
  author={T{\"u}rkay, Selen and Seaton, Daniel and Ang, Andrew M},
  booktitle={Extended Abstracts of the 2018 CHI Conference on Human Factors in Computing Systems},
  pages={1--6},
  year={2018}
}

@article{uzawa1989writing,
  title={Writing strategies in Japanese as a foreign language: Lowering or keeping up the standards},
  author={Uzawa, Kozue and Cumming, Alister},
  journal={Canadian Modern Language Review},
  volume={46},
  number={1},
  pages={178--194},
  year={1989},
  publisher={University of Toronto Press}
}

@inproceedings{viegas2004studying,
  title={Studying cooperation and conflict between authors with history flow visualizations},
  author={Vi{\'e}gas, Fernanda B and Wattenberg, Martin and Dave, Kushal},
  booktitle={Proceedings of the SIGCHI conference on Human factors in computing systems},
  pages={575--582},
  year={2004}
}

@inproceedings{wang2015docuviz,
  title={DocuViz: visualizing collaborative writing},
  author={Wang, Dakuo and Olson, Judith S and Zhang, Jingwen and Nguyen, Trung and Olson, Gary M},
  booktitle={Proceedings of the 33rd Annual ACM conference on human factors in computing systems},
  pages={1865--1874},
  year={2015}
}

@inproceedings{wang2016unsupervised,
  title={Unsupervised clickstream clustering for user behavior analysis},
  author={Wang, Gang and Zhang, Xinyi and Tang, Shiliang and Zheng, Haitao and Zhao, Ben Y},
  booktitle={Proceedings of the 2016 CHI conference on human factors in computing systems},
  pages={225--236},
  year={2016}
}

@article{wang2017users,
  title={Why users do not want to write together when they are writing together: Users' rationales for today's collaborative writing practices},
  author={Wang, Dakuo and Tan, Haodan and Lu, Tun},
  journal={Proceedings of the ACM on Human-Computer Interaction},
  volume={1},
  number={CSCW},
  pages={1--18},
  year={2017},
  publisher={ACM New York, NY, USA}
}

@article{wolfersberger2003l1,
  title={L1 to L2 writing process and strategy transfer: A look at lower proficiency writers},
  author={Wolfersberger, Mark},
  journal={TESL-EJ},
  volume={7},
  number={2},
  pages={1--12},
  year={2003}
}

@inproceedings{wongsuphasawat2011lifeflow,
  title={LifeFlow: visualizing an overview of event sequences},
  author={Wongsuphasawat, Krist and Guerra G{\'o}mez, John Alexis and Plaisant, Catherine and Wang, Taowei David and Taieb-Maimon, Meirav and Shneiderman, Ben},
  booktitle={Proceedings of the SIGCHI conference on human factors in computing systems},
  pages={1747--1756},
  year={2011}
}

@inproceedings{wongsuphasawat2011outflow,
  title={Outflow: Visualizing patient flow by symptoms and outcome},
  author={Wongsuphasawat, Krist and Gotz, David},
  booktitle={IEEE VisWeek Workshop on Visual Analytics in Healthcare, Providence, Rhode Island, USA},
  pages={25--28},
  year={2011},
  organization={American Medical Informatics Association}
}

@article{yang2021supervisor,
  title={Supervisor as coauthor in writing for publication: Evidence from a cohort of non-native English-speaking Master of Education students},
  author={Yang, Weipeng and Li, Yongyan and Li, Hui},
  journal={SN Social Sciences},
  volume={1},
  number={2},
  pages={44},
  year={2021},
  publisher={Springer}
}

@inproceedings{zhao2015matrixwave,
  title={Matrixwave: Visual comparison of event sequence data},
  author={Zhao, Jian and Liu, Zhicheng and Dontcheva, Mira and Hertzmann, Aaron and Wilson, Alan},
  booktitle={Proceedings of the 33rd Annual ACM Conference on Human Factors in Computing Systems},
  pages={259--268},
  year={2015}
}

@article{zhao2023contextwing,
  title={ContextWing: Pair-wise Visual Comparison for Evolving Sequential Patterns of Contexts in Social Media Data Streams},
  author={Zhao, Yuheng and Wang, Xinyu and Guo, Chen and Lu, Min and Chen, Siming},
  journal={Proceedings of the ACM on Human-Computer Interaction},
  volume={7},
  number={CSCW1},
  pages={1--31},
  year={2023},
  publisher={ACM New York, NY, USA}
}

