@article{wang2017users,
  title={Why users do not want to write together when they are writing together: Users' rationales for today's collaborative writing practices},
  author={Wang, Dakuo and Tan, Haodan and Lu, Tun},
  journal={Proceedings of the ACM on Human-Computer Interaction},
  volume={1},
  number={CSCW},
  pages={1--18},
  year={2017},
  publisher={ACM New York, NY, USA}
}

@article{yang2022towards,
  title={Towards immersive collaborative sensemaking},
  author={Yang, Ying and Dwyer, Tim and Wybrow, Michael and Lee, Benjamin and Cordeil, Maxime and Billinghurst, Mark and Thomas, Bruce H},
  journal={Proceedings of the ACM on Human-Computer Interaction},
  volume={6},
  number={ISS},
  pages={722--746},
  year={2022},
  publisher={ACM New York, NY, USA}
}

@book{robinson2008design,
  title={Design for synthesis in geovisualization},
  author={Robinson, Anthony Christian},
  year={2008},
  publisher={The Pennsylvania State University}
}

@article{isenberg2011co,
  title={Co-located collaborative visual analytics around a tabletop display},
  author={Isenberg, Petra and Fisher, Danyel and Paul, Sharoda A and Morris, Meredith Ringel and Inkpen, Kori and Czerwinski, Mary},
  journal={IEEE Transactions on visualization and Computer Graphics},
  volume={18},
  number={5},
  pages={689--702},
  year={2011},
  publisher={IEEE}
}

@inproceedings{isenberg2008exploratory,
  title={An exploratory study of visual information analysis},
  author={Isenberg, Petra and Tang, Anthony and Carpendale, Sheelagh},
  booktitle={Proceedings of the SIGCHI conference on Human factors in computing systems},
  pages={1217--1226},
  year={2008}
}

@inproceedings{yang2020visual,
  title={How do visual explanations foster end users' appropriate trust in machine learning?},
  author={Yang, Fumeng and Huang, Zhuanyi and Scholtz, Jean and Arendt, Dustin L},
  booktitle={Proceedings of the 25th international conference on intelligent user interfaces},
  pages={189--201},
  year={2020}
}


@inproceedings{liang2023multiviz,
  title={MultiViz: Towards User-Centric Visualizations and Interpretations of Multimodal Models},
  author={Liang, Paul Pu and Lyu, Yiwei and Chhablani, Gunjan and Jain, Nihal and Deng, Zihao and Wang, Xingbo and Morency, Louis-Philippe and Salakhutdinov, Ruslan},
  booktitle={Extended Abstracts of the 2023 CHI Conference on Human Factors in Computing Systems},
  pages={1--21},
  year={2023}
}

@inproceedings{chatzimparmpas2020state,
  title={The state of the art in enhancing trust in machine learning models with the use of visualizations},
  author={Chatzimparmpas, Angelos and Martins, Rafael Messias and Jusufi, Ilir and Kucher, Kostiantyn and Rossi, Fabrice and Kerren, Andreas},
  booktitle={Computer Graphics Forum},
  volume={39},
  number={3},
  pages={713--756},
  year={2020},
  organization={Wiley Online Library}
}

@inproceedings{robertson2022understanding,
  title={Understanding and Being Understood: User Strategies for Identifying and Recovering From Mistranslations in Machine Translation-Mediated Chat},
  author={Robertson, Samantha and D{\'\i}az, Mark},
  booktitle={Proceedings of the 2022 ACM Conference on Fairness, Accountability, and Transparency},
  pages={2223--2238},
  year={2022}
}

@article{tammaro1997collaborative,
  title={Collaborative writing is hard to support: A field study of collaborative writing},
  author={Tammaro, Susan G. and Mosier, Jane N and Goodwin, Nancy C and Spitz, Gabriel},
  journal={Computer Supported Cooperative Work (CSCW)},
  volume={6},
  pages={19--51},
  year={1997},
  publisher={Springer}
}

@article{neuwirth2001computer,
  title={Computer support for distributed collaborative writing: A coordination science perspective},
  author={Neuwirth, Christine M and Kaufer, David S and Chandhok, Ravinder and Morris, James H},
  journal={Coordination Theory and Collaboration Technology, ed. GM Olson, TW Malone, and JB Smith, Lawrence Erlbaum Associates, New Jersey},
  year={2001}
}

@article{kraut1992task,
  title={Task requirements and media choice in collaborative writing},
  author={Kraut, Robert and Galegher, Jolene and Fish, Robert and Chalfonte, Barbara},
  journal={Human--Computer Interaction},
  volume={7},
  number={4},
  pages={375--407},
  year={1992},
  publisher={Taylor \& Francis}
}

@inproceedings{baecker1993user,
  title={The user-centered iterative design of collaborative writing software},
  author={Baecker, Ronald M and Nastos, Dimitrios and Posner, Ilona R and Mawby, Kelly L},
  booktitle={Proceedings of the INTERACT'93 and CHI'93 conference on Human factors in computing systems},
  pages={399--405},
  year={1993}
}

@article{brown2020language,
  title={Language models are few-shot learners},
  author={Brown, Tom and Mann, Benjamin and Ryder, Nick and Subbiah, Melanie and Kaplan, Jared D and Dhariwal, Prafulla and Neelakantan, Arvind and Shyam, Pranav and Sastry, Girish and Askell, Amanda and others},
  journal={Advances in neural information processing systems},
  volume={33},
  pages={1877--1901},
  year={2020}
}

@article{ouyang2022training,
  title={Training language models to follow instructions with human feedback},
  author={Ouyang, Long and Wu, Jeffrey and Jiang, Xu and Almeida, Diogo and Wainwright, Carroll and Mishkin, Pamela and Zhang, Chong and Agarwal, Sandhini and Slama, Katarina and Ray, Alex and others},
  journal={Advances in Neural Information Processing Systems},
  volume={35},
  pages={27730--27744},
  year={2022}
}

@inproceedings{stasko2000focus+,
  title={Focus+ context display and navigation techniques for enhancing radial, space-filling hierarchy visualizations},
  author={Stasko, John and Zhang, Eugene},
  booktitle={IEEE Symposium on Information Visualization 2000. INFOVIS 2000. Proceedings},
  pages={57--65},
  year={2000},
  organization={IEEE}
}

@article{liu2016patterns,
  title={Patterns and sequences: Interactive exploration of clickstreams to understand common visitor paths},
  author={Liu, Zhicheng and Wang, Yang and Dontcheva, Mira and Hoffman, Matthew and Walker, Seth and Wilson, Alan},
  journal={IEEE transactions on visualization and computer graphics},
  volume={23},
  number={1},
  pages={321--330},
  year={2016},
  publisher={IEEE}
}

@inproceedings{wongsuphasawat2011lifeflow,
  title={LifeFlow: visualizing an overview of event sequences},
  author={Wongsuphasawat, Krist and Guerra G{\'o}mez, John Alexis and Plaisant, Catherine and Wang, Taowei David and Taieb-Maimon, Meirav and Shneiderman, Ben},
  booktitle={Proceedings of the SIGCHI conference on human factors in computing systems},
  pages={1747--1756},
  year={2011}
}

@inproceedings{wattenberg2002arc,
  title={Arc diagrams: Visualizing structure in strings},
  author={Wattenberg, Martin},
  booktitle={IEEE Symposium on Information Visualization, 2002. INFOVIS 2002.},
  pages={110--116},
  year={2002},
  organization={IEEE}
}

@inproceedings{wongsuphasawat2011outflow,
  title={Outflow: Visualizing patient flow by symptoms and outcome},
  author={Wongsuphasawat, Krist and Gotz, David},
  booktitle={IEEE VisWeek Workshop on Visual Analytics in Healthcare, Providence, Rhode Island, USA},
  pages={25--28},
  year={2011},
  organization={American Medical Informatics Association}
}

@inproceedings{perer2014frequence,
  title={Frequence: Interactive mining and visualization of temporal frequent event sequences},
  author={Perer, Adam and Wang, Fei},
  booktitle={Proceedings of the 19th international conference on Intelligent User Interfaces},
  pages={153--162},
  year={2014}
}

@misc{grammarly,
author = {Grammarly Inc.},
title = {Grammarly},
howpublished = {\url{https://www.grammarly.com/}},
month = {1},
year = {2024},
note = {Accessed on 01/26/2024}
}

@article{myers1986nd,
  title={An O (ND) difference algorithm and its variations},
  author={Myers, Eugene W},
  journal={Algorithmica},
  volume={1},
  number={1-4},
  pages={251--266},
  year={1986},
  publisher={Springer}
}

@misc{vscode,
author = {Microsoft},
title = {Visual Studio Code - Code Editing. Redefined},
howpublished = {\url{https://code.visualstudio.com/}},
month = {9},
year = {2024},
note = {(Accessed on 09/09/2024)}
}

@article{vanmassenhove2019lost,
  title={Lost in translation: Loss and decay of linguistic richness in machine translation},
  author={Vanmassenhove, Eva and Shterionov, Dimitar and Way, Andy},
  journal={arXiv preprint arXiv:1906.12068},
  year={2019}
}

@article{zyska2023care,
  title={CARE: Collaborative AI-Assisted Reading Environment},
  author={Zyska, Dennis and Dycke, Nils and Buchmann, Jan and Kuznetsov, Ilia and Gurevych, Iryna},
  journal={arXiv preprint arXiv:2302.12611},
  year={2023}
}


@inproceedings{kim2024diarymate,
  title={DiaryMate: Understanding User Perceptions and Experience in Human-AI Collaboration for Personal Journaling},
  author={Kim, Taewan and Shin, Donghoon and Kim, Young-Ho and Hong, Hwajung},
  booktitle={Proceedings of the CHI Conference on Human Factors in Computing Systems},
  pages={1--15},
  year={2024}
}

@inproceedings{sun2024reviewflow,
  title={ReviewFlow: Intelligent Scaffolding to Support Academic Peer Reviewing},
  author={Sun, Lu and Chan, Aaron and Chang, Yun Seo and Dow, Steven P},
  booktitle={Proceedings of the 29th International Conference on Intelligent User Interfaces},
  pages={120--137},
  year={2024}
}


@inproceedings{dang2023choice,
  title={Choice over control: How users write with large language models using diegetic and non-diegetic prompting},
  author={Dang, Hai and Goller, Sven and Lehmann, Florian and Buschek, Daniel},
  booktitle={Proceedings of the 2023 CHI Conference on Human Factors in Computing Systems},
  pages={1--17},
  year={2023}
}

@inproceedings{reza2024abscribe,
  title={ABScribe: Rapid Exploration \& Organization of Multiple Writing Variations in Human-AI Co-Writing Tasks using Large Language Models},
  author={Reza, Mohi and Laundry, Nathan M and Musabirov, Ilya and Dushniku, Peter and Yu, Zhi Yuan “Michael” and Mittal, Kashish and Grossman, Tovi and Liut, Michael and Kuzminykh, Anastasia and Williams, Joseph Jay},
  booktitle={Proceedings of the CHI Conference on Human Factors in Computing Systems},
  pages={1--18},
  year={2024}
}



@inproceedings{lee2024design,
  title={A Design Space for Intelligent and Interactive Writing Assistants},
  author={Lee, Mina and Gero, Katy Ilonka and Chung, John Joon Young and Shum, Simon Buckingham and Raheja, Vipul and Shen, Hua and Venugopalan, Subhashini and Wambsganss, Thiemo and Zhou, David and Alghamdi, Emad A and others},
  booktitle={Proceedings of the CHI Conference on Human Factors in Computing Systems},
  pages={1--35},
  year={2024}
}

@article{laban2023beyond,
  title={Beyond the Chat: Executable and Verifiable Text-Editing with LLMs},
  author={Laban, Philippe and Vig, Jesse and Hearst, Marti A and Xiong, Caiming and Wu, Chien-Sheng},
  journal={arXiv preprint arXiv:2309.15337},
  year={2023}
}

@inproceedings{zhang2023visar,
  title={Visar: A human-ai argumentative writing assistant with visual programming and rapid draft prototyping},
  author={Zhang, Zheng and Gao, Jie and Dhaliwal, Ranjodh Singh and Li, Toby Jia-Jun},
  booktitle={Proceedings of the 36th Annual ACM Symposium on User Interface Software and Technology},
  pages={1--30},
  year={2023}
}

@inproceedings{dang2022beyond,
  title={Beyond Text Generation: Supporting Writers with Continuous Automatic Text Summaries},
  author={Dang, Hai and Benharrak, Karim and Lehmann, Florian and Buschek, Daniel},
  booktitle={Proceedings of the 35th Annual ACM Symposium on User Interface Software and Technology},
  pages={1--13},
  year={2022}
}


@inproceedings{chen2024worddecipher,
  title={WordDecipher: Enhancing Digital Workspace Communication with Explainable AI for Non-native English Speakers},
  author={Chen, Yuexi and Liu, Zhicheng},
  booktitle={Proceedings of the Third Workshop on Intelligent and Interactive Writing Assistants},
  pages={7--10},
  year={2024}
}

@article{kim2023towards,
  title={Towards explainable ai writing assistants for non-native english speakers},
  author={Kim, Yewon and Lee, Mina and Kim, Donghwi and Lee, Sung-Ju},
  journal={arXiv preprint arXiv:2304.02625},
  year={2023}
}

@misc{confluence,
author = {Atlassian},
title = {Confluence | Your Remote-Friendly Team Workspace | Atlassian},
howpublished = {\url{https://www.atlassian.com/software/confluence}},
month = {9},
year = {2024},
note = {(Accessed on 09/09/2024)}
}

@misc{googlediff,
author = {},
title = {google/diff-match-patch: Diff Match Patch is a high-performance library in multiple languages that manipulates plain text.},
howpublished = {\url{https://github.com/google/diff-match-patch?tab=readme-ov-file}},
month = {2},
year = {2024},
note = {(Accessed on 02/16/2024)}
}

@book{munzner2014visualization,
  title={Visualization analysis and design},
  author={Munzner, Tamara},
  year={2014},
  publisher={CRC press}
}

@misc{Investin10:online,
author = {},
title = {Investing in English Skills: The Limited English Proficient Workforce in U.S. Metropolitan Areas | Brookings},
howpublished = {https://www.brookings.edu/articles/investing-in-english-skills-the-limited-english-proficient-workforce-in-u-s-metropolitan-areas/},
month = {},
year = {},
note = {(Accessed on 02/15/2024)}
}

@misc{internationalWiki,
author = {},
title = {International student - Wikipedia},
howpublished = {\url{https://en.wikipedia.org/wiki/International_student}},
month = {2},
year = {2024},
note = {(Accessed on 02/12/2024)}
}

@misc{American51:online,
author = {},
title = {American Council on the Teaching of Foreign Languages - Wikipedia},
howpublished = {\url{https://en.wikipedia.org/wiki/American_Council_on_the_Teaching_of_Foreign_Languages}},
month = {},
year = {},
note = {(Accessed on 02/15/2024)}
}

@misc{CommonEu26:online,
author = {},
title = {Common European Framework of Reference for Languages - Wikipedia},
howpublished = {\url{https://en.wikipedia.org/wiki/Common_European_Framework_of_Reference_for_Languages}},
month = {},
year = {},
note = {(Accessed on 02/15/2024)}
}

@misc{ILRscale69:online,
author = {},
title = {ILR scale - Wikipedia},
howpublished = {\url{https://en.wikipedia.org/wiki/ILR_scale}},
month = {2},
year = {2024},
note = {(Accessed on 02/15/2024)}
}

@misc{Foreignb89:online,
author = {},
title = {Foreign-born workers were a record high 18.1 percent of the U.S. civilian labor force in 2022 : The Economics Daily: U.S. Bureau of Labor Statistics},
howpublished = {https://www.bls.gov/opub/ted/2023/foreign-born-workers-were-a-record-high-18-1-percent-of-the-u-s-civilian-labor-force-in-2022.htm},
month = {2},
year = {2024},
note = {(Accessed on 02/12/2024)}
}

@misc{VisionOp27:online,
author = {Open AI},
title = {{Vision - OpenAI API}},
howpublished = {\url{https://platform.openai.com/docs/guides/vision}},
month = {2},
year = {2024},
note = {(Accessed on 02/06/2024)}
}

@article{ghufron2018role,
  title={The role of Grammarly in assessing English as a Foreign Language (EFL) writing},
  author={Ghufron, M Ali and Rosyida, Fathia},
  journal={Lingua Cultura},
  volume={12},
  number={4},
  pages={395--403},
  year={2018},
  publisher={Bina Nusantara University}
}

@article{shibani2023visual,
  title={Visual Representation of Co-Authorship with GPT-3: Studying Human-Machine Interaction for Effective Writing.},
  author={Shibani, Antonette and Rajalakshmi, Ratnavel and Mattins, Faerie and Selvaraj, Srivarshan and Knight, Simon},
  journal={International Educational Data Mining Society},
  year={2023},
  publisher={ERIC}
}

@article{wattenberg2008word,
  title={The word tree, an interactive visual concordance},
  author={Wattenberg, Martin and Vi{\'e}gas, Fernanda B},
  journal={IEEE transactions on visualization and computer graphics},
  volume={14},
  number={6},
  pages={1221--1228},
  year={2008},
  publisher={IEEE}
}

@article{cui2011textflow,
  title={Textflow: Towards better understanding of evolving topics in text},
  author={Cui, Weiwei and Liu, Shixia and Tan, Li and Shi, Conglei and Song, Yangqiu and Gao, Zekai and Qu, Huamin and Tong, Xin},
  journal={IEEE transactions on visualization and computer graphics},
  volume={17},
  number={12},
  pages={2412--2421},
  year={2011},
  publisher={IEEE}
}

@article{gad2015themedelta,
  title={ThemeDelta: Dynamic segmentations over temporal topic models},
  author={Gad, Samah and Javed, Waqas and Ghani, Sohaib and Elmqvist, Niklas and Ewing, Tom and Hampton, Keith N and Ramakrishnan, Naren},
  journal={IEEE transactions on visualization and computer graphics},
  volume={21},
  number={5},
  pages={672--685},
  year={2015},
  publisher={IEEE}
}


@inproceedings{hoque2022dramatvis,
  title={DramatVis Personae: Visual text analytics for identifying social biases in creative writing},
  author={Hoque, Md Naimul and Ghai, Bhavya and Elmqvist, Niklas},
  booktitle={Designing Interactive Systems Conference},
  pages={1260--1276},
  year={2022}
}

@article{hoque2023portrayal,
  title={Portrayal: Leveraging NLP and Visualization for Analyzing Fictional Characters},
  author={Hoque, Md Naimul and Ghai, Bhavya and Kraus, Kari and Elmqvist, Niklas},
  year={2023}
}

@article{mccurdy2015poemage,
  title={Poemage: Visualizing the sonic topology of a poem},
  author={McCurdy, Nina and Lein, Julie and Coles, Katharine and Meyer, Miriah},
  journal={IEEE transactions on visualization and computer graphics},
  volume={22},
  number={1},
  pages={439--448},
  year={2015},
  publisher={IEEE}
}

@inproceedings{chang2018recipescape,
  title={Recipescape: An interactive tool for analyzing cooking instructions at scale},
  author={Chang, Minsuk and Guillain, L{\'e}onore V and Jung, Hyeungshik and Hare, Vivian M and Kim, Juho and Agrawala, Maneesh},
  booktitle={Proceedings of the 2018 CHI conference on human factors in computing systems},
  pages={1--12},
  year={2018}
}

@inproceedings{kong2012delta,
  title={Delta: a tool for representing and comparing workflows},
  author={Kong, Nicholas and Grossman, Tovi and Hartmann, Bj{\"o}rn and Agrawala, Maneesh and Fitzmaurice, George},
  booktitle={Proceedings of the SIGCHI Conference on Human Factors in Computing Systems},
  pages={1027--1036},
  year={2012}
}

@inproceedings{tang2019coin,
  title={Coin: A large-scale dataset for comprehensive instructional video analysis},
  author={Tang, Yansong and Ding, Dajun and Rao, Yongming and Zheng, Yu and Zhang, Danyang and Zhao, Lili and Lu, Jiwen and Zhou, Jie},
  booktitle={Proceedings of the IEEE/CVF Conference on Computer Vision and Pattern Recognition},
  pages={1207--1216},
  year={2019}
}

@inproceedings{zhou2018towards,
  title={Towards automatic learning of procedures from web instructional videos},
  author={Zhou, Luowei and Xu, Chenliang and Corso, Jason J},
  booktitle={Thirty-Second AAAI Conference on Artificial Intelligence},
  year={2018}
}

@online{Dessertisans,
  author = "Dessertisans",
  year ="2023",
  title= "Compare ingredient percentages between two recipes",
  url = "https://dessertisans.com/insight/compare-ingredient-percentages-between-two-recipes/",
}


@online{epicurous,
  author = "Conde Nast",
  year ="2023",
  title= "Epicurious – Recipes, Menu Ideas, Videos & Cooking Tips",
  url = "https://www.epicurious.com/",
}

@online{g2,
  author = "G2.com",
  year ="2023",
  title= "G2: where you go for software.",
  url = "https://www.g2.com/",
}

@article{pavel2013browsing,
  title={Browsing and analyzing the command-level structure of large collections of image manipulation tutorials},
  author={Pavel, Amy and Berthouzoz, Floraine and Hartmann, Bj{\"o}rn and Agrawala, Maneesh},
  journal={Citeseer, Tech. Rep.},
  year={2013}
}

@inproceedings{donatelli2021aligning,
  title={Aligning actions across recipe graphs},
  author={Donatelli, Lucia and Schmidt, Theresa and Biswas, Debanjali and K{\"o}hn, Arne and Zhai, Fangzhou and Koller, Alexander},
  booktitle={Proceedings of the 2021 Conference on Empirical Methods in Natural Language Processing},
  pages={6930--6942},
  year={2021}
}

@article{lin2020recipe,
  title={A recipe for creating multimodal aligned datasets for sequential tasks},
  author={Lin, Angela S and Rao, Sudha and Celikyilmaz, Asli and Nouri, Elnaz and Brockett, Chris and Dey, Debadeepta and Dolan, Bill},
  journal={arXiv preprint arXiv:2005.09606},
  year={2020}
}

@article{guo2017eventthread,
  title={Eventthread: Visual summarization and stage analysis of event sequence data},
  author={Guo, Shunan and Xu, Ke and Zhao, Rongwen and Gotz, David and Zha, Hongyuan and Cao, Nan},
  journal={IEEE transactions on visualization and computer graphics},
  volume={24},
  number={1},
  pages={56--65},
  year={2017},
  publisher={IEEE}
}

@article{guo2018visual,
  title={Visual progression analysis of event sequence data},
  author={Guo, Shunan and Jin, Zhuochen and Gotz, David and Du, Fan and Zha, Hongyuan and Cao, Nan},
  journal={IEEE transactions on visualization and computer graphics},
  volume={25},
  number={1},
  pages={417--426},
  year={2018},
  publisher={IEEE}
}


@inproceedings{guo2019visual,
  title={Visual anomaly detection in event sequence data},
  author={Guo, Shunan and Jin, Zhuochen and Chen, Qing and Gotz, David and Zha, Hongyuan and Cao, Nan},
  booktitle={2019 IEEE International Conference on Big Data (Big Data)},
  pages={1125--1130},
  year={2019},
  organization={IEEE}
}

@inproceedings{liu2017coreflow,
  title={Coreflow: Extracting and visualizing branching patterns from event sequences},
  author={Liu, Zhicheng and Kerr, Bernard and Dontcheva, Mira and Grover, Justin and Hoffman, Matthew and Wilson, Alan},
  booktitle={Computer Graphics Forum},
  volume={36},
  number={3},
  pages={527--538},
  year={2017},
  organization={Wiley Online Library}
}

@inproceedings{plaisant1996lifelines,
  title={LifeLines: visualizing personal histories},
  author={Plaisant, Catherine and Milash, Brett and Rose, Anne and Widoff, Seth and Shneiderman, Ben},
  booktitle={Proceedings of the SIGCHI conference on Human factors in computing systems},
  pages={221--227},
  year={1996}
}

@inproceedings{zhao2015matrixwave,
  title={Matrixwave: Visual comparison of event sequence data},
  author={Zhao, Jian and Liu, Zhicheng and Dontcheva, Mira and Hertzmann, Aaron and Wilson, Alan},
  booktitle={Proceedings of the 33rd Annual ACM Conference on Human Factors in Computing Systems},
  pages={259--268},
  year={2015}
}

@article{chen2017sequence,
  title={Sequence synopsis: Optimize visual summary of temporal event data},
  author={Chen, Yuanzhe and Xu, Panpan and Ren, Liu},
  journal={IEEE transactions on visualization and computer graphics},
  volume={24},
  number={1},
  pages={45--55},
  year={2017},
  publisher={IEEE}
}

@article{souvcek2020transnet,
  title={Transnet V2: an effective deep network architecture for fast shot transition detection},
  author={Sou{\v{c}}ek, Tom{\'a}{\v{s}} and Loko{\v{c}}, Jakub},
  journal={arXiv preprint arXiv:2008.04838},
  year={2020}
}


@inproceedings{lokovc2019framework,
  title={A framework for effective known-item search in video},
  author={Loko{\v{c}}, Jakub and Koval{\v{c}}{\'\i}k, Gregor and Sou{\v{c}}ek, Tom{\'a}{\v{s}} and Moravec, Jaroslav and {\v{C}}ech, P{\v{r}}emysl},
  booktitle={Proceedings of the 27th ACM International Conference on Multimedia},
  pages={1777--1785},
  year={2019}
}

@inproceedings{sun2019videobert,
  title={Videobert: A joint model for video and language representation learning},
  author={Sun, Chen and Myers, Austin and Vondrick, Carl and Murphy, Kevin and Schmid, Cordelia},
  booktitle={Proceedings of the IEEE/CVF international conference on computer vision},
  pages={7464--7473},
  year={2019}
}

@book{newport2016deep,
  title={Deep work: Rules for focused success in a distracted world},
  author={Newport, Cal},
  year={2016},
  publisher={Hachette UK}
}

@incollection{shneiderman2003eyes,
  title={The eyes have it: A task by data type taxonomy for information visualizations},
  author={Shneiderman, Ben},
  booktitle={The craft of information visualization},
  pages={364--371},
  year={2003},
  publisher={Elsevier}
}



@inproceedings{chuang2012termite,
  title={Termite: Visualization techniques for assessing textual topic models},
  author={Chuang, Jason and Manning, Christopher D and Heer, Jeffrey},
  booktitle={Proceedings of the international working conference on advanced visual interfaces},
  pages={74--77},
  year={2012}
}

@article{yim2017web,
  title={Web-based collaborative writing in L2 contexts: Methodological insights from text mining},
  author={Yim, Soobin and Warschauer, Mark},
  year={2017},
  publisher={University of Hawaii National Foreign Language Resource Center}
}

@article{malik2016high,
  title={High-volume hypothesis testing: Systematic exploration of event sequence comparisons},
  author={Malik, Sana and Shneiderman, Ben and Du, Fan and Plaisant, Catherine and Bjarnadottir, Margret},
  journal={ACM Transactions on Interactive Intelligent Systems (TiiS)},
  volume={6},
  number={1},
  pages={1--23},
  year={2016},
  publisher={ACM New York, NY, USA}
}

@article{zhao2023contextwing,
  title={ContextWing: Pair-wise Visual Comparison for Evolving Sequential Patterns of Contexts in Social Media Data Streams},
  author={Zhao, Yuheng and Wang, Xinyu and Guo, Chen and Lu, Min and Chen, Siming},
  journal={Proceedings of the ACM on Human-Computer Interaction},
  volume={7},
  number={CSCW1},
  pages={1--31},
  year={2023},
  publisher={ACM New York, NY, USA}
}

@inproceedings{malik2015cohort,
  title={Cohort comparison of event sequences with balanced integration of visual analytics and statistics},
  author={Malik, Sana and Du, Fan and Monroe, Megan and Onukwugha, Eberechukwu and Plaisant, Catherine and Shneiderman, Ben},
  booktitle={Proceedings of the 20th International Conference on Intelligent User Interfaces},
  pages={38--49},
  year={2015}
}

@article{villarreal2020effect,
  title={The effect of collaborative writing in an EFL secondary setting},
  author={Villarreal, Izaskun and Gil-Sarratea, Nora},
  journal={Language Teaching Research},
  volume={24},
  number={6},
  pages={874--897},
  year={2020},
  publisher={SAGE Publications Sage UK: London, England}
}

@inproceedings{torres2019visualizing,
  title={Visualizing authorship and contribution of collaborative writing in e-learning environments},
  author={Torres, Johnny and Garc{\'\i}a, Sixto and Pel{\'a}ez, Enrique},
  booktitle={Proceedings of the 24th International Conference on Intelligent User Interfaces},
  pages={324--328},
  year={2019}
}

@inproceedings{neuwirth1994distributed,
  title={Distributed collaborative writing: A comparison of spoken and written modalities for reviewing and revising documents},
  author={Neuwirth, Christine M and Chandhok, Ravinder and Charney, David and Wojahn, Patricia and Kim, Loel},
  booktitle={Proceedings of the sigchi conference on human factors in computing systems},
  pages={51--57},
  year={1994}
}

@inproceedings{park2023importance,
  title={Why “why”? The Importance of Communicating Rationales for Edits in Collaborative Writing},
  author={Park, So Yeon and Lee, Sang Won},
  booktitle={Proceedings of the 2023 CHI Conference on Human Factors in Computing Systems},
  pages={1--25},
  year={2023}
}

@inproceedings{birnholtz2012tracking,
  title={Tracking changes in collaborative writing: edits, visibility and group maintenance},
  author={Birnholtz, Jeremy and Ibara, Steven},
  booktitle={Proceedings of the ACM 2012 conference on Computer Supported Cooperative Work},
  pages={809--818},
  year={2012}
}

@article{sarrafzadeh2021characterizing,
  title={Characterizing stage-aware writing assistance for collaborative document authoring},
  author={Sarrafzadeh, Bahareh and Jauhar, Sujay Kumar and Gamon, Michael and Lank, Edward and White, Ryen W},
  journal={Proceedings of the ACM on Human-Computer Interaction},
  volume={4},
  number={CSCW3},
  pages={1--29},
  year={2021},
  publisher={ACM New York, NY, USA}
}

@inproceedings{larsen2020collaborative,
  title={Collaborative writing across multiple artifact ecologies},
  author={Larsen-Ledet, Ida and Korsgaard, Henrik and B{\o}dker, Susanne},
  booktitle={Proceedings of the 2020 CHI conference on human factors in computing systems},
  pages={1--14},
  year={2020}
}

@inproceedings{perez2018organic,
  title={Organic visualization of document evolution},
  author={Perez-Messina, Ignacio and Gutierrez, Claudio and Graells-Garrido, Eduardo},
  booktitle={Proceedings of the 23rd International Conference on Intelligent User Interfaces},
  pages={497--501},
  year={2018}
}

@article{tian2021system,
  title={A system for interleaving discussion and summarization in online collaboration},
  author={Tian, Sunny and Zhang, Amy X and Karger, David},
  journal={Proceedings of the ACM on Human-Computer Interaction},
  volume={4},
  number={CSCW3},
  pages={1--27},
  year={2021},
  publisher={ACM New York, NY, USA}
}

@inproceedings{pe2018collaborative,
  title={Collaborative writing on GitHub: a case study of a book project},
  author={Pe-Than, Ei Pa Pa and Dabbish, Laura and Herbsleb, James D},
  booktitle={Companion of the 2018 ACM Conference on Computer Supported Cooperative Work and Social Computing},
  pages={305--308},
  year={2018}
}

@inproceedings{mcnely2012learning,
  title={Learning analytics for collaborative writing: a prototype and case study},
  author={McNely, Brian J and Gestwicki, Paul and Hill, J Holden and Parli-Horne, Philip and Johnson, Erika},
  booktitle={Proceedings of the 2nd International Conference on Learning Analytics and Knowledge},
  pages={222--225},
  year={2012}
}

@inproceedings{hu2016automating,
  title={Automating assessment of collaborative writing quality in multiple stages: The case of wiki},
  author={Hu, Xiao and Ng, Tzi-Dong Jeremy and Tian, Lu and Lei, Chi-Un},
  booktitle={Proceedings of the Sixth International Conference on Learning Analytics \& Knowledge},
  pages={518--519},
  year={2016}
}

@inproceedings{southavilay2013analysis,
  title={Analysis of collaborative writing processes using revision maps and probabilistic topic models},
  author={Southavilay, Vilaythong and Yacef, Kalina and Reimann, Peter and Calvo, Rafael A},
  booktitle={Proceedings of the third international conference on learning analytics and knowledge},
  pages={38--47},
  year={2013}
}

@inproceedings{hughes1998ceilidh,
  title={Ceilidh: collaborative writing on the Web},
  author={Hughes, Richard J and Shewmake, Jake and Okelberry, Christopher R},
  booktitle={Proceedings of the 1998 ACM symposium on Applied Computing},
  pages={732--736},
  year={1998}
}

@inproceedings{tian2020system,
  title={A system for interleaving discussion and summarization in collaborative document writing},
  author={Tian, Sunny and Zhang, Amy X and Karger, David},
  booktitle={Conference Companion Publication of the 2020 on Computer Supported Cooperative Work and Social Computing},
  pages={59--63},
  year={2020}
}

@inproceedings{lamas2012conceptual,
  title={A conceptual model for collaborative scientific writing},
  author={Lamas, David and Tomberg, Vladimir and Laanpere, Mart},
  booktitle={Proceedings of the ACM 2012 conference on Computer Supported Cooperative Work Companion},
  pages={151--154},
  year={2012}
}

@article{olson2017people,
  title={How people write together now: Beginning the investigation with advanced undergraduates in a project course},
  author={Olson, Judith S and Wang, Dakuo and Olson, Gary M and Zhang, Jingwen},
  journal={ACM Transactions on Computer-Human Interaction (TOCHI)},
  volume={24},
  number={1},
  pages={1--40},
  year={2017},
  publisher={ACM New York, NY, USA}
}

@inproceedings{kutt2019eye,
  title={Eye-write: Gaze sharing for collaborative writing},
  author={K{\"u}tt, Grete Helena and Lee, Kevin and Hardacre, Ethan and Papoutsaki, Alexandra},
  booktitle={Proceedings of the 2019 CHI Conference on Human Factors in Computing Systems},
  pages={1--12},
  year={2019}
}

@inproceedings{raikundalia2005newly,
  title={Newly-discovered group awareness mechanisms for supporting real-time collaborative authoring},
  author={Raikundalia, Gitesh K and Zhang, Hao Lan},
  booktitle={Proceedings of the Sixth Australasian conference on User interface-Volume 40},
  pages={127--136},
  year={2005}
}

@inproceedings{viegas2004studying,
  title={Studying cooperation and conflict between authors with history flow visualizations},
  author={Vi{\'e}gas, Fernanda B and Wattenberg, Martin and Dave, Kushal},
  booktitle={Proceedings of the SIGCHI conference on Human factors in computing systems},
  pages={575--582},
  year={2004}
}



@inproceedings{kittur2007he,
  title={He says, she says: conflict and coordination in Wikipedia},
  author={Kittur, Aniket and Suh, Bongwon and Pendleton, Bryan A and Chi, Ed H},
  booktitle={Proceedings of the SIGCHI conference on Human factors in computing systems},
  pages={453--462},
  year={2007}
}

@inproceedings{suh2008lifting,
  title={Lifting the veil: improving accountability and social transparency in Wikipedia with wikidashboard},
  author={Suh, Bongwon and Chi, Ed H and Kittur, Aniket and Pendleton, Bryan A},
  booktitle={Proceedings of the SIGCHI Conference on Human Factors in Computing Systems},
  pages={1037--1040},
  year={2008}
}


@inproceedings{flock2015towards,
  title={Towards Better Visual Tools for Exploring Wikipedia Article Development—The Use Case of" Gamergate Controversy"},
  author={Fl{\"o}ck, Fabian and Laniado, David and Stadthaus, Felix and Acosta, Maribel},
  booktitle={Proceedings of the International AAAI Conference on Web and Social Media},
  volume={9},
  number={5},
  pages={48--55},
  year={2015}
}

@inproceedings{flock2015whovis,
  title={whovis: Visualizing editor interactions and dynamics in collaborative writing over time},
  author={Fl{\"o}ck, Fabian and Acosta, Maribel},
  booktitle={Proceedings of the 24th International Conference on World Wide Web},
  pages={191--194},
  year={2015}
}

@article{borra2014contropedia,
  title={Contropedia-the analysis and visualization of controversies in Wikipedia articles.},
  author={Borra, Erik and Weltevrede, Esther and Ciuccarelli, Paolo and Kaltenbrunner, Andreas and Laniado, David and Magni, Giovanni and Mauri, Michele and Rogers, Richard and Venturini, Tommaso and others},
  journal={OpenSym},
  volume={34},
  pages={31},
  year={2014}
}

@article{bach2015time,
  title={Time curves: Folding time to visualize patterns of temporal evolution in data},
  author={Bach, Benjamin and Shi, Conglei and Heulot, Nicolas and Madhyastha, Tara and Grabowski, Tom and Dragicevic, Pierre},
  journal={IEEE transactions on visualization and computer graphics},
  volume={22},
  number={1},
  pages={559--568},
  year={2015},
  publisher={IEEE}
}

@article{kurhila2001correction,
  title={Correction in talk between native and non-native speaker},
  author={Kurhila, Salla},
  journal={Journal of Pragmatics},
  volume={33},
  number={7},
  pages={1083--1110},
  year={2001},
  publisher={Elsevier}
}

@misc{overleaf,
author = {Overleaf},
title = {Overleaf, Online LaTeX Editor},
howpublished = {\url{https://www.overleaf.com}},
month = {9},
year = {2024},
note = {(Accessed on 09/10/2024)}
}

@inproceedings{guo2023edit,
  title={Edit-History Vis: An Interactive Visual Exploration and Analysis on Wikipedia Edit History},
  author={Guo, Yuhan and Han, Qin and Lou, Yuke and Wang, Yiming and Liu, Can and Yuan, Xiaoru},
  booktitle={2023 IEEE 16th Pacific Visualization Symposium (PacificVis)},
  pages={157--166},
  year={2023},
  organization={IEEE}
}

@article{mohammad2016translation,
  title={How translation alters sentiment},
  author={Mohammad, Saif M and Salameh, Mohammad and Kiritchenko, Svetlana},
  journal={Journal of Artificial Intelligence Research},
  volume={55},
  pages={95--130},
  year={2016}
}



@inproceedings{wang2015docuviz,
  title={DocuViz: visualizing collaborative writing},
  author={Wang, Dakuo and Olson, Judith S and Zhang, Jingwen and Nguyen, Trung and Olson, Gary M},
  booktitle={Proceedings of the 33rd Annual ACM conference on human factors in computing systems},
  pages={1865--1874},
  year={2015}
}

@inproceedings{wang2016unsupervised,
  title={Unsupervised clickstream clustering for user behavior analysis},
  author={Wang, Gang and Zhang, Xinyi and Tang, Shiliang and Zheng, Haitao and Zhao, Ben Y},
  booktitle={Proceedings of the 2016 CHI conference on human factors in computing systems},
  pages={225--236},
  year={2016}
}



@inproceedings{turkay2018itero,
  title={Itero: A revision history analytics tool for exploring writing behavior and reflection},
  author={T{\"u}rkay, Selen and Seaton, Daniel and Ang, Andrew M},
  booktitle={Extended Abstracts of the 2018 CHI Conference on Human Factors in Computing Systems},
  pages={1--6},
  year={2018}
}

@article{kumpf2017visualizing,
  title={Visualizing confidence in cluster-based ensemble weather forecast analyses},
  author={Kumpf, Alexander and Tost, Bianca and Baumgart, Marlene and Riemer, Michael and Westermann, R{\"u}diger and Rautenhaus, Marc},
  journal={IEEE transactions on visualization and computer graphics},
  volume={24},
  number={1},
  pages={109--119},
  year={2017},
  publisher={IEEE}
}

@article{zhang2023clusterllm,
  title={ClusterLLM: Large Language Models as a Guide for Text Clustering},
  author={Zhang, Yuwei and Wang, Zihan and Shang, Jingbo},
  journal={arXiv preprint arXiv:2305.14871},
  year={2023}
}

@article{viswanathan2023large,
  title={Large language models enable few-shot clustering},
  author={Viswanathan, Vijay and Gashteovski, Kiril and Lawrence, Carolin and Wu, Tongshuang and Neubig, Graham},
  journal={arXiv preprint arXiv:2307.00524},
  year={2023}
}

@article{dai2023llm,
  title={LLM-in-the-loop: Leveraging large language model for thematic analysis},
  author={Dai, Shih-Chieh and Xiong, Aiping and Ku, Lun-Wei},
  journal={arXiv preprint arXiv:2310.15100},
  year={2023}
}

@inproceedings{ma2023insightpilot,
  title={InsightPilot: An LLM-Empowered Automated Data Exploration System},
  author={Ma, Pingchuan and Ding, Rui and Wang, Shuai and Han, Shi and Zhang, Dongmei},
  booktitle={Proceedings of the 2023 Conference on Empirical Methods in Natural Language Processing: System Demonstrations},
  pages={346--352},
  year={2023}
}

@inproceedings{choo2013interactive,
  title={An interactive visual testbed system for dimension reduction and clustering of large-scale high-dimensional data},
  author={Choo, Jaegul and Lee, Hanseung and Liu, Zhicheng and Stasko, John and Park, Haesun},
  booktitle={Visualization and Data Analysis 2013},
  volume={8654},
  pages={865402},
  year={2013},
  organization={SPIE}
}


@article{bruneau2015cluster,
  title={Cluster sculptor, an interactive visual clustering system},
  author={Bruneau, Pierrick and Pinheiro, Philippe and Broeksema, Bertjan and Otjacques, Beno{\^\i}t},
  journal={Neurocomputing},
  volume={150},
  pages={627--644},
  year={2015},
  publisher={Elsevier}
}

@inproceedings{chang2016appgrouper,
  title={AppGrouper: Knowledge-based interactive clustering tool for app search results},
  author={Chang, Shuo and Dai, Peng and Hong, Lichan and Sheng, Cheng and Zhang, Tianjiao and Chi, Ed H},
  booktitle={Proceedings of the 21st International Conference on Intelligent User Interfaces},
  pages={348--358},
  year={2016}
}

@article{hoque2016interactive,
  title={Interactive topic modeling for exploring asynchronous online conversations: Design and evaluation of ConVisIT},
  author={Hoque, Enamul and Carenini, Giuseppe},
  journal={ACM Transactions on Interactive Intelligent Systems (TiiS)},
  volume={6},
  number={1},
  pages={1--24},
  year={2016},
  publisher={ACM New York, NY, USA}
}

@article{sherkat2019visual,
  title={A visual analytics approach for interactive document clustering},
  author={Sherkat, Ehsan and Milios, Evangelos E and Minghim, Rosane},
  journal={ACM Transactions on Interactive Intelligent Systems (TiiS)},
  volume={10},
  number={1},
  pages={1--33},
  year={2019},
  publisher={ACM New York, NY, USA}
}

@article{seo2002interactively,
  title={Interactively exploring hierarchical clustering results [gene identification]},
  author={Seo, Jinwook and Shneiderman, Ben},
  journal={Computer},
  volume={35},
  number={7},
  pages={80--86},
  year={2002},
  publisher={IEEE}
}

@inproceedings{sievert2014ldavis,
  title={LDAvis: A method for visualizing and interpreting topics},
  author={Sievert, Carson and Shirley, Kenneth},
  booktitle={Proceedings of the workshop on interactive language learning, visualization, and interfaces},
  pages={63--70},
  year={2014}
}

@article{l2015xclusim,
  title={XCluSim: a visual analytics tool for interactively comparing multiple clustering results of bioinformatics data},
  author={L'Yi, Sehi and Ko, Bongkyung and Shin, DongHwa and Cho, Young-Joon and Lee, Jaeyong and Kim, Bohyoung and Seo, Jinwook},
  journal={BMC bioinformatics},
  volume={16},
  pages={1--15},
  year={2015},
  publisher={Springer}
}

@article{karim2020revision,
  title={The revision and transfer effects of direct and indirect comprehensive corrective feedback on ESL students’ writing},
  author={Karim, Khaled and Nassaji, Hossein},
  journal={Language Teaching Research},
  volume={24},
  number={4},
  pages={519--539},
  year={2020},
  publisher={SAGE Publications Sage UK: London, England}
}

@inproceedings{xu2016interactive,
  title={Interactive visual co-cluster analysis of bipartite graphs},
  author={Xu, Panpan and Cao, Nan and Qu, Huamin and Stasko, John},
  booktitle={2016 IEEE Pacific Visualization Symposium (PacificVis)},
  pages={32--39},
  year={2016},
  organization={IEEE}
}

@article{el2017progressive,
  title={Progressive learning of topic modeling parameters: A visual analytics framework},
  author={El-Assady, Mennatallah and Sevastjanova, Rita and Sperrle, Fabian and Keim, Daniel and Collins, Christopher},
  journal={IEEE transactions on visualization and computer graphics},
  volume={24},
  number={1},
  pages={382--391},
  year={2017},
  publisher={IEEE}
}

@article{bae2020interactive,
  title={Interactive clustering: A comprehensive review},
  author={Bae, Juhee and Helldin, Tove and Riveiro, Maria and Nowaczyk, S{\l}awomir and Bouguelia, Mohamed-Rafik and Falkman, G{\"o}ran},
  journal={ACM Computing Surveys (CSUR)},
  volume={53},
  number={1},
  pages={1--39},
  year={2020},
  publisher={ACM New York, NY, USA}
}

@article{kang2020using,
  title={Using model texts as a form of feedback in L2 writing},
  author={Kang, Eun Young},
  journal={System},
  volume={89},
  pages={102196},
  year={2020},
  publisher={Elsevier}
}


@book{goffman1981forms,
  title={Forms of talk},
  author={Goffman, Erving},
  year={1981},
  publisher={University of Pennsylvania Press}
}

@article{severino2009comparison,
  title={A comparison of online feedback requests by non-native English-speaking and native English-speaking writers},
  author={Severino, Carol and Swenson, Jeffrey and Zhu, Jia},
  journal={The Writing Center Journal},
  volume={29},
  number={1},
  pages={106--129},
  year={2009},
  publisher={JSTOR}
}

@article{uzawa1989writing,
  title={Writing strategies in Japanese as a foreign language: Lowering or keeping up the standards},
  author={Uzawa, Kozue and Cumming, Alister},
  journal={Canadian Modern Language Review},
  volume={46},
  number={1},
  pages={178--194},
  year={1989},
  publisher={University of Toronto Press}
}

@article{wolfersberger2003l1,
  title={L1 to L2 writing process and strategy transfer: A look at lower proficiency writers},
  author={Wolfersberger, Mark},
  journal={TESL-EJ},
  volume={7},
  number={2},
  pages={1--12},
  year={2003}
}

@article{chenoweth2001fluency,
  title={Fluency in writing: Generating text in L1 and L2},
  author={Chenoweth, N Ann and Hayes, John R},
  journal={Written communication},
  volume={18},
  number={1},
  pages={80--98},
  year={2001},
  publisher={Sage Publications}
}

@article{yang2021supervisor,
  title={Supervisor as coauthor in writing for publication: Evidence from a cohort of non-native English-speaking Master of Education students},
  author={Yang, Weipeng and Li, Yongyan and Li, Hui},
  journal={SN Social Sciences},
  volume={1},
  number={2},
  pages={44},
  year={2021},
  publisher={Springer}
}

@inproceedings{lee2022coauthor,
  title={Coauthor: Designing a human-ai collaborative writing dataset for exploring language model capabilities},
  author={Lee, Mina and Liang, Percy and Yang, Qian},
  booktitle={Proceedings of the 2022 CHI conference on human factors in computing systems},
  pages={1--19},
  year={2022}
}

@inproceedings{poznahovska2018co,
  title={Co-Writing in the Workplace: Collaborating across Language Differences},
  author={Poznahovska, Maria},
  booktitle={2018 IEEE International Professional Communication Conference (ProComm)},
  pages={80--83},
  year={2018},
  organization={IEEE}
}

@article{cheng2013non,
  title={A non-native student's experience on collaborating with native peers in academic literacy development: A sociopolitical perspective},
  author={Cheng, Rui},
  journal={Journal of English for Academic Purposes},
  volume={12},
  number={1},
  pages={12--22},
  year={2013},
  publisher={Elsevier}
}

@article{piekkari2015silent,
  title={The silent board: How language diversity may influence the work processes of corporate boards},
  author={Piekkari, Rebecca and Oxelheim, Lars and Rand{\o}y, Trond},
  journal={Corporate governance: An international review},
  volume={23},
  number={1},
  pages={25--41},
  year={2015},
  publisher={Wiley Online Library}
}


@inproceedings{galegher1992computer,
  title={Computer-mediated communication and collaborative writing: Media influence and adaptation to communication constraints},
  author={Galegher, Jolene and Kraut, Robert E},
  booktitle={Proceedings of the 1992 ACM conference on Computer-supported cooperative work},
  pages={155--162},
  year={1992}
}

@article{barile2002computer,
  title={Computer-mediated communication in collaborative writing},
  author={Barile, Ami L and Durso, Francis T},
  journal={Computers in Human behavior},
  volume={18},
  number={2},
  pages={173--190},
  year={2002},
  publisher={Elsevier}
}

@inproceedings{birnholtz2013write,
  title={Write here, write now! An experimental study of group maintenance in collaborative writing},
  author={Birnholtz, Jeremy and Steinhardt, Stephanie and Pavese, Antonella},
  booktitle={Proceedings of the SIGCHI Conference on Human Factors in Computing Systems},
  pages={961--970},
  year={2013}
}

@article{stratton1989collaborative,
  title={Collaborative writing in the workplace},
  author={Stratton, Charles R},
  journal={IEEE Transactions on Professional Communication},
  volume={32},
  number={3},
  pages={178--182},
  year={1989},
  publisher={IEEE}
}

@book{diaper2012cscw,
  title={CSCW in practice: An introduction and case studies},
  author={Diaper, Dan and Sanger, Colston},
  year={2012},
  publisher={Springer Science \& Business Media}
}

@article{lowry2004building,
  title={Building a taxonomy and nomenclature of collaborative writing to improve interdisciplinary research and practice},
  author={Lowry, Paul Benjamin and Curtis, Aaron and Lowry, Michelle Ren{\'e}},
  journal={The Journal of Business Communication (1973)},
  volume={41},
  number={1},
  pages={66--99},
  year={2004},
  publisher={SAGE Publications}
}

@article{noel2004empirical,
  title={Empirical study on collaborative writing: What do co-authors do, use, and like?},
  author={No{\"e}l, Sylvie and Robert, Jean-Marc},
  journal={Computer Supported Cooperative Work (CSCW)},
  volume={13},
  pages={63--89},
  year={2004},
  publisher={Springer}
}

@inproceedings{baecker1993user,
  title={The user-centered iterative design of collaborative writing software},
  author={Baecker, Ronald M and Nastos, Dimitrios and Posner, Ilona R and Mawby, Kelly L},
  booktitle={Proceedings of the INTERACT'93 and CHI'93 conference on Human factors in computing systems},
  pages={399--405},
  year={1993}
}

@article{magallanes2021sequen,
  title={Sequen-c: A multilevel overview of temporal event sequences},
  author={Magallanes, Jessica and Stone, Tony and Morris, Paul D and Mason, Suzanne and Wood, Steven and Villa-Uriol, Maria-Cruz},
  journal={IEEE Transactions on Visualization and Computer Graphics},
  volume={28},
  number={1},
  pages={901--911},
  year={2021},
  publisher={IEEE}
}



@article{zinat2023comparative,
author = {Zinat, Kazi Tasnim and Yang, Jinhua and Gandhi, Arjun and Mitra, Nistha and Liu, Zhicheng},
title = {A Comparative Evaluation of Visual Summarization Techniques for Event Sequences},
journal = {Computer Graphics Forum},
volume = {42},
number = {3},
pages = {173-185},
keywords = {CCS Concepts, • Human-centered computing → Visualization design and evaluation methods, Empirical studies in visualization},
doi = {https://doi.org/10.1111/cgf.14821},
url = {https://onlinelibrary.wiley.com/doi/abs/10.1111/cgf.14821},
eprint = {https://onlinelibrary.wiley.com/doi/pdf/10.1111/cgf.14821},
year = {2023}
}

@misc{scikitCluster,
author = {},
title = {2.3. Clustering — scikit-learn 1.4.0 documentation},
howpublished = {\url{https://scikit-learn.org/stable/modules/clustering.html#hierarchical-clustering}},
month = {},
year = {},
note = {(Accessed on 02/05/2024)}
}

@article{brehmer2013multi,
  title={A multi-level typology of abstract visualization tasks},
  author={Brehmer, Matthew and Munzner, Tamara},
  journal={IEEE transactions on visualization and computer graphics},
  volume={19},
  number={12},
  pages={2376--2385},
  year={2013},
  publisher={IEEE}
}

@article{zinat2024multi,
  title={A Multi-Level Task Framework for Event Sequence Analysis},
  author={Zinat, Kazi Tasnim and Sakhamuri, Saimadhav Naga and Chen, Aaron Sun and Liu, Zhicheng},
  journal={IEEE Transactions on Visualization and Computer Graphics},
  year={2024},
  publisher={IEEE}
}

@misc{enwiki:1129708420,
    author = "{Wikipedia contributors}",
    title = "ILR scale --- {Wikipedia}{,} The Free Encyclopedia",
    year = "2022",
    url = "https://en.wikipedia.org/w/index.php?title=ILR_scale&oldid=1129708420",
    note = "[Online; accessed 4-October-2023]"
  }

@misc{diffmatchpatch,
    author = "Google Inc",
    title = "diff-match-patch",
    year = "2019",
    url = "https://github.com/google/diff-match-patch"
}

@misc{nltk,
  author = {The NLTK team},
  title = {Natural Language Toolkit},
  year = {2023},
  url = {https://www.nltk.org/},
}

@inproceedings{posner1993people,
  title={How people write together},
  author={Posner, Ilona R and Baecker, Ronald M and Mantei, M},
  booktitle={Proceedings of the Hawaii International Conference on System Sciences},
  volume={25},
  pages={127--127},
  year={1993},
  organization={IEEE INSTITUTE OF ELECTRICAL AND ELECTRONICS}
}

@inproceedings{jaidka2021wikitalkedit,
  title={WikiTalkEdit: A Dataset for modeling Editors’ behaviors on Wikipedia},
  author={Jaidka, Kokil and Ceolin, Andrea and Singh, Iknoor and Chhaya, Niyati and Ungar, Lyle},
  booktitle={Proceedings of the 2021 Conference of the North American Chapter of the Association for Computational Linguistics: Human Language Technologies},
  pages={2191--2200},
  year={2021}
}

@article{faruqui2018wikiatomicedits,
  title={WikiAtomicEdits: A multilingual corpus of Wikipedia edits for modeling language and discourse},
  author={Faruqui, Manaal and Pavlick, Ellie and Tenney, Ian and Das, Dipanjan},
  journal={arXiv preprint arXiv:1808.09422},
  year={2018}
}

@article{jones2008patterns,
  title={Patterns of revision in online writing: A study of Wikipedia's featured articles},
  author={Jones, John},
  journal={Written Communication},
  volume={25},
  number={2},
  pages={262--289},
  year={2008},
  publisher={Sage Publications Sage UK: London, England}
}

@article{jones2008patterns,
  title={Patterns of revision in online writing: A study of Wikipedia's featured articles},
  author={Jones, John},
  journal={Written Communication},
  volume={25},
  number={2},
  pages={262--289},
  year={2008},
  publisher={Sage Publications Sage UK: London, England}
}

@inproceedings{bronner2012user,
  title={User edits classification using document revision histories},
  author={Bronner, Amit and Monz, Christof},
  booktitle={Proceedings of the 13th Conference of the European Chapter of the Association for Computational Linguistics},
  pages={356--366},
  year={2012}
}

@inproceedings{yang2017identifying,
  title={Identifying semantic edit intentions from revisions in wikipedia},
  author={Yang, Diyi and Halfaker, Aaron and Kraut, Robert and Hovy, Eduard},
  booktitle={Proceedings of the 2017 Conference on Empirical Methods in Natural Language Processing},
  pages={2000--2010},
  year={2017}
}


@inproceedings{collins2009docuburst,
  title={Docuburst: Visualizing document content using language structure},
  author={Collins, Christopher and Carpendale, Sheelagh and Penn, Gerald},
  booktitle={Computer graphics forum},
  volume={28},
  number={3},
  pages={1039--1046},
  year={2009},
  organization={Wiley Online Library}
}

@inproceedings{chuang2012interpretation,
  title={Interpretation and trust: Designing model-driven visualizations for text analysis},
  author={Chuang, Jason and Ramage, Daniel and Manning, Christopher and Heer, Jeffrey},
  booktitle={Proceedings of the SIGCHI conference on human factors in computing systems},
  pages={443--452},
  year={2012}
}

@inproceedings{zhang2019modeling,
  title={Modeling the relationship between user comments and edits in document revision},
  author={Zhang, Xuchao and Rajagopal, Dheeraj and Gamon, Michael and Jauhar, Sujay Kumar and Lu, ChangTien},
  booktitle={Proceedings of the 2019 Conference on Empirical Methods in Natural Language Processing and the 9th International Joint Conference on Natural Language Processing (EMNLP-IJCNLP)},
  pages={5002--5011},
  year={2019}
}



@inproceedings{turkay2018itero,
  title={Itero: A revision history analytics tool for exploring writing behavior and reflection},
  author={T{\"u}rkay, Selen and Seaton, Daniel and Ang, Andrew M},
  booktitle={Extended Abstracts of the 2018 CHI Conference on Human Factors in Computing Systems},
  pages={1--6},
  year={2018}
}

@article{krause2015supporting,
  title={Supporting iterative cohort construction with visual temporal queries},
  author={Krause, Josua and Perer, Adam and Stavropoulos, Harry},
  journal={IEEE transactions on visualization and computer graphics},
  volume={22},
  number={1},
  pages={91--100},
  year={2015},
  publisher={IEEE}
}

@inproceedings{schneider2011understanding,
  title={Understanding and improving Wikipedia article discussion spaces},
  author={Schneider, Jodi and Passant, Alexandre and Breslin, John G},
  booktitle={Proceedings of the 2011 ACM Symposium on Applied Computing},
  pages={808--813},
  year={2011}
}

@article{liu2018group,
  title={Group awareness increases student engagement in online collaborative writing},
  author={Liu, Ming and Liu, Leping and Liu, Li},
  journal={The Internet and Higher Education},
  volume={38},
  pages={1--8},
  year={2018},
  publisher={Elsevier}
}

@misc{editorLevel,
author = {},
title = {Wikipedia:Service awards - Wikipedia},
howpublished = {\url{https://en.wikipedia.org/wiki/Wikipedia:Service_awards}},
month = {},
year = {2024},
note = {(Accessed on 03/14/2024)}
}

@inproceedings{baecker1993user,
  title={The user-centered iterative design of collaborative writing software},
  author={Baecker, Ronald M and Nastos, Dimitrios and Posner, Ilona R and Mawby, Kelly L},
  booktitle={Proceedings of the INTERACT'93 and CHI'93 conference on Human factors in computing systems},
  pages={399--405},
  year={1993}
}

@inproceedings{dourish1992awareness,
  title={Awareness and coordination in shared workspaces},
  author={Dourish, Paul and Bellotti, Victoria},
  booktitle={Proceedings of the 1992 ACM conference on Computer-supported cooperative work},
  pages={107--114},
  year={1992}
}

@article{kim2001reviewing,
  title={Reviewing practices in collaborative writing},
  author={Kim, Hee-Cheol and Eklundh, Kerstin Severinson},
  journal={Computer Supported Cooperative Work (CSCW)},
  volume={10},
  pages={247--259},
  year={2001},
  publisher={Springer}
}

@inproceedings{andre2014effects,
  title={Effects of simultaneous and sequential work structures on distributed collaborative interdependent tasks},
  author={Andr{\'e}, Paul and Kraut, Robert E and Kittur, Aniket},
  booktitle={Proceedings of the SIGCHI Conference on Human Factors in Computing Systems},
  pages={139--148},
  year={2014}
}

@inproceedings{fish1988quilt,
  title={Quilt: A collaborative tool for cooperative writing},
  author={Fish, Robert S and Kraut, Robert E and Leland, Mary DP},
  booktitle={Proceedings of the ACM SIGOIS and IEEECS TC-OA 1988 conference on Office information systems},
  pages={30--37},
  year={1988}
}

@inproceedings{engelbart1984collaboration,
  title={Collaboration support provisions in AUGMENT},
  author={Engelbart, Douglas C},
  booktitle={Proceedings of the 1984 AFIPS Office Automation Conference (Los Angeles CA, 1984, 51-58 p.)},
  year={1984}
}

@article{larsen2019territorial,
  title={Territorial functioning in collaborative writing: fragmented exchanges and common outcomes},
  author={Larsen-Ledet, Ida and Korsgaard, Henrik},
  journal={Computer Supported Cooperative Work (CSCW)},
  volume={28},
  pages={391--433},
  year={2019},
  publisher={Springer}
}

@article{boellstorff2013words,
  title={Words with friends: Writing collaboratively online},
  author={Boellstorff, Tom and Nardi, Bonnie and Pearce, Celia and Taylor, TL},
  journal={Interactions},
  volume={20},
  number={5},
  pages={58--61},
  year={2013},
  publisher={ACM New York, NY, USA}
}

@article{li2023improving,
  title={Improving Non-Native Speakers' Participation with an Automatic Agent in Multilingual Groups},
  author={Li, Xiaoyan and Yamashita, Naomi and Duan, Wen and Shirai, Yoshinari and Fussell, Susan R},
  journal={Proceedings of the ACM on Human-Computer Interaction},
  volume={7},
  number={GROUP},
  pages={1--28},
  year={2023},
  publisher={ACM New York, NY, USA}
}

@book{keim2008visual,
  title={Visual analytics: Definition, process, and challenges},
  author={Keim, Daniel and Andrienko, Gennady and Fekete, Jean-Daniel and G{\"o}rg, Carsten and Kohlhammer, J{\"o}rn and Melan{\c{c}}on, Guy},
  year={2008},
  publisher={Springer}
}

@inproceedings{yamashita2013lost,
  title={Lost in transmittance: how transmission lag enhances and deteriorates multilingual collaboration},
  author={Yamashita, Naomi and Echenique, Andy and Ishida, Toru and Hautasaari, Ari},
  booktitle={Proceedings of the 2013 conference on Computer supported cooperative work},
  pages={923--934},
  year={2013}
}

@book{kaufman2009finding,
  title={Finding groups in data: an introduction to cluster analysis},
  author={Kaufman, Leonard and Rousseeuw, Peter J},
  year={2009},
  publisher={John Wiley \& Sons}
}

@misc{typewritergpt,
author = {George T Marvin},
title = {Why does CHATGPT have a typewriter effect when it answers questions? | by George T Marvin | Medium},
howpublished = {https://medium.com/@socialautomation/why-does-chatgpt-have-a-typewriter-effect-when-it-answers-questions-59e8bd2b093e},
month = {3},
year = {2023},
note = {(Accessed on 03/30/2024)}
}

@inproceedings{smith2018closing,
  title={Closing the loop: User-centered design and evaluation of a human-in-the-loop topic modeling system},
  author={Smith, Alison and Kumar, Varun and Boyd-Graber, Jordan and Seppi, Kevin and Findlater, Leah},
  booktitle={23rd International Conference on Intelligent User Interfaces},
  pages={293--304},
  year={2018}
}

@article{strobelt2021genni,
  title={Genni: Human-ai collaboration for data-backed text generation},
  author={Strobelt, Hendrik and Kinley, Jambay and Krueger, Robert and Beyer, Johanna and Pfister, Hanspeter and Rush, Alexander M},
  journal={IEEE Transactions on Visualization and Computer Graphics},
  volume={28},
  number={1},
  pages={1106--1116},
  year={2021},
  publisher={IEEE}
}

@article{cohn2003semi,
  title={Semi-supervised clustering with user feedback},
  author={Cohn, David and Caruana, Rich and McCallum, Andrew},
  journal={Constrained clustering: advances in algorithms, theory, and applications},
  volume={4},
  number={1},
  pages={17--32},
  year={2003}
}

@book{tan2016introduction,
  title={Introduction to data mining},
  author={Tan, Pang-Ning and Steinbach, Michael and Kumar, Vipin},
  year={2016},
  publisher={Pearson Education India}
}

@article{liu2014effects,
  title={The effects of interactive latency on exploratory visual analysis},
  author={Liu, Zhicheng and Heer, Jeffrey},
  journal={IEEE transactions on visualization and computer graphics},
  volume={20},
  number={12},
  pages={2122--2131},
  year={2014},
  publisher={IEEE}
}

@article{heer2019agency,
  title={Agency plus automation: Designing artificial intelligence into interactive systems},
  author={Heer, Jeffrey},
  journal={Proceedings of the National Academy of Sciences},
  volume={116},
  number={6},
  pages={1844--1850},
  year={2019},
  publisher={National Acad Sciences}
}

@article{guo2021survey,
  title={Survey on visual analysis of event sequence data},
  author={Guo, Yi and Guo, Shunan and Jin, Zhuochen and Kaul, Smiti and Gotz, David and Cao, Nan},
  journal={IEEE Transactions on Visualization and Computer Graphics},
  volume={28},
  number={12},
  pages={5091--5112},
  year={2021},
  publisher={IEEE}
}

@inproceedings{fournier2014vmsp,
  title={VMSP: Efficient vertical mining of maximal sequential patterns},
  author={Fournier-Viger, Philippe and Wu, Cheng-Wei and Gomariz, Antonio and Tseng, Vincent S},
  booktitle={Advances in Artificial Intelligence: 27th Canadian Conference on Artificial Intelligence, Canadian AI 2014, Montr{\'e}al, QC, Canada, May 6-9, 2014. Proceedings 27},
  pages={83--94},
  year={2014},
  organization={Springer}
}

@article{vega2011survey,
  title={A survey of clustering ensemble algorithms},
  author={Vega-Pons, Sandro and Ruiz-Shulcloper, Jos{\'e}},
  journal={International Journal of Pattern Recognition and Artificial Intelligence},
  volume={25},
  number={03},
  pages={337--372},
  year={2011},
  publisher={World Scientific}
}



@article{polack2018chronodes,
  title={Chronodes: Interactive multifocus exploration of event sequences},
  author={Polack Jr, Peter J and Chen, Shang-Tse and Kahng, Minsuk and Barbaro, Kaya De and Basole, Rahul and Sharmin, Moushumi and Chau, Duen Horng},
  journal={ACM Transactions on Interactive Intelligent Systems (TiiS)},
  volume={8},
  number={1},
  pages={1--21},
  year={2018},
  publisher={ACM New York, NY, USA}
}

@article{smyth1996clustering,
  title={Clustering sequences with hidden Markov models},
  author={Smyth, Padhraic},
  journal={Advances in neural information processing systems},
  volume={9},
  year={1996}
}

@article{kuhn1955hungarian,
  title={The Hungarian method for the assignment problem},
  author={Kuhn, Harold W},
  journal={Naval research logistics quarterly},
  volume={2},
  number={1-2},
  pages={83--97},
  year={1955},
  publisher={Wiley Online Library}
}

@article{gotz2019visual,
  title={Visual analysis of high-dimensional event sequence data via dynamic hierarchical aggregation},
  author={Gotz, David and Zhang, Jonathan and Wang, Wenyuan and Shrestha, Joshua and Borland, David},
  journal={IEEE transactions on visualization and computer graphics},
  volume={26},
  number={1},
  pages={440--450},
  year={2019},
  publisher={IEEE}
}


@inproceedings{wei2012visual,
  title={Visual cluster exploration of web clickstream data},
  author={Wei, Jishang and Shen, Zeqian and Sundaresan, Neel and Ma, Kwan-Liu},
  booktitle={2012 IEEE conference on visual analytics science and technology (VAST)},
  pages={3--12},
  year={2012},
  organization={IEEE}
}

@article{munzner2009nested,
  title={A nested model for visualization design and validation},
  author={Munzner, Tamara},
  journal={IEEE transactions on visualization and computer graphics},
  volume={15},
  number={6},
  pages={921--928},
  year={2009},
  publisher={IEEE}
}

@inproceedings{ito2023use,
  title={Use of an AI-powered Rewriting Support Software in Context with Other Tools: A Study of Non-Native English Speakers},
  author={Ito, Takumi and Yamashita, Naomi and Kuribayashi, Tatsuki and Hidaka, Masatoshi and Suzuki, Jun and Gao, Ge and Jamieson, Jack and Inui, Kentaro},
  booktitle={Proceedings of the 36th Annual ACM Symposium on User Interface Software and Technology},
  pages={1--13},
  year={2023}
}

@inproceedings{han2015visual,
  title={Visual analysis of proximal temporal relationships of social and communicative behaviors},
  author={Han, Yi and Rozga, Agata and Dimitrova, Nevena and Abowd, Gregory D and Stasko, John},
  booktitle={Computer Graphics Forum},
  volume={34},
  number={3},
  pages={51--60},
  year={2015},
  organization={Wiley Online Library}
}

@article{monroe2012exploring,
  title={Exploring point and interval event patterns: Display methods and interactive visual query},
  author={Monroe, Megan and Wongsuphasawat, Krist and Plaisant, Catherine and Shneiderman, Ben and Millstein, Jeff and Gold, Sigfried},
  journal={University of Maryland Technical Report},
  volume={80},
  pages={134},
  year={2012}
}

@article{nguyen2019vasabi,
  title={Vasabi: Hierarchical user profiles for interactive visual user behaviour analytics},
  author={Nguyen, Phong H and Henkin, Rafael and Chen, Siming and Andrienko, Natalia and Andrienko, Gennady and Thonnard, Olivier and Turkay, Cagatay},
  journal={IEEE transactions on visualization and computer graphics},
  volume={26},
  number={1},
  pages={77--86},
  year={2019},
  publisher={IEEE}
}

@article{qi2019stbins,
  title={STBins: Visual tracking and comparison of multiple data sequences using temporal binning},
  author={Qi, Ji and Bloemen, Vincent and Wang, Shihan and Van Wijk, Jarke and Van De Wetering, Huub},
  journal={IEEE Transactions on visualization and computer graphics},
  volume={26},
  number={1},
  pages={1054--1063},
  year={2019},
  publisher={IEEE}
}

@inproceedings{hale2014multilinguals,
  title={Multilinguals and Wikipedia editing},
  author={Hale, Scott A},
  booktitle={Proceedings of the 2014 ACM conference on Web science},
  pages={99--108},
  year={2014}
}

@article{silva1993toward,
  title={Toward an understanding of the distinct nature of L2 writing: The ESL research and its implications},
  author={Silva, Tony},
  journal={TESOL quarterly},
  volume={27},
  number={4},
  pages={657--677},
  year={1993},
  publisher={Wiley Online Library}
}

@article{meyer2009mizbee,
  title={MizBee: a multiscale synteny browser},
  author={Meyer, Miriah and Munzner, Tamara and Pfister, Hanspeter},
  journal={IEEE transactions on visualization and computer graphics},
  volume={15},
  number={6},
  pages={897--904},
  year={2009},
  publisher={IEEE}
}

@article{krstajic2011cloudlines,
  title={Cloudlines: Compact display of event episodes in multiple time-series},
  author={Krstajic, Milos and Bertini, Enrico and Keim, Daniel},
  journal={IEEE transactions on visualization and computer graphics},
  volume={17},
  number={12},
  pages={2432--2439},
  year={2011},
  publisher={IEEE}
}


@article{xiao2024dis,
  title={(Dis) placed Contributions: Uncovering Hidden Hurdles to Collaborative Writing Involving Non-Native Speakers, Native Speakers, and AI-Powered Editing Tools},
  author={Xiao, Yimin and Chen, Yuewen and Yamashita, Naomi and Chen, Yuexi and Liu, Zhicheng and Gao, Ge},
  journal={Proceedings of the ACM on Human-Computer Interaction},
  volume={8},
  number={CSCW2},
  pages={1--31},
  year={2024},
  publisher={ACM New York, NY, USA}
}

@article{schubert2017dbscan,
  title={DBSCAN revisited, revisited: why and how you should (still) use DBSCAN},
  author={Schubert, Erich and Sander, J{\"o}rg and Ester, Martin and Kriegel, Hans Peter and Xu, Xiaowei},
  journal={ACM Transactions on Database Systems (TODS)},
  volume={42},
  number={3},
  pages={1--21},
  year={2017},
  publisher={ACM New York, NY, USA}
}

@article{murtagh2012algorithms,
  title={Algorithms for hierarchical clustering: an overview},
  author={Murtagh, Fionn and Contreras, Pedro},
  journal={Wiley Interdisciplinary Reviews: Data Mining and Knowledge Discovery},
  volume={2},
  number={1},
  pages={86--97},
  year={2012},
  publisher={Wiley Online Library}
}

@article{hartigan1979algorithm,
  title={Algorithm AS 136: A k-means clustering algorithm},
  author={Hartigan, John A and Wong, Manchek A},
  journal={Journal of the royal statistical society. series c (applied statistics)},
  volume={28},
  number={1},
  pages={100--108},
  year={1979},
  publisher={JSTOR}
}

@article{hu2016visualizing,
  title={Visualizing social media content with sententree},
  author={Hu, Mengdie and Wongsuphasawat, Krist and Stasko, John},
  journal={IEEE transactions on visualization and computer graphics},
  volume={23},
  number={1},
  pages={621--630},
  year={2016},
  publisher={IEEE}
}

@inproceedings{perer2012matrixflow,
  title={Matrixflow: temporal network visual analytics to track symptom evolution during disease progression},
  author={Perer, Adam and Sun, Jimeng},
  booktitle={AMIA annual symposium proceedings},
  volume={2012},
  pages={716},
  year={2012},
  organization={American Medical Informatics Association}
}