@inproceedings{zhang2020uc,
  title={UC-Net: Uncertainty inspired RGB-D saliency detection via conditional variational autoencoders},
  author={Zhang, Jing and Fan, Deng-Ping and Dai, Yuchao and Anwar, Saeed and Saleh, Fatemeh Sadat and Zhang, Tong and Barnes, Nick},
  booktitle={Proceedings of the IEEE/CVF conference on computer vision and pattern recognition},
  pages={8582--8591},
  year={2020}
}

@article{zheng2024fd,
  title={Fd-vision mamba for endoscopic exposure correction},
  author={Zheng, Zhuoran and Zhang, Jun},
  journal={arXiv preprint arXiv:2402.06378},
  year={2024}
}

@article{zheng2024u,
  title={U-shaped vision mamba for single image dehazing},
  author={Zheng, Zhuoran and Wu, Chen},
  journal={arXiv preprint arXiv:2402.04139},
  year={2024}
}

@article{xiao2025mambatree,
  title={MambaTree: Tree Topology is All You Need in State Space Model},
  author={Xiao, Yicheng and Song, Lin and Wang, Jiangshan and Song, Siyu and Ge, Yixiao and Li, Xiu and Shan, Ying and others},
  journal={Advances in Neural Information Processing Systems},
  volume={37},
  pages={75329--75354},
  year={2025}
}


@inproceedings{yu2024exploring,
  title={Exploring Deeper! Segment Anything Model with Depth Perception for Camouflaged Object Detection},
  author={Yu, Zhenni and Zhang, Xiaoqin and Zhao, Li and Bin, Yi and Xiao, Guobao},
  booktitle={Proceedings of the 32nd ACM International Conference on Multimedia},
  pages={4322--4330},
  year={2024}
}

@inproceedings{wang2024depth,
  title={Depth-Aware Concealed Crop Detection in Dense Agricultural Scenes},
  author={Wang, Liqiong and Yang, Jinyu and Zhang, Yanfu and Wang, Fangyi and Zheng, Feng},
  booktitle={Proceedings of the IEEE/CVF Conference on Computer Vision and Pattern Recognition},
  pages={17201--17211},
  year={2024}
}

@inproceedings{wu2023source,
  title={Source-free depth for object pop-out},
  author={Wu, Zongwei and Paudel, Danda Pani and Fan, Deng-Ping and Wang, Jingjing and Wang, Shuo and Demonceaux, C{\'e}dric and Timofte, Radu and Van Gool, Luc},
  booktitle={Proceedings of the IEEE/CVF international conference on computer vision},
  pages={1032--1042},
  year={2023}
}

@inproceedings{wang2023depth,
  title={Depth-aided camouflaged object detection},
  author={Wang, Qingwei and Yang, Jinyu and Yu, Xiaosheng and Wang, Fangyi and Chen, Peng and Zheng, Feng},
  booktitle={Proceedings of the 31st ACM International Conference on Multimedia},
  pages={3297--3306},
  year={2023}
}

@inproceedings{lee2022spsn,
  title={Spsn: Superpixel prototype sampling network for rgb-d salient object detection},
  author={Lee, Minhyeok and Park, Chaewon and Cho, Suhwan and Lee, Sangyoun},
  booktitle={European conference on computer vision},
  pages={630--647},
  year={2022},
  organization={Springer}
}

@article{wang2022learning,
  title={Learning discriminative cross-modality features for RGB-D saliency detection},
  author={Wang, Fengyun and Pan, Jinshan and Xu, Shoukun and Tang, Jinhui},
  journal={IEEE Transactions on Image Processing},
  volume={31},
  pages={1285--1297},
  year={2022},
  publisher={IEEE}
}

@inproceedings{zhou2021specificity,
  title={Specificity-preserving RGB-D saliency detection},
  author={Zhou, Tao and Fu, Huazhu and Chen, Geng and Zhou, Yi and Fan, Deng-Ping and Shao, Ling},
  booktitle={Proceedings of the IEEE/CVF international conference on computer vision},
  pages={4681--4691},
  year={2021}
}

@inproceedings{zhang2021rgb,
  title={RGB-D saliency detection via cascaded mutual information minimization},
  author={Zhang, Jing and Fan, Deng-Ping and Dai, Yuchao and Yu, Xin and Zhong, Yiran and Barnes, Nick and Shao, Ling},
  booktitle={Proceedings of the IEEE/CVF international conference on computer vision},
  pages={4338--4347},
  year={2021}
}

@inproceedings{ji2021calibrated,
  title={Calibrated RGB-D salient object detection},
  author={Ji, Wei and Li, Jingjing and Yu, Shuang and Zhang, Miao and Piao, Yongri and Yao, Shunyu and Bi, Qi and Ma, Kai and Zheng, Yefeng and Lu, Huchuan and others},
  booktitle={Proceedings of the IEEE/CVF conference on computer vision and pattern recognition},
  pages={9471--9481},
  year={2021}
}

@inproceedings{zhang2021cross,
  title={Cross-modality discrepant interaction network for RGB-D salient object detection},
  author={Zhang, Chen and Cong, Runmin and Lin, Qinwei and Ma, Lin and Li, Feng and Zhao, Yao and Kwong, Sam},
  booktitle={Proceedings of the 29th ACM international conference on multimedia},
  pages={2094--2102},
  year={2021}
}


@inproceedings{fu2020jl,
  title={JL-DCF: Joint learning and densely-cooperative fusion framework for RGB-D salient object detection},
  author={Fu, Keren and Fan, Deng-Ping and Ji, Ge-Peng and Zhao, Qijun},
  booktitle={Proceedings of the IEEE/CVF conference on computer vision and pattern recognition},
  pages={3052--3062},
  year={2020}
}



@article{fan2021concealed,
  title={Concealed object detection},
  author={Fan, Deng-Ping and Ji, Ge-Peng and Cheng, Ming-Ming and Shao, Ling},
  journal={IEEE Trans. Pattern Anal. Mach. Intell.},
  year={2021},
  publisher={IEEE}
}
@inproceedings{cheng2022pointly,
  title={Pointly-supervised instance segmentation},
  author={Cheng, Bowen and Parkhi, Omkar and Kirillov, Alexander},
  booktitle={CVPR},
  pages={2617--2626},
  year={2022}
}
@inproceedings{chen2023sam,
  title={Sam-adapter: Adapting segment anything in underperformed scenes},
  author={Chen, Tianrun and Zhu, Lanyun and Deng, Chaotao and Cao, Runlong and Wang, Yan and Zhang, Shangzhan},
  booktitle={ICCV},
  pages={3367--3375},
  year={2023}
}
@inproceedings{zhang2023unsupervised,
  title={Unsupervised camouflaged object segmentation as domain adaptation},
  author={Zhang, Yi and Wu, Chengyi},
  booktitle={ICCV},
  pages={4334--4344},
  year={2023}
}
@article{zhu2024multibooth,
  title={Multibooth: Towards generating all your concepts in an image from text},
  author={Zhu, Chenyang and Li, Kai and Ma, Yue and He, Chunming and Li, Xiu},
  journal={arXiv preprint arXiv:2404.14239},
  year={2024}
}
@article{zhu2024instantswap,
  title={Instantswap: Fast customized concept swapping across sharp shape differences},
  author={Zhu, Chenyang and Li, Kai and Ma, Yue and Tang, Longxiang and Fang, Chengyu and Chen, Chubin and Chen, Qifeng and Li, Xiu},
  journal={arXiv preprint arXiv:2412.01197},
  year={2024}
}
@article{lee2023saliency,
  title={Saliency as pseudo-pixel supervision for weakly and semi-supervised semantic segmentation},
  author={Lee, Minhyun and Lee, Seungho and Lee, Jongwuk and Shim, Hyunjung},
  journal={IEEE Trans. Pattern Anal. Mach. Intell.},
  volume={45},
  number={10},
  pages={12341--12357},
  year={2023},
  publisher={IEEE}
}
@inproceedings{melas2022deep,
  title={Deep spectral methods: A surprisingly strong baseline for unsupervised semantic segmentation and localization},
  author={Melas-Kyriazi, Luke and Rupprecht, Christian and Laina, Iro},
  booktitle={CVPR},
  pages={8364--8375},
  year={2022}
}
@inproceedings{wang2022self,
  title={Self-supervised transformers for unsupervised object discovery using normalized cut},
  author={Wang, Yangtao and Shen, Xi and Hu, Shell Xu and Yuan, Yuan and Crowley, James L and Vaufreydaz, Dominique},
  booktitle={CVPR},
  pages={14543--14553},
  year={2022}
}
@inproceedings{shin2022unsupervised,
  title={Unsupervised salient object detection with spectral cluster voting},
  author={Shin, Gyungin and Albanie, Samuel and Xie, Weidi},
  booktitle={CVPR},
  pages={3971--3980},
  year={2022}
}
@inproceedings{cubuk2020randaugment,
  title={Randaugment: Practical automated data augmentation with a reduced search space},
  author={Cubuk, Ekin D and Zoph, Barret and Shlens, Jonathon and Le, Quoc V},
  booktitle={CVPRW},
  pages={702--703},
  year={2020}
}
@inproceedings{chakraborty2024unsupervised,
  title={Unsupervised and semi-supervised co-salient object detection via segmentation frequency statistics},
  author={Chakraborty, Souradeep and Naha, Shujon and Bastan, Muhammet and Samaras, Dimitris and others},
  booktitle={WACV},
  pages={332--342},
  year={2024}
}
@inproceedings{basak2023pseudo,
  title={Pseudo-label guided contrastive learning for semi-supervised medical image segmentation},
  author={Basak, Hritam and Yin, Zhaozheng},
  booktitle={CVPR},
  pages={19786--19797},
  year={2023}
}
@inproceedings{ren2023towards,
  title={Towards automated polyp segmentation using weakly-and semi-supervised learning and deformable transformers},
  author={Ren, Guangyu and Lazarou, Michalis and Yuan, Jing and Stathaki, Tania},
  booktitle={CVPR},
  pages={4355--4364},
  year={2023}
}
@inproceedings{hu2024relax,
  title={Relax Image-Specific Prompt Requirement in SAM: A Single Generic Prompt for Segmenting Camouflaged Objects},
  author={Hu, Jian and Lin, Jiayi and Gong, Shaogang},
  booktitle={AAAI},
  volume={38},
  number={11},
  pages={12511--12518},
  year={2024}
}
@inproceedings{kim2023devil,
  title={The devil is in the points: Weakly semi-supervised instance segmentation via point-guided mask representation},
  author={Kim, Beomyoung and Jeong, Joonhyun and Han, Dongyoon and Hwang, Sung Ju},
  booktitle={CVPR},
  pages={11360--11370},
  year={2023}
}
@inproceedings{zhai2021mutual,
  title={Mutual graph learning for camouflaged object detection},
  author={Zhai, Qiang and Li, Xin and Yang, Fan and Chen, Chenglizhao},
  booktitle={CVPR},
  pages={2997--3007},
  year={2021}
}

@article{he2023weaklysupervised,
  title={Weakly-supervised concealed object segmentation with sam-based pseudo labeling and multi-scale feature grouping},
  author={He, Chunming and Li, Kai and Zhang, Yachao and Xu, Guoxia and Tang, Longxiang},
  journal={NeurIPS},
  year={2024}
}

@inproceedings{xiao2023concealed,
  title={Concealed Object Segmentation with Hierarchical Coherence Modeling},
  author={Xiao, Fengyang and Zhang, Pan and He, Chunming},
  booktitle={CAAI ICAI},
  pages={16--27},
  year={2023}
}

@inproceedings{liu2022target,
  title={Target-aware Dual Adversarial Learning and a Multi-scenario Multi-Modality Benchmark to Fuse Infrared and Visible for Object Detection},
  author={Liu, Jinyuan and Fan, Xin and Huang, Zhanbo and Wu, Guanyao and Liu, Risheng and Zhong, Wei and Luo, Zhongxuan},
  booktitle={Proceedings of the IEEE/CVF Conference on Computer Vision and Pattern Recognition},
  pages={5802--5811},
  year={2022}
}


@inproceedings{wang2023pixels,
  title={Pixels, Regions, and Objects: Multiple Enhancement for Salient Object Detection},
  author={Wang, Yi and Wang, Ruili and Fan, Xin and Wang, Tianzhu and He, Xiangjian},
  booktitle={CVPR},
  pages={10031--10040},
  year={2023}
}

@inproceedings{xie2022pyramid,
  title={Pyramid grafting network for one-stage high resolution saliency detection},
  author={Xie, Chenxi and Xia, Changqun and Ma, Mingcan and Zhao, Zhirui and Chen, Xiaowu and Li, Jia},
  booktitle={CVPR},
  pages={11717--11726},
  year={2022}
}

@inproceedings{ru2022learning,
  title={Learning affinity from attention: End-to-end weakly-supervised semantic segmentation with transformers},
  author={Ru, Lixiang and Zhan, Yibing and Yu, Baosheng and Du, Bo},
  booktitle={CVPR},
  pages={16846--16855},
  year={2022}
}

@inproceedings{yoon2022adversarial,
  title={Adversarial erasing framework via triplet with gated pyramid pooling layer for weakly supervised semantic segmentation},
  author={Yoon, Sung-Hoon and Kweon, Hyeokjun and Cho, Jegyeong and Kim, Shinjeong and Yoon, Kuk-Jin},
  booktitle={ECCV},
  pages={326--344},
  year={2022}
}

@inproceedings{ru2023token,
  title={Token contrast for weakly-supervised semantic segmentation},
  author={Ru, Lixiang and Zheng, Heliang and Zhan, Yibing and Du, Bo},
  booktitle={CVPR},
  pages={3093--3102},
  year={2023}
}

@inproceedings{cheng2023out,
  title={Out-of-candidate rectification for weakly supervised semantic segmentation},
  author={Cheng, Zesen and Qiao, Pengchong and Li, Kehan and Li, Siheng and Wei, Pengxu and Ji, Xiangyang and Yuan, Li and Liu, Chang and Chen, Jie},
  booktitle={CVPR},
  pages={23673--23684},
  year={2023}
}

@inproceedings{ahn2018learning,
  title={Learning pixel-level semantic affinity with image-level supervision for weakly supervised semantic segmentation},
  author={Ahn, Jiwoon and Kwak, Suha},
  booktitle={CVPR},
  pages={4981--4990},
  year={2018}
}

@article{chen2017deeplab,
  title={Deeplab: Semantic image segmentation with deep convolutional nets, atrous convolution, and fully connected crfs},
  author={Chen, Liang-Chieh and Papandreou, George and Kokkinos, Iasonas and Murphy, Kevin and Yuille, Alan L},
  journal={IEEE transactions on pattern analysis and machine intelligence},
  volume={40},
  number={4},
  pages={834--848},
  year={2017},
  publisher={IEEE}
}

@inproceedings{zhao2019pyramid,
  title={Pyramid feature attention network for saliency detection},
  author={Zhao, Ting and Wu, Xiangqian},
  booktitle={CVPR},
  pages={3085--3094},
  year={2019}
}

@inproceedings{wu2019cascaded,
  title={Cascaded partial decoder for fast and accurate salient object detection},
  author={Wu, Zhe and Su, Li and Huang, Qingming},
  booktitle={CVPR},
  pages={3907--3916},
  year={2019}
}

@inproceedings{fan2020camouflaged,
  title={Camouflaged object detection},
  author={Fan, Deng-Ping and Ji, Ge-Peng and Sun, Guolei and Cheng, Ming-Ming and Shen, Jianbing},
  booktitle={CVPR},
  pages={2777--2787},
  year={2020}
}

@inproceedings{zhao2019egnet,
  title={EGNet: Edge guidance network for salient object detection},
  author={Zhao, Jia-Xing and Liu, Jiang-Jiang and Fan, Deng-Ping and Cao, Yang and Yang, Jufeng and Cheng, Ming-Ming},
  booktitle={ICCV},
  pages={8779--8788},
  year={2019}
}

@inproceedings{mei2021camouflaged,
  title={Camouflaged object segmentation with distraction mining},
  author={Mei, Haiyang and Ji, Ge-Peng and Wei, Ziqi and Yang, Xin and Wei, Xiaopeng and Fan, Deng-Ping},
  booktitle={CVPR},
  pages={8772--8781},
  year={2021}
}

@inproceedings{lv2021simultaneously,
  title={Simultaneously localize, segment and rank the camouflaged objects},
  author={Lv, Yunqiu and Zhang, Jing and Dai, Yuchao and Li, Aixuan and Liu, Bowen and Barnes, Nick and Fan, Deng-Ping},
  booktitle={CVPR},
  pages={11591--11601},
  year={2021}
}

@inproceedings{yang2021uncertainty,
  title={Uncertainty-guided transformer reasoning for camouflaged object detection},
  author={Yang, Fan and Zhai, Qiang and Li, Xin and Huang, Rui and Luo, Ao and Cheng, Hong and Fan, Deng-Ping},
  booktitle={ICCV},
  pages={4146--4155},
  year={2021}
}

@inproceedings{cheng2022implicit,
  title={Implicit motion handling for video camouflaged object detection},
  author={Cheng, Xuelian and Xiong, Huan and Fan, Deng-Ping and Zhong, Yiran and Harandi, Mehrtash and Drummond, Tom and Ge, Zongyuan},
  booktitle={CVPR},
  pages={13864--13873},
  year={2022}
}

@inproceedings{jia2022segment,
  title={Segment, Magnify and Reiterate: Detect Camouflaged Objects Hard Way},
  author={Jia, Qi and Yao, Shuilian and Liu, Yu},
  booktitle={CVPR},
  pages={713--722},
  year={2022}
}

@article{hu2021toward,
  title={Toward a No-Reference Quality Metric for Camera-Captured Images},
  author={Hu, Runze and Liu, Yutao and Gu, Ke and Min, Xiongkuo and Zhai, Guangtao},
  journal={IEEE T. Cybernetics},
  year={2021},
  publisher={IEEE}
}
@article{hu2021blind,
  title={Blind quality assessment of night-time image},
  author={Hu, Runze and Liu, Yutao and Wang, Zhanyu and Li, Xiu},
  journal={Displays},
  volume={69},
  pages={102045},
  year={2021},
  publisher={Elsevier}
}

@inproceedings{zhang2021perturbed,
    title={Perturbed Self-Distillation: Weakly Supervised Large-Scale Point Cloud Semantic Segmentation},
    author={Zhang, Yachao and Qu, Yanyun and Xie, Yuan and Li, Zonghao and Zheng, Shanshan and Li, Cuihua},
    booktitle={Proceedings of the IEEE/CVF International Conference on Computer Vision},
    pages={15520--15528},
    year={2021}
}
@article{zhang2022,
  author={Zhang, Yachao and Xie, Yuan and Li, Cuihua and Wu, Zongze and Qu, Yanyun},
  journal={IEEE Transactions on Neural Networks and Learning Systems}, 
  title={Learning All-In Collaborative Multiview Binary Representation for Clustering}, 
  year={2022},
  volume={},
  number={},
  pages={1-14},
  doi={10.1109/TNNLS.2022.3202102}}

@inproceedings{pei2022osformer,
  title={OSFormer: One-Stage Camouflaged Instance Segmentation with Transformers},
  author={Pei, Jialun and Cheng, Tianyang and Fan, Deng-Ping and Tang, He and Chen, Chuanbo and Van Gool, Luc},
  booktitle={ECCV},
  pages={19--37},
  year={2022}
}

@inproceedings{zhang2022preynet,
  title={Preynet: Preying on camouflaged objects},
  author={Zhang, Miao and Xu, Shuang and Piao, Yongri and Shi, Dongxiang and Lin, Shusen and Lu, Huchuan},
  booktitle={ACM MM},
  pages={5323--5332},
  year={2022}
}

@inproceedings{zhaiexploring,
  title={Exploring Figure-Ground Assignment Mechanism in Perceptual Organization},
  author={Zhai, Wei and Cao, Yang and Zhang, Jing},
  booktitle={NIPS},
  volume={35},
  year={2023}
}

@inproceedings{He2023Camouflaged,
title={Camouflaged object detection with feature decomposition and edge reconstruction},
author={He, Chunming and Li, Kai and Zhang, Yachao and Tang, Longxiang and Zhang, Yulun},
booktitle={CVPR},
pages={22046--22055},
year={2023}
}

@inproceedings{ronneberger2015u,
  title={U-net: Convolutional networks for biomedical image segmentation},
  author={Ronneberger, Olaf and Fischer, Philipp and Brox, Thomas},
  booktitle={MICCAI},
  pages={234--241},
  year={2015},
  organization={Springer}
}

@inproceedings{zhou2018unet++,
  title={Unet++: A nested u-net architecture for medical image segmentation},
  author={Zhou, Zongwei and Rahman Siddiquee, Md Mahfuzur and Tajbakhsh, Nima and Liang, Jianming},
  booktitle={MICCAIW},
  pages={3--11},
  year={2018},
  organization={Springer}
}

@article{oktay2018attention,
  title={Attention u-net: Learning where to look for the pancreas},
  author={Oktay, Ozan and Schlemper, Jo and Folgoc, Loic Le and Lee, Matthew and Heinrich, Mattias and Misawa, Kazunari and Mori, Kensaku and McDonagh, Steven and Hammerla, Nils Y and Kainz, Bernhard and others},
  journal={arXiv preprint arXiv:1804.03999},
  year={2018}
}

@inproceedings{fang2019selective,
  title={Selective feature aggregation network with area-boundary constraints for polyp segmentation},
  author={Fang, Yuqi and Chen, Cheng and Yuan, Yixuan and Tong, Kai-yu},
  booktitle={MICCAI},
  pages={302--310},
  year={2019},
  organization={Springer}
}

@article{he2023strategic,
 title={Strategic Preys Make Acute Predators: Enhancing Camouflaged Object Detectors by Generating Camouflaged Objects},
 author={He, Chunming and Li, Kai and Zhang, Yachao and Zhang, Yulun and Guo, Zhenhua and Li, Xiu},
 journal={ICLR},
 year={2024}
}

@inproceedings{rahman2023medical,
  title={Medical image segmentation via cascaded attention decoding},
  author={Rahman, Md Mostafijur},
  booktitle={WACV},
  pages={6222--6231},
  year={2023}
}

@inproceedings{wang2024lssnet,
  title={LSSNet: A Method for Colon Polyp Segmentation Based on Local Feature Supplementation and Shallow Feature Supplementation},
  author={Wang, Wei and Sun, Huiying and Wang, Xin},
  booktitle={MICCAI},
  pages={446--456},
  year={2024},
  organization={Springer}
}

@article{dong2023polyp,
  title={Polyp-PVT: Polyp Segmentation with Pyramid Vision Transformers},
  author={Dong, Bo and Wang, Wenhai and Fan, Deng-Ping and Li, Jinpeng and Fu, Huazhu and Shao, Ling},
  journal={CAAI Artif. Intell. Res.},
  volume={2},
  year={2023}
}

@article{jain2023coinnet,
  title={Coinnet: A convolution-involution network with a novel statistical attention for automatic polyp segmentation},
  author={Jain, Samir and Atale, Rohan and Gupta, Anubhav and Mishra, Utkarsh and Seal, Ayan and Ojha, Aparajita and Jaworek-Korjakowska, Joanna and Krejcar, Ondrej},
  journal={IEEE Trans. Med. Imaging},
  volume={42},
  number={12},
  pages={3987--4000},
  year={2023},
  publisher={IEEE}
}

@inproceedings{chai2024querynet,
  title={QueryNet: A Unified Framework for Accurate Polyp Segmentation and Detection},
  author={Chai, Jiaxing and Luo, Zhiming and Gao, Jianzhe and Dai, Licun and Lai, Yingxin and Li, Shaozi},
  booktitle={MICCAI},
  pages={544--554},
  year={2024},
  organization={Springer}
}

@inproceedings{xu2024polyp,
  title={Polyp-Mamba: Polyp Segmentation with Visual Mamba},
  author={Xu, Zhongxing and Tang, Feilong and Chen, Zhe and Zhou, Zheng and Wu, Weishan and Yang, Yuyao and Liang, Yu and Jiang, Jiyu and Cai, Xuyue and Su, Jionglong},
  booktitle={MICCAI},
  pages={510--521},
  year={2024},
  organization={Springer}
}

@inproceedings{lin2020progressive,
  title={Progressive mirror detection},
  author={Lin, Jiaying and Wang, Guodong and Lau, Rynson WH},
  booktitle={CVPR},
  pages={3697--3705},
  year={2020}
}

@inproceedings{zhao2020suppress,
  title={Suppress and balance: A simple gated network for salient object detection},
  author={Zhao, Xiaoqi and Pang, Youwei and Zhang, Lihe and Lu, Huchuan and Zhang, Lei},
  booktitle={ECCV},
  pages={35--51},
  year={2020},
  organization={Springer}
}

@inproceedings{zhao2021automatic,
  title={Automatic polyp segmentation via multi-scale subtraction network},
  author={Zhao, Xiaoqi and Zhang, Lihe and Lu, Huchuan},
  booktitle={MICCAI},
  pages={120--130},
  year={2021},
  organization={Springer}
}

@inproceedings{he2021enhanced,
  title={Enhanced boundary learning for glass-like object segmentation},
  author={He, Hao and Li, Xiangtai and Cheng, Guangliang and Shi, Jianping and Tong, Yunhai and Meng, Gaofeng and Prinet, V{\'e}ronique and Weng, LuBin},
  booktitle={ICCV},
  pages={15859--15868},
  year={2021}
}

@article{cheng2021highly,
  title={A highly efficient model to study the semantics of salient object detection},
  author={Cheng, Ming-Ming and Gao, Shang-Hua and Borji, Ali and Tan, Yong-Qiang and Lin, Zheng and Wang, Meng},
  journal={IEEE Trans. Pattern Anal. Mach. Intell.},
  volume={44},
  number={11},
  pages={8006--8021},
  year={2021},
  publisher={IEEE}
}

@article{mei2022large,
  title={Large-Field Contextual Feature Learning for Glass Detection},
  author={Mei, Haiyang and Yang, Xin and Yu, Letian and Zhang, Qiang and Wei, Xiaopeng and Lau, Rynson WH},
  journal={IEEE Trans. Pattern Anal. Mach. Intell.},
  year={2023},
  publisher={IEEE}
}

@inproceedings{pang2020multi,
  title={Multi-scale interactive network for salient object detection},
  author={Pang, Youwei and Zhao, Xiaoqi and Zhang, Lihe and Lu, Huchuan},
  booktitle={CVPR},
  pages={9413--9422},
  year={2020}
}

@article{liu2024vst++,
  title={Vst++: Efficient and stronger visual saliency transformer},
  author={Liu, Nian and Luo, Ziyang and Zhang, Ni and Han, Junwei},
  journal={IEEE Trans. Pattern Anal. Mach. Intell.},
  year={2024},
  publisher={IEEE}
}

@inproceedings{liu2021visual,
  title={Visual saliency transformer},
  author={Liu, Nian and Zhang, Ni and Wan, Kaiyuan and Shao, Ling and Han, Junwei},
  booktitle={ICCV},
  pages={4722--4732},
  year={2021}
}

@article{yi2024gponet,
  title={GPONet: A two-stream gated progressive optimization network for salient object detection},
  author={Yi, Yugen and Zhang, Ningyi and Zhou, Wei and Shi, Yanjiao and Xie, Gengsheng and Wang, Jianzhong},
  journal={Pattern Recogn.},
  volume={150},
  pages={110330},
  year={2024},
  publisher={Elsevier}
}

@inproceedings{deng2023recurrent,
  title={Recurrent multi-scale transformer for high-resolution salient object detection},
  author={Deng, Xinhao and Zhang, Pingping and Liu, Wei and Lu, Huchuan},
  booktitle={ACM MM},
  pages={7413--7423},
  year={2023}
}

@inproceedings{fan2023rfenet,
  title={RFENet: towards reciprocal feature evolution for glass segmentation},
  author={Fan, Ke and Wang, Changan and Wang, Yabiao and Wang, Chengjie and Yi, Ran and Ma, Lizhuang},
  booktitle={IJCAI},
  pages={717--725},
  year={2023}
}

@article{yu2022progressive,
  title={Progressive glass segmentation},
  author={Yu, Letian and Mei, Haiyang and Dong, Wen and Wei, Ziqi and Zhu, Li and Wang, Yuxin and Yang, Xin},
  journal={IEEE Trans. Image Process.},
  volume={31},
  pages={2920--2933},
  year={2022},
  publisher={IEEE}
}

@inproceedings{tomar2022tganet,
  title={TGANet: text-guided attention for improved polyp segmentation},
  author={Tomar, Nikhil Kumar and Jha, Debesh and Bagci, Ulas and Ali, Sharib},
  booktitle={MICCAI},
  pages={151--160},
  year={2022},
  organization={Springer}
}

@inproceedings{zhang2022lesion,
  title={Lesion-Aware Dynamic Kernel for Polyp Segmentation},
  author={Zhang, Ruifei and Lai, Peiwen and Wan, Xiang and Fan, De-Jun and Gao, Feng and Wu, Xiao-Jian and Li, Guanbin},
  booktitle={MICCAI},
  pages={99--109},
  year={2022},
  organization={Springer}
}

@inproceedings{zhao2025focusdiffuser,
  title={FocusDiffuser: Perceiving Local Disparities for Camouflaged Object Detection},
  author={Zhao, Jianwei and Li, Xin and Yang, Fan and Zhai, Qiang and Luo, Ao and Jiao, Zicheng and Cheng, Hong},
  booktitle={ECCV},
  pages={181--198},
  year={2024}
}

@inproceedings{sun2025frequency,
  title={Frequency-spatial entanglement learning for camouflaged object detection},
  author={Sun, Yanguang and Xu, Chunyan and Yang, Jian and Xuan, Hanyu and Luo, Lei},
  booktitle={ECCV},
  pages={343--360},
  year={2024}
}

@inproceedings{luo2024vscode,
  title={VSCode: General Visual Salient and Camouflaged Object Detection with 2D Prompt Learning},
  author={Luo, Ziyang and Liu, Nian and Zhao, Wangbo and Yang, Xuguang and Zhang, Dingwen and Fan, Deng-Ping and Khan, Fahad and Han, Junwei},
  booktitle={CVPR},
  pages={17169--17180},
  year={2024}
}

@inproceedings{khan2024camofocus,
  title={CamoFocus: Enhancing Camouflage Object Detection With Split-Feature Focal Modulation and Context Refinement},
  author={Khan, Abbas and Khan, Mustaqeem and Gueaieb, Wail and El Saddik, Abdulmotaleb and De Masi, Giulia and Karray, Fakhri},
  booktitle={WACV},
  pages={1434--1443},
  year={2024}
}

@article{pang2024zoomnext,
  title={Zoomnext: A unified collaborative pyramid network for camouflaged object detection},
  author={Pang, Youwei and Zhao, Xiaoqi and Xiang, Tian-Zhu and Zhang, Lihe and Lu, Huchuan},
  journal={IEEE Trans. Pattern Anal. Mach. Intell.},
  year={2024},
  publisher={IEEE}
}

@article{yin2024camoformer,
  title={Camoformer: Masked separable attention for camouflaged object detection},
  author={Yin, Bowen and Zhang, Xuying and Fan, Deng-Ping and Jiao, Shaohui and Cheng, Ming-Ming and Van Gool, Luc and Hou, Qibin},
  journal={IEEE Trans. Pattern Anal. Mach. Intell.},
  year={2024},
  publisher={IEEE}
}

@article{he2023HQG,
  title={Hqg-net: Unpaired medical image enhancement with high-quality guidance},
  author={He, Chunming and Li, Kai and Xu, Guoxia and Yan, Jiangpeng and Tang, Longxiang and Zhang, Yulun},
  journal={IEEE Trans. Neural Networks Learn. Syst.},
  year={2023},
  publisher={IEEE}
}

@inproceedings{he2023degradation,
  title={Degradation-Resistant Unfolding Network for Heterogeneous Image Fusion},
  author={He, Chunming and Li, Kai and Zhang, Yulun},
  booktitle={ICCV},
  pages={611--621},
  year={2023}
}

@article{ma2023follow,
  title={Follow Your Pose: Pose-Guided Text-to-Video Generation using Pose-Free Videos},
  author={Ma, Yue and He, Yingqing and Cun, Xiaodong and Wang, Xintao and Shan, Ying and Li, Xiu and Chen, Qifeng},
  journal={arXiv preprint arXiv:2304.01186},
  year={2023}
}

@article{ma2022simvtp,
  title={Simvtp: Simple video text pre-training with masked autoencoders},
  author={Ma, Yue and Yang, Tianyu and Shan, Yin and Li, Xiu},
  journal={arXiv preprint arXiv:2212.03490},
  year={2022}
}

@inproceedings{ma2022visual,
  title={Visual knowledge graph for human action reasoning in videos},
  author={Ma, Yue and Wang, Yali and Wu, Yue and Lyu, Ziyu and Chen, Siran and Li, Xiu and Qiao, Yu},
  booktitle={ACM MM},
  pages={4132--4141},
  year={2022}
}

@inproceedings{meng2023hierarchical,
  title={Hierarchical Projection Enhanced Multi-behavior Recommendation},
  author={Meng, Chang and Zhang, Hengyu and Guo, Wei and Guo, Huifeng and Liu, Haotian and Zhang, Yingxue and Zheng, Hongkun and Tang, Ruiming and Li, Xiu and Zhang, Rui},
  booktitle={SIGKDD},
  pages={4649--4660},
  year={2023}
}

@inproceedings{fang2023joint,
  title={Joint Geometric-Semantic Driven Character Line Drawing Generation},
  author={Fang, Cheng-Yu and Han, Xian-Feng},
  booktitle={ICMR},
  pages={226--233},
  year={2023}
}

% 目标检测，旋转目标检测
@inproceedings{pu2023adaptive,
  title={Adaptive Rotated Convolution for Rotated Object Detection},
  author={Pu, Yifan and Wang, Yiru and Xia, Zhuofan and Han, Yizeng and Wang, Yulin and Gan, Weihao and Wang, Zidong and Song, Shiji and Huang, Gao},
  booktitle={ICCV},
  year={2023}
}

% 目标检测，DETR
@inproceedings{pu2023rank,
  title={Rank-DETR for High Quality Object Detection},
  author={Pu, Yifan and Liang, Weicong and Hao, Yiduo and Yuan, Yuhui and Yang, Yukang and Zhang, Chao and Hu, Han and Huang, Gao},
  booktitle={NeurIPS},
  year={2023}
}

% 细粒度分类，训练方法，meta-learning
@article{pu2023fine,
  title={Fine-grained Recognition with Learnable Semantic Data Augmentation},
  author={Pu, Yifan and Han, Yizeng and Wang, Yulin and Feng, Junlan and Deng, Chao and Huang, Gao},
  journal={arXiv:2309.00399},
  year={2023}
}

%通用视觉任务，高效推理，早退网络
@inproceedings{han2022learning,
  title={Learning to Weight Samples for Dynamic Early-exiting Networks},
  author={Han, Yizeng and Pu, Yifan and Lai, Zihang and Wang, Chaofei and Song, Shiji and Cao, Junfen and Huang, Wenhui and Deng, Chao and Huang, Gao},
  booktitle={ECCV},
  year={2022}
}

%通用视觉任务，高效推理，空间自适应网络
@inproceedings{han2022latency,
  title={Latency-aware Spatial-wise Dynamic Networks},
  author={Han, Yizeng and Yuan, Zhihang and Pu, Yifan and Xue, Chenhao and Song, Shiji and Sun, Guangyu and Huang, Gao},
  booktitle={NeurIPS},
  year={2022}
}

@article{yang2023gpt4tools,
  title={Gpt4tools: Teaching large language model to use tools via self-instruction},
  author={Yang, Rui and Song, Lin and Li, Yanwei and Zhao, Sijie and Ge, Yixiao and Li, Xiu and Shan, Ying},
  journal={arXiv preprint arXiv:2305.18752},
  year={2023}
}

@article{yang2023boxsnake,
  title={BoxSnake: Polygonal Instance Segmentation with Box Supervision},
  author={Yang, Rui and Song, Lin and Ge, Yixiao and Li, Xiu},
  journal={arXiv preprint arXiv:2303.11630},
  year={2023}
}

@inproceedings{yang2022scalablevit,
  title={Scalablevit: Rethinking the context-oriented generalization of vision transformer},
  author={Yang, Rui and Ma, Hailong and Wu, Jie and Tang, Yansong and Xiao, Xuefeng and Zheng, Min and Li, Xiu},
  booktitle={European Conference on Computer Vision},
  pages={480--496},
  year={2022}
}

@article{ou2022uniinst,
  title={UniInst: Unique representation for end-to-end instance segmentation},
  author={Ou, Yimin and Yang, Rui and Ma, Lufan and Liu, Yong and Yan, Jiangpeng and Xu, Shang and Wang, Chengjie and Li, Xiu},
  journal={Neurocomputing},
  volume={514},
  pages={551--562},
  year={2022},
  publisher={Elsevier}
}

@article{Qin_Hu_Liu_Zheng_Liu_Li_Zhang_2023, title={Data-Efficient Image Quality Assessment with Attention-Panel Decoder}, volume={37}, number={2}, journal={Proceedings of the AAAI Conference on Artificial Intelligence}, author={Qin, Guanyi and Hu, Runze and Liu, Yutao and Zheng, Xiawu and Liu, Haotian and Li, Xiu and Zhang, Yan}, year={2023}, month={Jun.}, pages={2091-2100} }

@inproceedings{pan2023human,
  title={Human-Machine Interactive Tissue Prototype Learning for Label-Efficient Histopathology Image Segmentation},
  author={Pan, Wentao and Yan, Jiangpeng and Chen, Hanbo and Yang, Jiawei and Xu, Zhe and Li, Xiu and Yao, Jianhua},
  booktitle={International Conference on Information Processing in Medical Imaging},
  pages={679--691},
  year={2023}
}

@inproceedings{xu2023bridging,
  title={Bridging vision and language encoders: Parameter-efficient tuning for referring image segmentation},
  author={Xu, Zunnan and Chen, Zhihong and Zhang, Yong and Song, Yibing and Wan, Xiang and Li, Guanbin},
  booktitle={Proceedings of the IEEE/CVF International Conference on Computer Vision},
  pages={17503--17512},
  year={2023}
}
@article{lin2023consistent123,
  title={Consistent123: One Image to Highly Consistent 3D Asset Using Case-Aware Diffusion Priors},
  author={Lin, Yukang and Han, Haonan and Gong, Chaoqun and Xu, Zunnan and Zhang, Yachao and Li, Xiu},
  journal={arXiv preprint arXiv:2309.17261},
  year={2023}
}

@article{XU2022102643,
title = {Multi-modal sequence learning for Alzheimer’s disease progression prediction with incomplete variable-length longitudinal data},
journal = {Medical Image Analysis},
volume = {82},
pages = {102643},
year = {2022},
issn = {1361-8415},
doi = {https://doi.org/10.1016/j.media.2022.102643},
author = {Lei Xu and Hui Wu and Chunming He and Jun Wang and Changqing Zhang and Feiping Nie and Lei Chen},
}

@InProceedings{Xu_Wang_Nie_Li_2023,
    author={Xu, Lei and Wang, Rong and Nie, Feiping and Li, Xuelong}, 
    title     = {Efficient Top-K Feature Selection Using Coordinate Descent Method},
    booktitle = {AAAI},
    DOI={10.1609/aaai.v37i9.26258}, 
    number={9}, 
    year={2023}, 
    month={Jun.}, 
    pages={10594-10601},
    volume={37}
}


@inproceedings{xu2023semi,
  title={Semi-Supervised Top-k Feature Selection with a General Optimization Framework},
  author={Xu, Lei and Wang, Rong and Nie, Feiping and Wu, Jun and Li, Xuelong},
  booktitle={ICME},
  pages={288--293},
  year={2023},
  organization={IEEE}
}



@inproceedings{tang2023source,
  title={Source-free domain adaptive fundus image segmentation with class-balanced mean teacher},
  author={Tang, Longxiang and Li, Kai and He, Chunming and Zhang, Yulun and Li, Xiu},
  booktitle={MICCAI},
  pages={684--694},
  year={2023}
}

@inproceedings{tang2023consistency,
  title={Consistency Regularization for Generalizable Source-free Domain Adaptation},
  author={Tang, Longxiang and Li, Kai and He, Chunming and Zhang, Yulun},
  booktitle={Proceedings of the IEEE/CVF International Conference on Computer Vision},
  pages={4323--4333},
  year={2023}
}

@article{kirillov2023segment,
  title={Segment anything},
  author={Kirillov, Alexander and Mintun, Eric and Ravi, Nikhila and Mao, Hanzi},
  journal={arXiv preprint arXiv:2304.02643},
  year={2023}
}

@inproceedings{zhang2020weakly,
  title={Weakly-supervised salient object detection via scribble},
  author={Zhang, Jing and Yu, Xin and Li, Aixuan and Song, Peipei and Liu, Bowen},
  booktitle={CVPR},
  pages={12546--12555},
  year={2020}
}

@inproceedings{liang2022tree,
  title={Tree energy loss: Towards sparsely annotated semantic segmentation},
  author={Liang, Zhiyuan and Wang, Tiancai and Zhang, Xiangyu and Sun, Jian and Shen, Jianbing},
  booktitle={CVPR},
  pages={16907--16916},
  year={2022}
}

@inproceedings{yu2021structure,
  title={Structure-consistent weakly supervised salient object detection with local saliency coherence},
  author={Yu, Siyue and Zhang, Bingfeng and Xiao, Jimin and Lim, Eng Gee},
  booktitle={AAAI},
  volume={35},
  pages={3234--3242},
  year={2021}
}

@article{he2022weakly,
  title={Weakly-Supervised Camouflaged Object Detection with Scribble},
  author={He, Ruozhen and Dong, Qihua and Lin, Jiaying},
  journal={AAAI},
  year={2023}
}

@article{le2019anabranch,
  title={Anabranch network for camouflaged object segmentation},
  author={Le, Trung-Nghia and Nguyen, Tam V and Nie, Zhongliang and Tran, Minh-Triet and Sugimoto, Akihiro},
  journal={Comput. Vis. Image Underst.},
  volume={184},
  pages={45--56},
  year={2019},
  publisher={Elsevier}
}

@article{skurowski2018animal,
  title={Animal camouflage analysis: Chameleon database},
  author={Skurowski, Przemys{\l}aw and Abdulameer, Hassan and B{\l}aszczyk, J},
  journal={Unpublished manuscript},
  pages={7},
  year={2018}
}

@article{bernal2012towards,
  title={Towards automatic polyp detection with a polyp appearance model},
  author={Bernal, Jorge and S{\'a}nchez, Javier and Vilarino, Fernando},
  journal={Pattern Recognit.},
  volume={45},
  number={9},
  pages={3166--3182},
  year={2012},
  publisher={Elsevier}
}

@article{bernal2015wm,
  title={WM-DOVA maps for accurate polyp highlighting in colonoscopy: Validation vs. saliency maps from physicians},
  author={Bernal, Jorge and S{\'a}nchez, F Javier and Fern{\'a}ndez-Esparrach, Gloria and Gil, Debora and Rodr{\'\i}guez, Cristina and Vilari{\~n}o, Fernando},
  journal={Comput. Med. Imaging Graph.},
  volume={43},
  pages={99--111},
  year={2015},
  publisher={Elsevier}
}

@article{tajbakhsh2015automated,
  title={Automated polyp detection in colonoscopy videos using shape and context information},
  author={Tajbakhsh, Nima and Gurudu, Suryakanth R and Liang, Jianming},
  journal={IEEE Trans. Med. Imaging},
  volume={35},
  number={2},
  pages={630--644},
  year={2015},
  publisher={IEEE}
}

@article{silva2014toward,
  title={Toward embedded detection of polyps in wce images for early diagnosis},
  author={Silva, Juan and Histace, Aymeric and Romain, Olivier and Dray, Xavier},
  journal={Int. J. Comput. Assist. Radiol. Surg.},
  volume={9},
  pages={283--293},
  year={2014}
}
@article{xiao2024survey,
  title={A Survey of Camouflaged Object Detection and Beyond},
  author={Xiao, Fengyang and Hu, Sujie and Shen, Yuqi and He, Chunming},
  journal={arXiv preprint arXiv:2408.14562},
  year={2024}
}
@article{ma2024segment,
  title={Segment anything in medical images},
  author={Ma, Jun and He, Yuting and Li, Feifei and Han, Lin and You, Chenyu and Wang, Bo},
  journal={Nat. Commun.},
  volume={15},
  number={1},
  pages={654},
  year={2024},
  publisher={Nature Publishing Group UK London}
}

@article{chen2024sam,
  title={SAM-COD: SAM-guided Unified Framework for Weakly-Supervised Camouflaged Object Detection},
  author={Chen, Huafeng and Wei, Pengxu and Guo, Guangqian and Gao, Shan},
  journal={arXiv preprint arXiv:2408.10760},
  year={2024}
}
@inproceedings{fang2024real,
  title={Real-world Image Dehazing with Coherence-based Pseudo Labeling and Cooperative Unfolding Network},
  author={Fang, Chengyu and He, Chunming and Xiao, Fengyang and Zhang, Yulun and Tang, Longxiang and Zhang, Yuelin and Li, Kai and Li, Xiu},
  booktitle={The Thirty-eighth Annual Conference on Neural Information Processing Systems},
  year={2024}
}

@inproceedings{ahn2021refining,
  title={Refining action segmentation with hierarchical video representations},
  author={Ahn, Hyemin and Lee, Dongheui},
  booktitle={Proceedings of the IEEE/CVF international conference on computer vision},
  pages={16302--16310},
  year={2021}
}

@article{he2024diffusion,
  title={Diffusion Models in Low-Level Vision: A Survey},
  author={He, Chunming and Shen, Yuqi and Fang, Chengyu and Xiao, Fengyang and Tang, Longxiang},
  journal={arXiv preprint arXiv:2406.11138},
  year={2024}
}

@inproceedings{jha2020kvasir,
  title={Kvasir-seg: A segmented polyp dataset},
  author={Jha, Debesh and Smedsrud, Pia H and Riegler, Michael A and Halvorsen, P{\aa}l},
  booktitle={MMM},
  pages={451--462},
  year={2020}
}

@inproceedings{zhang2024unified,
  title={A Unified Framework for Microscopy Defocus Deblur with Multi-Pyramid Transformer and Contrastive Learning},
  author={Zhang, Yuelin and Zheng, Pengyu and Yan, Wanquan and Fang, Chengyu and Cheng, Shing Shin},
  booktitle={Proceedings of the IEEE/CVF Conference on Computer Vision and Pattern Recognition},
  pages={11125--11136},
  year={2024}
}

@article{lai2024camoteacher,
  title={CamoTeacher: Dual-Rotation Consistency Learning for Semi-Supervised Camouflaged Object Detection},
  author={Lai, Xunfa and Yang, Zhiyu and Hu, Jie and Zhang, Shengchuan and Cao, Liujuan },
  journal={arXiv preprint arXiv:2408.08050},
  year={2024}
}

@inproceedings{mei2020don,
  title={Don't hit me! glass detection in real-world scenes},
  author={Mei, Haiyang and Yang, Xin and Wang, Yang and Liu, Yuanyuan and He, Shengfeng},
  booktitle={CVPR},
  pages={3687--3696},
  year={2020}
}

@inproceedings{lin2021rich,
  title={Rich context aggregation with reflection prior for glass surface detection},
  author={Lin, Jiaying and He, Zebang},
  booktitle={CVPR},
  pages={13415--13424},
  year={2021}
}

@article{yan2024ghostingnet,
  title={GhostingNet: A Novel Approach for Glass Surface Detection With Ghosting Cues},
  author={Yan, Tao and Gao, Jiahui and Xu, Ke and Zhu, Xiangjie and Huang, Hao and Li, Helong and Wah, Benjamin and Lau, Rynson WH},
  journal={IEEE Trans. Pattern Anal. Mach. Intell.},
  year={2024},
  publisher={IEEE}
}

@article{gao2019res2net,
  title={Res2net: A new multi-scale backbone architecture},
  author={Gao, Shang-Hua and Cheng, Ming-Ming and Zhao, Kai and Zhang, Xin-Yu and Yang, Ming-Hsuan and Torr, Philip},
  journal={IEEE Trans. Pattern Anal. Mach. Intell.},
  volume={43},
  number={2},
  pages={652--662},
  year={2019},
  publisher={IEEE}
}

@article{wang2022pvt,
  title={Pvt v2: Improved baselines with pyramid vision transformer},
  author={Wang, Wenhai and Xie, Enze and Li, Xiang and Fan, Deng-Ping and Song, Kaitao and Liang, Ding and Lu, Tong and Luo, Ping and Shao, Ling},
  journal={Comput. Vis. Media},
  volume={8},
  number={3},
  pages={415--424},
  year={2022},
  publisher={Springer}
}

@article{qi2024glass,
  title={Glass makes blurs: Learning the visual blurriness for glass surface detection},
  author={Qi, Fulin and Tan, Xin and Zhang, Zhizhong and Chen, Mingang and Xie, Yuan and Ma, Lizhuang},
  journal={IEEE Trans. Ind. Informat.},
  year={2024},
  publisher={IEEE}
}

@article{han2023internal,
  title={Internal-external boundary attention fusion for glass surface segmentation},
  author={Han, Dongshen and Lee, Seungkyu and Zhang, Chaoning and Yoon, Heechan and Kwon, Hyukmin and Kim, Hyun-Cheol and Choo, Hyon-Gon},
  journal={arXiv preprint arXiv:2307.00212},
  year={2024}
}

@inproceedings{gao2022weakly,
  title={Weakly-supervised salient object detection using point supervison},
  author={Gao, Shuyong and Zhang, Wei and Wang, Yan and Guo, Qianyu and Zhang, Chenglong and He, Yangji and Zhang, Wenqiang},
  booktitle={AAAI},
  volume={36},
  pages={670--678},
  year={2022}
}

@inproceedings{Liu2024vmamba,
  title={VMamba: Visual State Space Model},
  author={Liu, Yue and Tian, Yunjie and Zhao, Yuzhong and Yu, Hongtian and Xie, Lingxi and Wang, Yaowei and Ye, Qixiang and Liu, Yunfan},
  booktitle={NeurIPS},
  year={2024}
}

@inproceedings{wu2024rpcanet,
  title={RPCANet: Deep Unfolding RPCA Based Infrared Small Target Detection},
  author={Wu, Fengyi and Zhang, Tianfang and Li, Lei and Huang, Yian and Peng, Zhenming},
  booktitle={WACV},
  pages={4809--4818},
  year={2024}
}

@article{goldstein1977optimization,
  title={Optimization of Lipschitz continuous functions},
  author={Goldstein, Allen A},
  journal={Math. Program.},
  volume={13},
  pages={14--22},
  year={1977},
  publisher={Springer}
}

@article{everingham2010pascal,
  title={The pascal visual object classes (voc) challenge},
  author={Everingham, Mark and Van Gool, Luc and Williams, Christopher KI and Winn, John and Zisserman, Andrew},
  journal={Int. J. Comput. Vis.},
  volume={88},
  pages={303--338},
  year={2010},
  publisher={Springer}
}

@article{he2023reti,
  title={Reti-diff: Illumination degradation image restoration with retinex-based latent diffusion model},
  author={He, Chunming and Fang, Chengyu and Zhang, Yulun and Ye, Tian and Li, Kai and Tang, Longxiang and Guo, Zhenhua and Li, Xiu and Farsiu, Sina},
  journal={arXiv preprint arXiv:2311.11638},
  year={2023}
}

@inproceedings{he2019image,
  title={Image threshold segmentation based on GLLE histogram},
  author={He, Chunming and Wang, Xiaobo and Deng, Lizhen and Xu, Guoxia},
  booktitle={CPSCom},
  pages={410--415},
  year={2019},
  organization={IEEE}
}

@article{he2019glle,
  title={Glle entropic threshold segmentation based on fuzzy entropy},
  author={He, Chunming and Xu, Lei and Lu, Guosheng and Deng, Lizhen},
  journal={Nanjing Xinxi Gongcheng Daxue Xuebao},
  volume={11},
  number={6},
  pages={757--763},
  year={2019},
  publisher={Nanjing University of Information Science \& Technology}
}

@inproceedings{li2014secrets,
  title={The secrets of salient object segmentation},
  author={Li, Yin and Hou, Xiaodi and Koch, Christof and Rehg, James M and Yuille, Alan L},
  booktitle={CVPR},
  pages={280--287},
  year={2014}
}

@inproceedings{wang2017learning,
  title={Learning to detect salient objects with image-level supervision},
  author={Wang, Lijun and Lu, Huchuan and Wang, Yifan},
  booktitle={CVPR},
  pages={136--145},
  year={2017}
}

@inproceedings{yan2013hierarchical,
  title={Hierarchical saliency detection},
  author={Yan, Qiong and Xu, Li and Shi, Jianping and Jia, Jiaya},
  booktitle={CVPR},
  pages={1155--1162},
  year={2013}
}

@inproceedings{li2015visual,
  title={Visual saliency based on multiscale deep features},
  author={Li, Guanbin and Yu, Yizhou},
  booktitle={CVPR},
  pages={5455--5463},
  year={2015}
}

@inproceedings{yang2013saliency,
  title={Saliency detection via graph-based manifold ranking},
  author={Yang, Chuan and Zhang, Lihe and Lu, Huchuan and Ruan, Xiang and Yang, Ming-Hsuan},
  booktitle={CVPR},
  pages={3166--3173},
  year={2013}
}

@inproceedings{li2021ecacl,
  title={Ecacl: A holistic framework for semi-supervised domain adaptation},
  author={Li, Kai and Liu, Chang and Zhao, Handong and Zhang, Yulun and Fu, Yun},
  booktitle={ICCV},
  pages={8578--8587},
  year={2021}
}

@inproceedings{pang2022zoom,
  title={Zoom in and Out: A Mixed-Scale Triplet Network for Camouflaged Object Detection},
  author={Pang, Youwei and Zhao, Xiaoqi and Xiang, Tian-Zhu and Zhang, Lihe and Lu, Huchuan},
  booktitle={CVPR},
  pages={2160--2170},
  year={2022}
}

@article{zhang2020survey,
  title={A survey of semi-and weakly supervised semantic segmentation of images},
  author={Zhang, Man and Zhou, Yong and Zhao, Jiaqi and Man, Yiyun and Liu, Bing and Yao, Rui},
  journal={Artif. Intell. Rev.},
  volume={53},
  pages={4259--4288},
  year={2020}
}

@inproceedings{yang2018denseaspp,
  title={Denseaspp for semantic segmentation in street scenes},
  author={Yang, Maoke and Yu, Kun and Zhang, Chi and Li, Zhiwei and Yang, Kuiyuan},
  booktitle={CVPR},
  pages={3684--3692},
  year={2018}
}

@inproceedings{zhao2018psanet,
  title={Psanet: Point-wise spatial attention network for scene parsing},
  author={Zhao, Hengshuang and Zhang, Yi and Liu, Shu and Shi, Jianping},
  booktitle={ECCV},
  pages={267--283},
  year={2018}
}

@inproceedings{wang2020eca,
  title={ECA-Net: Efficient channel attention for deep convolutional neural networks},
  author={Wang, Qilong and Wu, Banggu and Zhu, Pengfei and Li, Peihua and Zuo, Wangmeng and Hu, Qinghua},
  booktitle={CVPR},
  pages={11534--11542},
  year={2020}
}

@inproceedings{zhang2018image,
  title={Image super-resolution using very deep residual channel attention networks},
  author={Zhang, Yulun and Li, Kunpeng and Li, Kai},
  booktitle={ECCV},
  pages={286--301},
  year={2018}
}

@article{locatello2020object,
  title={Object-centric learning with slot attention},
  author={Locatello, Francesco and Weissenborn, Dirk and Unterthiner, Thomas and Mahendran, Aravindh and Heigold, Georg},
  journal={NIPS},
  volume={33},
  pages={11525--11538},
  year={2020}
}

@article{luong2015effective,
  title={Effective approaches to attention-based neural machine translation},
  author={Luong, Minh-Thang and Pham, Hieu and Manning, Christopher D},
  journal={arXiv preprint arXiv:1508.04025},
  year={2015}
}

@inproceedings{he2016deep,
  title={Deep residual learning for image recognition},
  author={He, Kaiming and Zhang, Xiangyu and Ren, Shaoqing and Sun, Jian},
  booktitle={CVPR},
  pages={770--778},
  year={2016}
}

@inproceedings{deng2009imagenet,
  title={Imagenet: A large-scale hierarchical image database},
  author={Deng, Jia and Dong, Wei and Socher, Richard and Li, Li-Jia and Li, Kai},
  booktitle={CVPR},
  pages={248--255},
  year={2009}
}


@inproceedings{fan2020pranet,
  title={Pranet: Parallel reverse attention network for polyp segmentation},
  author={Fan, Deng-Ping and Ji, Ge-Peng and Zhou, Tao},
  booktitle={MICCAI},
  pages={263--273},
  year={2020}
}

@article{ji2023sam,
  title={SAM Struggles in Concealed Scenes"},
  author={Ji, Ge-Peng and Fan, Deng-Ping and Xu, Peng and Cheng, Ming-Ming and Zhou, Bowen},
  journal={arXiv preprint arXiv:2304.06022},
  year={2023}
}

@article{han2023segment,
  title={Segment Anything Model (SAM) Meets Glass: Mirror and Transparent Objects Cannot Be Easily Detected},
  author={Han, Dongsheng and Zhang, Chaoning and Qiao, Yu and Qamar, Maryam and Jung, Yuna and Lee, SeungKyu},
  journal={arXiv preprint arXiv:2305.00278},
  year={2023}
}

@article{mazurowski2023segment,
  title={Segment anything model for medical image analysis: an experimental study},
  author={Mazurowski, Maciej A and Dong, Haoyu and Gu, Hanxue and Yang, Jichen and Konz, Nicholas and Zhang, Yixin},
  journal={arXiv preprint arXiv:2304.10517},
  year={2023}
}

@article{cheng2023sam,
  title={SAM on Medical Images: A Study on Three Prompt Modes},
  author={Cheng, Dongjie and Qin, Ziyuan and Jiang, Zekun},
  journal={arXiv preprint arXiv:2305.00035},
  year={2023}
}

@article{mattjie2023exploring,
  title={Exploring the Zero-Shot Capabilities of the Segment Anything Model (SAM) in 2D Medical Imaging: A Comprehensive Evaluation and Practical Guideline},
  author={Mattjie, Christian and de Moura, Luis Vinicius and Ravazio, Rafaela Cappelari and Kupssinsk{\"u}, Lucas Silveira and Parraga, Ot{\'a}vio and Delucis},
  journal={arXiv preprint arXiv:2305.00109},
  year={2023}
}

@article{zhou2023can,
  title={Can sam segment polyps?},
  author={Zhou, Tao and Zhang, Yizhe and Zhou, Yi and Wu, Ye and Gong, Chen},
  journal={arXiv preprint arXiv:2304.07583},
  year={2023}
}

@article{tang2023can,
  title={Can sam segment anything? sam meets camouflaged object detection},
  author={Tang, Lv and Xiao, Haoke},
  journal={arXiv preprint arXiv:2304.04709},
  year={2023}
}

@article{ji2023segment,
  title={Segment anything is not always perfect: An investigation of sam on different real-world applications},
  author={Ji, Wei and Li, Jingjing and Bi, Qi and Li, Wenbo and Cheng, Li},
  journal={arXiv preprint arXiv:2304.05750},
  year={2023}
}

@inproceedings{zhong2022detecting,
  title={Detecting camouflaged object in frequency domain},
  author={Zhong, Yijie and Li, Bo and Tang, Lv and Kuang, Senyun},
  booktitle={CVPR},
  pages={4504--4513},
  year={2022}
}

@article{sun2022boundary,
  title={Boundary-guided camouflaged object detection},
  author={Sun, Yujia and Wang, Shuo and Chen, Chenglizhao and Xiang, Tian-Zhu},
  journal={arXiv preprint arXiv:2207.00794},
  year={2022}
}

@inproceedings{zhu2022can,
  title={I can find you! Boundary-guided separated attention network for camouflaged object detection},
  author={Zhu, Hongwei and Li, Peng and Xie, Haoran and Yan, Xuefeng and Liang, Dong and Chen, Dapeng and Wei, Mingqiang and Qin, Jing},
  booktitle={AAAI},
  volume={36},
  pages={3608--3616},
  year={2022}
}

@inproceedings{zhang2020adaptive,
  title={Adaptive context selection for polyp segmentation},
  author={Zhang, Ruifei and Li, Guanbin and Li, Zhen and Cui, Shuguang and Qian, Dahong and Yu, Yizhou},
  booktitle={MICCAI},
  pages={253--262},
  year={2020}
}

@inproceedings{xie2020segmenting,
  title={Segmenting transparent objects in the wild},
  author={Xie, Enze and Wang, Wenjia and Wang, Wenhai and Ding, Mingyu and Shen, Chunhua and Luo, Ping},
  booktitle={ECCV},
  year={2020}
}

@inproceedings{margolin2014evaluate,
  title={How to evaluate foreground maps?},
  author={Margolin, Ran and Zelnik-Manor, Lihi and Tal, Ayellet},
  booktitle={CVPR},
  pages={248--255},
  year={2014}
}

@article{fan2021cognitive,
  title={Cognitive vision inspired object segmentation metric and loss function},
  author={Fan, Deng-Ping and Ji, Ge-Peng and Qin, Xuebin and Cheng, Ming-Ming},
  journal={Scientia Sinica Informationis},
  volume={6},
  number={6},
  year={2021}
}

@inproceedings{fan2017structure,
  title={Structure-measure: A new way to evaluate foreground maps},
  author={Fan, Deng-Ping and Cheng, Ming-Ming and Liu, Yun and Li, Tao},
  booktitle={ICCV},
  pages={4548--4557},
  year={2017}
}

@article{zhuge2022salient,
  title={Salient object detection via integrity learning},
  author={Zhuge, Mingchen and Fan, Deng-Ping and Liu, Nian and Zhang, Dingwen and Xu, Dong and Shao, Ling},
  journal={IEEE Trans. Pattern Anal. Mach. Intell.},
  year={2022},
  publisher={IEEE}
}

@inproceedings{liu2021swin,
  title={Swin transformer: Hierarchical vision transformer using shifted windows},
  author={Liu, Ze and Lin, Yutong and Cao, Yue and Hu, Han and Wei, Yixuan and Zhang, Zheng and Lin, Stephen and Guo, Baining},
  booktitle={ICCV},
  pages={10012--10022},
  year={2021}
}

@inproceedings{liu2022boosting,
  title={Boosting camouflaged object detection with dual-task interactive transformer},
  author={Liu, Zhengyi and Zhang, Zhili and Tan, Yacheng and Wu, Wei},
  booktitle={ICPR},
  pages={140--146},
  year={2022},
  organization={IEEE}
}

@InProceedings{Liu_2022_WACV,
    author    = {Liu, Jiawei and Zhang, Jing and Barnes, Nick},
    title     = {Modeling Aleatoric Uncertainty for Camouflaged Object Detection},
    booktitle = {Proceedings of the IEEE/CVF Winter Conference on Applications of Computer Vision (WACV)},
    month     = {January},
    year      = {2022},
    pages     = {1445-1454}
}

@inproceedings{hu2022high,
  title={High-resolution iterative feedback network for camouflaged object detection},
  author={Hu, Xiaobin and Wang, Shuo and Qin, Xuebin and Dai, Hang and Ren, Wenqi and Luo, Donghao and Tai, Ying and Shao, Ling},
  booktitle={AAAI},
  volume={37},
  pages={881--889},
  year={2023}
}


@article{COD-ZoomNeXt,
  title={Zoomnext: A unified collaborative pyramid network for camouflaged object detection},
  author={Pang, Youwei and Zhao, Xiaoqi and Xiang, Tian-Zhu and Zhang, Lihe and Lu, Huchuan},
  journal={IEEE Trans. Pattern Anal. Mach. Intell.},
  year={2024},
  publisher={IEEE}
}

@inproceedings{CDCU-Spider,
  title={Spider: A Unified Framework for Context-dependent Concept Segmentation},
  author={Zhao, Xiaoqi and Pang, Youwei and Ji, Wei and Sheng, Baicheng and Zuo, Jiaming },
  booktitle={ICML}
}


@article{BiSeg-GateNetv2,
  title={Towards diverse binary segmentation via a simple yet general gated network},
  author={Zhao, Xiaoqi and Pang, Youwei and Zhang, Lihe and Lu, Huchuan and Zhang, Lei},
  journal={Int. j comput. vision},
  pages={1--78},
  year={2024}
}

@misc{xiang2022exploringdepthcontributioncamouflaged,
      title={Exploring Depth Contribution for Camouflaged Object Detection}, 
      author={Mochu Xiang and Jing Zhang and Yunqiu Lv and Aixuan Li and Yiran Zhong and Yuchao Dai},
      year={2022},
      eprint={2106.13217},
      archivePrefix={arXiv},
      primaryClass={cs.CV},
      url={https://arxiv.org/abs/2106.13217}, 
}


@misc{gu2022efficientlymodelinglongsequences,
      title={Efficiently Modeling Long Sequences with Structured State Spaces}, 
      author={Albert Gu and Karan Goel and Christopher Ré},
      year={2022},
      eprint={2111.00396},
      archivePrefix={arXiv},
      primaryClass={cs.LG},
      url={https://arxiv.org/abs/2111.00396}, 
}

@misc{gu2021combiningrecurrentconvolutionalcontinuoustime,
      title={Combining Recurrent, Convolutional, and Continuous-time Models with Linear State-Space Layers}, 
      author={Albert Gu and Isys Johnson and Karan Goel and Khaled Saab and Tri Dao and Atri Rudra and Christopher Ré},
      year={2021},
      eprint={2110.13985},
      archivePrefix={arXiv},
      primaryClass={cs.LG},
      url={https://arxiv.org/abs/2110.13985}, 
}

@misc{smith2023simplifiedstatespacelayers,
      title={Simplified State Space Layers for Sequence Modeling}, 
      author={Jimmy T. H. Smith and Andrew Warrington and Scott W. Linderman},
      year={2023},
      eprint={2208.04933},
      archivePrefix={arXiv},
      primaryClass={cs.LG},
      url={https://arxiv.org/abs/2208.04933}, 
}

@article{10.1115/1.3662552,
    author = {Kalman, R. E.},
    title = {A New Approach to Linear Filtering and Prediction Problems},
    journal = {Journal of Basic Engineering},
    volume = {82},
    number = {1},
    pages = {35-45},
    year = {1960},
    month = {03},
    issn = {0021-9223},
    doi = {10.1115/1.3662552},
    url = {https://doi.org/10.1115/1.3662552},
    eprint = {https://asmedigitalcollection.asme.org/fluidsengineering/article-pdf/82/1/35/5518977/35\_1.pdf},
}

@article{wan2024sigma,
  title={Sigma: Siamese Mamba Network for Multi-Modal Semantic Segmentation},
  author={Wan, Zifu and Wang, Yuhao and Yong, Silong and Zhang, Pingping and Stepputtis, Simon and Sycara, Katia and Xie, Yaqi},
  journal={arXiv preprint arXiv:2404.04256},
  year={2024}
}

@misc{gu2024mambalineartimesequencemodeling,
      title={Mamba: Linear-Time Sequence Modeling with Selective State Spaces}, 
      author={Albert Gu and Tri Dao},
      year={2024},
      eprint={2312.00752},
      archivePrefix={arXiv},
      primaryClass={cs.LG},
      url={https://arxiv.org/abs/2312.00752}, 
}

@misc{xie2024fusionmambadynamicfeatureenhancement,
      title={FusionMamba: Dynamic Feature Enhancement for Multimodal Image Fusion with Mamba}, 
      author={Xinyu Xie and Yawen Cui and Chio-In Ieong and Tao Tan and Xiaozhi Zhang and Xubin Zheng and Zitong Yu},
      year={2024},
      eprint={2404.09498},
      archivePrefix={arXiv},
      primaryClass={cs.CV},
      url={https://arxiv.org/abs/2404.09498}, 
}

@misc{li2024mambadfusemambabaseddualphasemodel,
      title={MambaDFuse: A Mamba-based Dual-phase Model for Multi-modality Image Fusion}, 
      author={Zhe Li and Haiwei Pan and Kejia Zhang and Yuhua Wang and Fengming Yu},
      year={2024},
      eprint={2404.08406},
      archivePrefix={arXiv},
      primaryClass={cs.CV},
      url={https://arxiv.org/abs/2404.08406}, 
}

@misc{guo2024mambairsimplebaselineimage,
      title={MambaIR: A Simple Baseline for Image Restoration with State-Space Model}, 
      author={Hang Guo and Jinmin Li and Tao Dai and Zhihao Ouyang and Xudong Ren and Shu-Tao Xia},
      year={2024},
      eprint={2402.15648},
      archivePrefix={arXiv},
      primaryClass={cs.CV},
      url={https://arxiv.org/abs/2402.15648}, 
}

@article{deng2024cu,
  title={Cu-mamba: Selective state space models with channel learning for image restoration},
  author={Deng, Rui and Gu, Tianpei},
  journal={arXiv preprint arXiv:2404.11778},
  year={2024}
}

@article{shi2024vmambair,
  title={Vmambair: Visual state space model for image restoration},
  author={Shi, Yuan and Xia, Bin and Jin, Xiaoyu and Wang, Xing and Zhao, Tianyu and Xia, Xin and Xiao, Xuefeng and Yang, Wenming},
  journal={arXiv preprint arXiv:2403.11423},
  year={2024}
}

@inproceedings{xing2024segmamba,
  title={Segmamba: Long-range sequential modeling mamba for 3d medical image segmentation},
  author={Xing, Zhaohu and Ye, Tian and Yang, Yijun and Liu, Guang and Zhu, Lei},
  booktitle={International Conference on Medical Image Computing and Computer-Assisted Intervention},
  pages={578--588},
  year={2024},
  organization={Springer}
}



@inproceedings{yang2025remamber,
  title={Remamber: Referring image segmentation with mamba twister},
  author={Yang, Yuhuan and Ma, Chaofan and Yao, Jiangchao and Zhong, Zhun and Zhang, Ya and Wang, Yanfeng},
  booktitle={European Conference on Computer Vision},
  pages={108--126},
  year={2025},
  organization={Springer} 
}

@article{wang2024mamba,
  title={Mamba-unet: Unet-like pure visual mamba for medical image segmentation},
  author={Wang, Ziyang and Zheng, Jian-Qing and Zhang, Yichi and Cui, Ge and Li, Lei},
  journal={arXiv preprint arXiv:2402.05079},
  year={2024}
}

@article{ruan2024vm,
  title={Vm-unet: Vision mamba unet for medical image segmentation},
  author={Ruan, Jiacheng and Xiang, Suncheng},
  journal={arXiv preprint arXiv:2402.02491},
  year={2024}
}

@article{ma2024u,
  title={U-mamba: Enhancing long-range dependency for biomedical image segmentation},
  author={Ma, Jun and Li, Feifei and Wang, Bo},
  journal={arXiv preprint arXiv:2401.04722},
  year={2024}
}


@article{zhang2024motion,
  title={Motion-guided dual-camera tracker for low-cost skill evaluation of gastric endoscopy},
  author={Zhang, Yuelin and Yan, Wanquan and Yan, Kim and Lam, Chun Ping and Qiu, Yufu and Zheng, Pengyu and Tang, Raymond Shing-Yan and Cheng, Shing Shin},
  journal={arXiv preprint arXiv:2403.05146},
  year={2024}
}

@inproceedings{zubic2024state,
  title={State space models for event cameras},
  author={Zubic, Nikola and Gehrig, Mathias and Scaramuzza, Davide},
  booktitle={Proceedings of the IEEE/CVF Conference on Computer Vision and Pattern Recognition},
  pages={5819--5828},
  year={2024}
} 

@article{wang2024taming,
  title={Taming Rectified Flow for Inversion and Editing},
  author={Wang, Jiangshan and Pu, Junfu and Qi, Zhongang and Guo, Jiayi and Ma, Yue and Huang, Nisha and Chen, Yuxin and Li, Xiu and Shan, Ying},
  journal={arXiv preprint arXiv:2411.04746},
  year={2024}
}


@article{wang2024cove,
  title={COVE: Unleashing the Diffusion Feature Correspondence for Consistent Video Editing},
  author={Wang, Jiangshan and Ma, Yue and Guo, Jiayi and Xiao, Yicheng and Huang, Gao and Li, Xiu},
  journal={arXiv preprint arXiv:2406.08850},
  year={2024}
}


@article{hu2024zigma,
  title={Zigma: Zigzag mamba diffusion model},
  author={Hu, Vincent Tao and Baumann, Stefan Andreas and Gui, Ming and Grebenkova, Olga and Ma, Pingchuan and Fischer, Johannes and Ommer, Bjorn},
  journal={arXiv preprint arXiv:2403.13802},
  year={2024}
}

@misc{cong2024frequencyperceptionnetworkcamouflaged,
      title={Frequency Perception Network for Camouflaged Object Detection}, 
      author={Runmin Cong and Mengyao Sun and Sanyi Zhang and Xiaofei Zhou and Wei Zhang and Yao Zhao},
      year={2024},
      eprint={2308.08924},
      archivePrefix={arXiv},
      primaryClass={cs.CV},
      url={https://arxiv.org/abs/2308.08924}, 
}


@inproceedings{galun2003texture,
  title={Texture segmentation by multiscale aggregation of filter responses and shape elements},
  author={Galun and Sharon and Basri and Brandt},
  booktitle={Proceedings Ninth IEEE international conference on computer vision},
  pages={716--723},
  year={2003},
  organization={IEEE}
}

@article{pulla2020camouflaged,
  title={Camouflaged object detection for machine vision applications},
  author={Pulla Rao, Chennamsetty and Guruva Reddy, A and Rama Rao, CB},
  journal={International Journal of Speech Technology},
  volume={23},
  pages={327--335},
  year={2020},
  publisher={Springer}
}

@article{wang2023polarization,
  title={Polarization-based Camouflaged Object Detection},
  author={Wang, Xin and Zhang, Zhao and Gao, Jun},
  journal={Pattern Recognition Letters},
  volume={174},
  pages={106--111},
  year={2023},
  publisher={Elsevier}
}

@article{wang2024ipnet,
  title={IPNet: Polarization-based Camouflaged Object Detection via dual-flow network},
  author={Wang, Xin and Ding, Jiajia and Zhang, Zhao and Xu, Junfeng and Gao, Jun},
  journal={Engineering Applications of Artificial Intelligence},
  volume={127},
  pages={107303},
  year={2024},
  publisher={Elsevier}
}

@article{ji2022fast,
  title={Fast camouflaged object detection via edge-based reversible re-calibration network},
  author={Ji, Ge-Peng and Zhu, Lei and Zhuge, Mingchen and Fu, Keren},
  journal={Pattern Recognition},
  volume={123},
  pages={108414},
  year={2022},
  publisher={Elsevier}
}

@article{chen2022camouflaged,
  title={Camouflaged object detection via context-aware cross-level fusion},
  author={Chen, Geng and Liu, Si-Jie and Sun, Yu-Jia and Ji, Ge-Peng and Wu, Ya-Feng and Zhou, Tao},
  journal={IEEE Transactions on Circuits and Systems for Video Technology},
  volume={32},
  number={10},
  pages={6981--6993},
  year={2022},
  publisher={IEEE}
}

@inproceedings{mei2022glass,
  title={Glass segmentation using intensity and spectral polarization cues},
  author={Mei, Haiyang and Dong, Bo and Dong, Wen and Yang, Jiaxi and Baek, Seung-Hwan and Heide, Felix and Peers, Pieter and Wei, Xiaopeng and Yang, Xin},
  booktitle={Proceedings of the IEEE/CVF conference on computer vision and pattern recognition},
  pages={12622--12631},
  year={2022}
}

@article{zhang2023cmx,
  title={CMX: Cross-modal fusion for RGB-X semantic segmentation with transformers},
  author={Zhang, Jiaming and Liu, Huayao and Yang, Kailun and Hu, Xinxin and Liu, Ruiping and Stiefelhagen, Rainer},
  journal={IEEE Transactions on intelligent transportation systems},
  year={2023},
  publisher={IEEE}
}


@misc{li2024fouriermambafourierlearningintegration,
      title={FourierMamba: Fourier Learning Integration with State Space Models for Image Deraining}, 
      author={Dong Li and Yidi Liu and Xueyang Fu and Senyan Xu and Zheng-Jun Zha},
      year={2024},
      eprint={2405.19450},
      archivePrefix={arXiv},
      primaryClass={cs.CV},
      url={https://arxiv.org/abs/2405.19450}, 
}

@article{yang2024learning,
  title={Learning Adaptive Lighting via Channel-Aware Guidance},
  author={Yang, Qirui and Jiang, Peng-Tao and Zhang, Hao and Chen, Jinwei and Li, Bo and Yue, Huanjing and Yang, Jingyu},
  journal={arXiv preprint arXiv:2412.01493},
  year={2024}
}