@article{10.1115/1.3662552,
    author = {Kalman, R. E.},
    title = {A New Approach to Linear Filtering and Prediction Problems},
    journal = {Journal of Basic Engineering},
    volume = {82},
    number = {1},
    pages = {35-45},
    year = {1960},
    month = {03},
    issn = {0021-9223},
    doi = {10.1115/1.3662552},
    url = {https://doi.org/10.1115/1.3662552},
    eprint = {https://asmedigitalcollection.asme.org/fluidsengineering/article-pdf/82/1/35/5518977/35\_1.pdf},
}

@misc{gu2022efficientlymodelinglongsequences,
      title={Efficiently Modeling Long Sequences with Structured State Spaces}, 
      author={Albert Gu and Karan Goel and Christopher RÃ©},
      year={2022},
      eprint={2111.00396},
      archivePrefix={arXiv},
      primaryClass={cs.LG},
      url={https://arxiv.org/abs/2111.00396}, 
}

@misc{gu2024mambalineartimesequencemodeling,
      title={Mamba: Linear-Time Sequence Modeling with Selective State Spaces}, 
      author={Albert Gu and Tri Dao},
      year={2024},
      eprint={2312.00752},
      archivePrefix={arXiv},
      primaryClass={cs.LG},
      url={https://arxiv.org/abs/2312.00752}, 
}

@misc{guo2024mambairsimplebaselineimage,
      title={MambaIR: A Simple Baseline for Image Restoration with State-Space Model}, 
      author={Hang Guo and Jinmin Li and Tao Dai and Zhihao Ouyang and Xudong Ren and Shu-Tao Xia},
      year={2024},
      eprint={2402.15648},
      archivePrefix={arXiv},
      primaryClass={cs.CV},
      url={https://arxiv.org/abs/2402.15648}, 
}

@article{he2023strategic,
 title={Strategic Preys Make Acute Predators: Enhancing Camouflaged Object Detectors by Generating Camouflaged Objects},
 author={He, Chunming and Li, Kai and Zhang, Yachao and Zhang, Yulun and Guo, Zhenhua and Li, Xiu},
 journal={ICLR},
 year={2024}
}

@inproceedings{jia2022segment,
  title={Segment, Magnify and Reiterate: Detect Camouflaged Objects Hard Way},
  author={Jia, Qi and Yao, Shuilian and Liu, Yu},
  booktitle={CVPR},
  pages={713--722},
  year={2022}
}

@misc{li2024fouriermambafourierlearningintegration,
      title={FourierMamba: Fourier Learning Integration with State Space Models for Image Deraining}, 
      author={Dong Li and Yidi Liu and Xueyang Fu and Senyan Xu and Zheng-Jun Zha},
      year={2024},
      eprint={2405.19450},
      archivePrefix={arXiv},
      primaryClass={cs.CV},
      url={https://arxiv.org/abs/2405.19450}, 
}

@misc{li2024mambadfusemambabaseddualphasemodel,
      title={MambaDFuse: A Mamba-based Dual-phase Model for Multi-modality Image Fusion}, 
      author={Zhe Li and Haiwei Pan and Kejia Zhang and Yuhua Wang and Fengming Yu},
      year={2024},
      eprint={2404.08406},
      archivePrefix={arXiv},
      primaryClass={cs.CV},
      url={https://arxiv.org/abs/2404.08406}, 
}

@article{pang2024zoomnext,
  title={Zoomnext: A unified collaborative pyramid network for camouflaged object detection},
  author={Pang, Youwei and Zhao, Xiaoqi and Xiang, Tian-Zhu and Zhang, Lihe and Lu, Huchuan},
  journal={IEEE Trans. Pattern Anal. Mach. Intell.},
  year={2024},
  publisher={IEEE}
}

@inproceedings{sun2025frequency,
  title={Frequency-spatial entanglement learning for camouflaged object detection},
  author={Sun, Yanguang and Xu, Chunyan and Yang, Jian and Xuan, Hanyu and Luo, Lei},
  booktitle={ECCV},
  pages={343--360},
  year={2024}
}

@inproceedings{wang2023depth,
  title={Depth-aided camouflaged object detection},
  author={Wang, Qingwei and Yang, Jinyu and Yu, Xiaosheng and Wang, Fangyi and Chen, Peng and Zheng, Feng},
  booktitle={Proceedings of the 31st ACM International Conference on Multimedia},
  pages={3297--3306},
  year={2023}
}

@inproceedings{wang2024depth,
  title={Depth-Aware Concealed Crop Detection in Dense Agricultural Scenes},
  author={Wang, Liqiong and Yang, Jinyu and Zhang, Yanfu and Wang, Fangyi and Zheng, Feng},
  booktitle={Proceedings of the IEEE/CVF Conference on Computer Vision and Pattern Recognition},
  pages={17201--17211},
  year={2024}
}

@article{wang2024mamba,
  title={Mamba-unet: Unet-like pure visual mamba for medical image segmentation},
  author={Wang, Ziyang and Zheng, Jian-Qing and Zhang, Yichi and Cui, Ge and Li, Lei},
  journal={arXiv preprint arXiv:2402.05079},
  year={2024}
}

@inproceedings{wu2023source,
  title={Source-free depth for object pop-out},
  author={Wu, Zongwei and Paudel, Danda Pani and Fan, Deng-Ping and Wang, Jingjing and Wang, Shuo and Demonceaux, C{\'e}dric and Timofte, Radu and Van Gool, Luc},
  booktitle={Proceedings of the IEEE/CVF international conference on computer vision},
  pages={1032--1042},
  year={2023}
}

@misc{xiang2022exploringdepthcontributioncamouflaged,
      title={Exploring Depth Contribution for Camouflaged Object Detection}, 
      author={Mochu Xiang and Jing Zhang and Yunqiu Lv and Aixuan Li and Yiran Zhong and Yuchao Dai},
      year={2022},
      eprint={2106.13217},
      archivePrefix={arXiv},
      primaryClass={cs.CV},
      url={https://arxiv.org/abs/2106.13217}, 
}

@article{xiao2025mambatree,
  title={MambaTree: Tree Topology is All You Need in State Space Model},
  author={Xiao, Yicheng and Song, Lin and Wang, Jiangshan and Song, Siyu and Ge, Yixiao and Li, Xiu and Shan, Ying and others},
  journal={Advances in Neural Information Processing Systems},
  volume={37},
  pages={75329--75354},
  year={2025}
}

@misc{xie2024fusionmambadynamicfeatureenhancement,
      title={FusionMamba: Dynamic Feature Enhancement for Multimodal Image Fusion with Mamba}, 
      author={Xinyu Xie and Yawen Cui and Chio-In Ieong and Tao Tan and Xiaozhi Zhang and Xubin Zheng and Zitong Yu},
      year={2024},
      eprint={2404.09498},
      archivePrefix={arXiv},
      primaryClass={cs.CV},
      url={https://arxiv.org/abs/2404.09498}, 
}

@inproceedings{xing2024segmamba,
  title={Segmamba: Long-range sequential modeling mamba for 3d medical image segmentation},
  author={Xing, Zhaohu and Ye, Tian and Yang, Yijun and Liu, Guang and Zhu, Lei},
  booktitle={International Conference on Medical Image Computing and Computer-Assisted Intervention},
  pages={578--588},
  year={2024},
  organization={Springer}
}

@article{yang2024learning,
  title={Learning Adaptive Lighting via Channel-Aware Guidance},
  author={Yang, Qirui and Jiang, Peng-Tao and Zhang, Hao and Chen, Jinwei and Li, Bo and Yue, Huanjing and Yang, Jingyu},
  journal={arXiv preprint arXiv:2412.01493},
  year={2024}
}

@inproceedings{yu2024exploring,
  title={Exploring Deeper! Segment Anything Model with Depth Perception for Camouflaged Object Detection},
  author={Yu, Zhenni and Zhang, Xiaoqin and Zhao, Li and Bin, Yi and Xiao, Guobao},
  booktitle={Proceedings of the 32nd ACM International Conference on Multimedia},
  pages={4322--4330},
  year={2024}
}

@article{zhang2024motion,
  title={Motion-guided dual-camera tracker for low-cost skill evaluation of gastric endoscopy},
  author={Zhang, Yuelin and Yan, Wanquan and Yan, Kim and Lam, Chun Ping and Qiu, Yufu and Zheng, Pengyu and Tang, Raymond Shing-Yan and Cheng, Shing Shin},
  journal={arXiv preprint arXiv:2403.05146},
  year={2024}
}

@article{zheng2024fd,
  title={Fd-vision mamba for endoscopic exposure correction},
  author={Zheng, Zhuoran and Zhang, Jun},
  journal={arXiv preprint arXiv:2402.06378},
  year={2024}
}

@article{zheng2024u,
  title={U-shaped vision mamba for single image dehazing},
  author={Zheng, Zhuoran and Wu, Chen},
  journal={arXiv preprint arXiv:2402.04139},
  year={2024}
}

@inproceedings{zhong2022detecting,
  title={Detecting camouflaged object in frequency domain},
  author={Zhong, Yijie and Li, Bo and Tang, Lv and Kuang, Senyun},
  booktitle={CVPR},
  pages={4504--4513},
  year={2022}
}

@inproceedings{zubic2024state,
  title={State space models for event cameras},
  author={Zubic, Nikola and Gehrig, Mathias and Scaramuzza, Davide},
  booktitle={Proceedings of the IEEE/CVF Conference on Computer Vision and Pattern Recognition},
  pages={5819--5828},
  year={2024}
}

