@inproceedings{Li2020PracticalOF,
  title={Practical One-Shot Federated Learning for Cross-Silo Setting},
  author={Qinbin Li and Bingsheng He and Dawn Xiaodong Song},
  booktitle={International Joint Conference on Artificial Intelligence},
  year={2020},
}

@inproceedings{alam2022fedrolex,
    title={FedRolex: Model-Heterogeneous Federated Learning with Rolling Sub-Model Extraction},
    author={Samiul Alam and Luyang Liu and Ming Yan and Mi Zhang},
    booktitle={Advances in Neural Information Processing Systems},
    year={2022},
    publisher={MIT Press},
    address={New York}
}

@article{caldas2018expanding,
  title={Expanding the reach of federated learning by reducing client resource requirements},
  author={Caldas, Sebastian and Kone{\v{c}}ny, Jakub and McMahan, H Brendan and Talwalkar, Ameet},
  journal={arXiv preprint arXiv:1812.07210},
  year={2018}
}

@inproceedings{chen2019data,
  title={Data-free learning of student networks},
  author={Chen, Hanting and Wang, Yunhe and Xu, Chang and Yang, Zhaohui and Liu, Chuanjian and Shi, Boxin and Xu, Chunjing and Xu, Chao and Tian, Qi},
  booktitle={Proceedings of the IEEE/CVF international conference on computer vision},
  pages={3514--3522},
  year={2019}
}

@inproceedings{dai2024enhancing,
  title={Enhancing One-Shot Federated Learning Through Data and Ensemble Co-Boosting},
  author={Dai, Rong and Zhang, Yonggang and Li, Ang and Liu, Tongliang and Yang, Xun and Han, Bo},
  booktitle={Proceedings of the 12th International Conference on Learning Representations},
  year={2024}
}

@inproceedings{diao2020heterofl,
    author       = {Enmao Diao and
                  Jie Ding and
                  Vahid Tarokh},
    title        = {HeteroFL: Computation and Communication Efficient Federated Learning
                  for Heterogeneous Clients},
    booktitle    = {9th International Conference on Learning Representations, {ICLR} 2021,
                  Virtual Event, Austria, May 3-7, 2021},
    publisher    = {OpenReview.net},
    year         = {2021},
    timestamp    = {Wed, 23 Jun 2021 17:36:40 +0200},
    address       = {New York},
}

@article{do2022momentum,
  title={Momentum adversarial distillation: Handling large distribution shifts in data-free knowledge distillation},
  author={Do, Kien and Le, Thai Hung and Nguyen, Dung and Nguyen, Dang and Harikumar, Haripriya and Tran, Truyen and Rana, Santu and Venkatesh, Svetha},
  journal={Advances in Neural Information Processing Systems},
  volume={35},
  pages={10055--10067},
  year={2022}
}

@article{guha2019one,
  title={One-shot federated learning},
  author={Guha, Neel and Talwalkar, Ameet and Smith, Virginia},
  journal={arXiv preprint arXiv:1902.11175},
  year={2019}
}

@article{gupta2018distributed,
  title={Distributed learning of deep neural network over multiple agents},
  author={Gupta, Otkrist and Raskar, Ramesh},
  journal={Journal of Network and Computer Applications},
  volume={116},
  pages={1--8},
  year={2018},
  publisher={Elsevier}
}

@article{he2020group,
  title={Group knowledge transfer: Federated learning of large cnns at the edge},
  author={He, Chaoyang and Annavaram, Murali and Avestimehr, Salman},
  journal={Advances in Neural Information Processing Systems},
  volume={33},
  pages={14068--14080},
  year={2020}
}

@inproceedings{heinbaugh2023datafree,
  title     = {Data-Free One-Shot Federated Learning Under Very High Statistical Heterogeneity},
  author    = {Clare Elizabeth Heinbaugh and Emilio Luz-Ricca and Huajie Shao},
  booktitle = {The Eleventh International Conference on Learning Representations },
  year      = {2023},
}

@inproceedings{hong2022efficient,
    title={Efficient Split-Mix Federated Learning for On-Demand and In-Situ Customization},
    author={Junyuan Hong and Haotao Wang and Zhangyang Wang and Jiayu Zhou},
    booktitle={International Conference on Learning Representations},
    year={2022},
}

@article{horvath2021fjord,
  title={Fjord: Fair and accurate federated learning under heterogeneous targets with ordered dropout},
  author={Horvath, Samuel and Laskaridis, Stefanos and Almeida, Mario and Leontiadis, Ilias and Venieris, Stylianos and Lane, Nicholas},
  journal={Advances in Neural Information Processing Systems},
  volume={34},
  pages={12876--12889},
  year={2021}
}

@inproceedings{ijcai2022p399,
  title     = {Heterogeneous Ensemble Knowledge Transfer for Training Large Models in Federated Learning},
  author    = {Cho, Yae Jee and Manoel, Andre and Joshi, Gauri and Sim, Robert and Dimitriadis, Dimitrios},
  booktitle = {International Joint Conferences on Artificial Intelligence Organization},
  pages     = {2881--2887},
  year      = {2022},
  month     = {7},
}

@article{itahara2021distillation,
  title={Distillation-based semi-supervised federated learning for communication-efficient collaborative training with non-iid private data},
  author={Itahara, Sohei and Nishio, Takayuki and Koda, Yusuke and Morikura, Masahiro and Yamamoto, Koji},
  journal={IEEE Transactions on Mobile Computing},
  volume={22},
  number={1},
  pages={191--205},
  year={2023},
  publisher={IEEE}
}

@article{li2019fedmd,
  title={Fedmd: Heterogenous federated learning via model distillation},
  author={Li, Daliang and Wang, Junpu},
  journal={arXiv preprint arXiv:1910.03581},
  year={2019}
}

@inproceedings{liang2020we,
  title={Do we really need to access the source data? source hypothesis transfer for unsupervised domain adaptation},
  author={Liang, Jian and Hu, Dapeng and Feng, Jiashi},
  booktitle={International conference on machine learning},
  pages={6028--6039},
  year={2020},
  organization={PMLR}
}

@article{lin2020ensemble,
  title={Ensemble distillation for robust model fusion in federated learning},
  author={Lin, Tao and Kong, Lingjing and Stich, Sebastian U and Jaggi, Martin},
  journal={Advances in Neural Information Processing Systems},
  volume={33},
  pages={2351--2363},
  year={2020}
}

@inproceedings{neal2018open,
  title={Open set learning with counterfactual images},
  author={Neal, Lawrence and Olson, Matthew and Fern, Xiaoli and Wong, Weng-Keen and Li, Fuxin},
  booktitle={Proc. of the European Conference on Computer Vision (ECCV)},
  pages={613--628},
  year={2018}
}

@article{shen2023federated,
  title={Federated mutual learning: a collaborative machine learning method for heterogeneous data, models, and objectives},
  author={Shen, Tao and Zhang, Jie and Jia, Xinkang and Zhang, Fengda and Lv, Zheqi and Kuang, Kun and Wu, Chao and Wu, Fei},
  journal={Frontiers of Information Technology \& Electronic Engineering},
  volume={24},
  number={10},
  pages={1390--1402},
  year={2023},
  publisher={Springer}
}

@article{srivastava2014dropout,
  title={Dropout: a simple way to prevent neural networks from overfitting},
  author={Srivastava, Nitish and Hinton, Geoffrey and Krizhevsky, Alex and Sutskever, Ilya and Salakhutdinov, Ruslan},
  journal={The journal of machine learning research},
  volume={15},
  number={1},
  pages={1929--1958},
  year={2014},
  publisher={JMLR. org}
}

@article{stanton2021does,
  title={Does knowledge distillation really work?},
  author={Stanton, Samuel and Izmailov, Pavel and Kirichenko, Polina and Alemi, Alexander A and Wilson, Andrew G},
  journal={Advances in Neural Information Processing Systems},
  volume={34},
  pages={6906--6919},
  year={2021}
}

@article{wang2018dataset,
  title={Dataset distillation},
  author={Wang, Tongzhou and Zhu, Jun-Yan and Torralba, Antonio and Efros, Alexei A},
  journal={arXiv preprint arXiv:1811.10959},
  year={2018}
}

@article{wang2024dfrd,
  title={DFRD: Data-Free Robustness Distillation for Heterogeneous Federated Learning},
  author={Wang, Shuai and Fu, Yexuan and Li, Xiang and Lan, Yunshi and Gao, Ming and others},
  journal={Advances in Neural Information Processing Systems},
  volume={36},
  year={2024}
}

@inproceedings{wang2024feddse,
  title={FedDSE: Distribution-aware Sub-model Extraction for Federated Learning over Resource-constrained Devices},
  author={Wang, Haozhao and Jia, Yabo and Zhang, Meng and Hu, Qinghao and Ren, Hao and Sun, Peng and Wen, Yonggang and Zhang, Tianwei},
  booktitle={Proceedings of the ACM on Web Conference 2024},
  pages={2902--2913},
  year={2024}
}

@article{wu2022communication,
  title={Communication-efficient federated learning via knowledge distillation},
  author={Wu, Chuhan and Wu, Fangzhao and Lyu, Lingjuan and Huang, Yongfeng and Xie, Xing},
  journal={Nature communications},
  volume={13},
  number={1},
  pages={2032},
  year={2022},
  publisher={Nature Publishing Group UK London}
}

@article{wu2024exploring,
  title={Exploring the distributed knowledge congruence in proxy-data-free federated distillation},
  author={Wu, Zhiyuan and Sun, Sheng and Wang, Yuwei and Liu, Min and Pan, Quyang and Zhang, Junbo and Li, Zeju and Liu, Qingxiang},
  journal={ACM Transactions on Intelligent Systems and Technology},
  volume={15},
  number={2},
  pages={1--34},
  year={2024},
  publisher={ACM New York, NY}
}

@article{xia2022pervasivefl,
  title={PervasiveFL: Pervasive federated learning for heterogeneous IoT systems},
  author={Xia, Jun and Liu, Tian and Ling, Zhiwei and Wang, Ting and Fu, Xin and Chen, Mingsong},
  journal={IEEE Transactions on Computer-Aided Design of Integrated Circuits and Systems},
  volume={41},
  number={11},
  pages={4100--4111},
  year={2022},
  publisher={IEEE}
}

@inproceedings{zhang2018deep,
  title={Deep mutual learning},
  author={Zhang, Ying and Xiang, Tao and Hospedales, Timothy M and Lu, Huchuan},
  booktitle={Proceedings of the IEEE conference on computer vision and pattern recognition},
  pages={4320--4328},
  year={2018}
}

@article{zhang2022dense,
  title={Dense: Data-free one-shot federated learning},
  author={Zhang, Jie and Chen, Chen and Li, Bo and Lyu, Lingjuan and Wu, Shuang and Ding, Shouhong and Shen, Chunhua and Wu, Chao},
  journal={Advances in Neural Information Processing Systems},
  volume={35},
  pages={21414--21428},
  year={2022}
}

@inproceedings{zhang2022fine,
  title={Fine-tuning global model via data-free knowledge distillation for non-iid federated learning},
  author={Zhang, Lin and Shen, Li and Ding, Liang and Tao, Dacheng and Duan, Ling-Yu},
  booktitle={Proceedings of the IEEE/CVF conference on computer vision and pattern recognition},
  pages={10174--10183},
  year={2022}
}

@article{zhang2024one,
  title={One-shot Federated Learning via Synthetic Distiller-Distillate Communication},
  author={Zhang, Junyuan and Liu, Songhua and Wang, Xinchao},
  journal={arXiv preprint arXiv:2412.05186},
  year={2024}
}

@article{zhou2020distilled,
  title={Distilled one-shot federated learning},
  author={Zhou, Yanlin and Pu, George and Ma, Xiyao and Li, Xiaolin and Wu, Dapeng},
  journal={arXiv preprint arXiv:2009.07999},
  year={2020}
}

@inproceedings{zhou2021learning,
  title={Learning placeholders for open-set recognition},
  author={Zhou, Da-Wei and Ye, Han-Jia and Zhan, De-Chuan},
  booktitle={Proc. of the IEEE/CVF conference on computer vision and pattern recognition},
  pages={4401--4410},
  year={2021}
}

