@article{kullback1951information,
  title={On information and sufficiency},
  author={Kullback, Solomon and Leibler, Richard A},
  journal={The annals of mathematical statistics},
  volume={22},
  number={1},
  pages={79--86},
  year={1951},
  publisher={JSTOR}
}

@article{kingma2013auto,
  title={Auto-encoding variational bayes},
  author={Kingma, Diederik P and Welling, Max},
  journal={arXiv preprint arXiv:1312.6114},
  year={2013}
}

@article{paszke2019pytorch,
  title={Pytorch: An imperative style, high-performance deep learning library},
  author={Paszke, Adam and Gross, Sam and Massa, Francisco and Lerer, Adam and Bradbury, James and Chanan, Gregory and Killeen, Trevor and Lin, Zeming and Gimelshein, Natalia and Antiga, Luca and others},
  journal={Advances in neural information processing systems},
  volume={32},
  year={2019}
}

@article{karimireddy2021breaking,
  title={Breaking the centralized barrier for cross-device federated learning},
  author={Karimireddy, Sai Praneeth and Jaggi, Martin and Kale, Satyen and Mohri, Mehryar and Reddi, Sashank and Stich, Sebastian U and Suresh, Ananda Theertha},
  journal={Advances in Neural Information Processing Systems},
  volume={34},
  pages={28663--28676},
  year={2021}
}

@article{huang2022cross,
  title={Cross-silo federated learning: Challenges and opportunities},
  author={Huang, Chao and Huang, Jianwei and Liu, Xin},
  journal={arXiv preprint arXiv:2206.12949},
  year={2022}
}


@inproceedings{chen2023fs,
  title={FS-REAL: Towards real-world cross-device federated learning},
  author={Chen, Daoyuan and Gao, Dawei and Xie, Yuexiang and Pan, Xuchen and Li, Zitao and Li, Yaliang and Ding, Bolin and Zhou, Jingren},
  booktitle={Proc. of the 29th ACM SIGKDD Conference on Knowledge Discovery and Data Mining},
  pages={3829--3841},
  year={2023}
}

@article{wu2023topology,
  title={Topology-aware federated learning in edge computing: A comprehensive survey},
  author={Wu, Jiajun and Dong, Fan and Leung, Henry and Zhu, Zhuangdi and Zhou, Jiayu and Drew, Steve},
  journal={ACM Computing Surveys},
  year={2023},
  publisher={ACM New York, NY}
}

@inproceedings{xiong2023feddm,
  title={Feddm: Iterative distribution matching for communication-efficient federated learning},
  author={Xiong, Yuanhao and Wang, Ruochen and Cheng, Minhao and Yu, Felix and Hsieh, Cho-Jui},
  booktitle={Proc. of the IEEE/CVF Conference on Computer Vision and Pattern Recognition},
  pages={16323--16332},
  year={2023}
}


@article{xiao2017fashion,
  title={Fashion-mnist: a novel image dataset for benchmarking machine learning algorithms},
  author={Xiao, Han and Rasul, Kashif and Vollgraf, Roland},
  journal={arXiv preprint arXiv:1708.07747},
  year={2017}
}

@inproceedings{yuval2011reading,
  title={Reading digits in natural images with unsupervised feature learning},
  author={Yuval, Netzer},
  booktitle={Proc. of the NIPS Workshop on Deep Learning and Unsupervised Feature Learning},
  year={2011}
}

@inproceedings{heinbaugh2023datafree,
  title     = {Data-Free One-Shot Federated Learning Under Very High Statistical Heterogeneity},
  author    = {Clare Elizabeth Heinbaugh and Emilio Luz-Ricca and Huajie Shao},
  booktitle = {The Eleventh International Conference on Learning Representations },
  year      = {2023},
}

@article{hsu2019measuring,
  title={Measuring the effects of non-identical data distribution for federated visual classification},
  author={Hsu, Tzu-Ming Harry and Qi, Hang and Brown, Matthew},
  journal={arXiv preprint arXiv:1909.06335},
  year={2019}
}

@article{lecun1998gradient,
  title={Gradient-based learning applied to document recognition},
  author={LeCun, Yann and Bottou, L{\'e}on and Bengio, Yoshua and Haffner, Patrick},
  journal={Proc. of the IEEE},
  volume={86},
  number={11},
  pages={2278--2324},
  year={1998},
  publisher={Ieee}
}

@article{lin2020ensemble,
  title={Ensemble distillation for robust model fusion in federated learning},
  author={Lin, Tao and Kong, Lingjing and Stich, Sebastian U and Jaggi, Martin},
  journal={Advances in Neural Information Processing Systems},
  volume={33},
  pages={2351--2363},
  year={2020}
}

@inproceedings{chen2021fedbe,
    title={FedBE: Making Bayesian Model Ensemble Applicable to Federated Learning},
    author={Hong-You Chen and Wei-Lun Chao},
    booktitle={International Conference on Learning Representations},
    year={2021},
}

@inproceedings{Li2020PracticalOF,
  title={Practical One-Shot Federated Learning for Cross-Silo Setting},
  author={Qinbin Li and Bingsheng He and Dawn Xiaodong Song},
  booktitle={International Joint Conference on Artificial Intelligence},
  year={2020},
}

@article{li2020federated,
  title={Federated optimization in heterogeneous networks},
  author={Li, Tian and Sahu, Anit Kumar and Zaheer, Manzil and Sanjabi, Maziar and Talwalkar, Ameet and Smith, Virginia},
  journal={Proc. of Machine learning and systems},
  volume={2},
  pages={429--450},
  year={2020}
}


@inproceedings{karimireddy2020scaffold,
  title={Scaffold: Stochastic controlled averaging for federated learning},
  author={Karimireddy, Sai Praneeth and Kale, Satyen and Mohri, Mehryar and Reddi, Sashank and Stich, Sebastian and Suresh, Ananda Theertha},
  booktitle={International conference on machine learning},
  pages={5132--5143},
  year={2020},
  organization={PMLR}
}

@article{wang2020tackling,
  title={Tackling the objective inconsistency problem in heterogeneous federated optimization},
  author={Wang, Jianyu and Liu, Qinghua and Liang, Hao and Joshi, Gauri and Poor, H Vincent},
  journal={Advances in neural information processing systems},
  volume={33},
  pages={7611--7623},
  year={2020}
}

@inproceedings{zhu2021data,
  title={Data-free knowledge distillation for heterogeneous federated learning},
  author={Zhu, Zhuangdi and Hong, Junyuan and Zhou, Jiayu},
  booktitle={International conference on machine learning},
  pages={12878--12889},
  year={2023},
  organization={PMLR}
}

@article{shin2020xor,
  title={Xor mixup: Privacy-preserving data augmentation for one-shot federated learning},
  author={Shin, MyungJae and Hwang, Chihoon and Kim, Joongheon and Park, Jihong and Bennis, Mehdi and Kim, Seong-Lyun},
  journal={arXiv preprint arXiv:2006.05148},
  year={2020}
}

@article{zhang2022dense,
  title={Dense: Data-free one-shot federated learning},
  author={Zhang, Jie and Chen, Chen and Li, Bo and Lyu, Lingjuan and Wu, Shuang and Ding, Shouhong and Shen, Chunhua and Wu, Chao},
  journal={Advances in Neural Information Processing Systems},
  volume={35},
  pages={21414--21428},
  year={2022}
}


@inproceedings{diao2022towards,
  title={Towards Addressing Label Skews in One-Shot Federated Learning},
  author={Diao, Yiqun and Li, Qinbin and He, Bingsheng},
  booktitle={The Eleventh International Conference on Learning Representations},
  year={2023}
}

@article{stanton2021does,
  title={Does knowledge distillation really work?},
  author={Stanton, Samuel and Izmailov, Pavel and Kirichenko, Polina and Alemi, Alexander A and Wilson, Andrew G},
  journal={Advances in Neural Information Processing Systems},
  volume={34},
  pages={6906--6919},
  year={2021}
}

@article{caldas2018expanding,
  title={Expanding the reach of federated learning by reducing client resource requirements},
  author={Caldas, Sebastian and Kone{\v{c}}ny, Jakub and McMahan, H Brendan and Talwalkar, Ameet},
  journal={arXiv preprint arXiv:1812.07210},
  year={2018}
}

@article{srivastava2014dropout,
  title={Dropout: a simple way to prevent neural networks from overfitting},
  author={Srivastava, Nitish and Hinton, Geoffrey and Krizhevsky, Alex and Sutskever, Ilya and Salakhutdinov, Ruslan},
  journal={The journal of machine learning research},
  volume={15},
  number={1},
  pages={1929--1958},
  year={2014},
  publisher={JMLR. org}
}

@inproceedings{diao2020heterofl,
    author       = {Enmao Diao and
                  Jie Ding and
                  Vahid Tarokh},
    title        = {HeteroFL: Computation and Communication Efficient Federated Learning
                  for Heterogeneous Clients},
    booktitle    = {9th International Conference on Learning Representations, {ICLR} 2021,
                  Virtual Event, Austria, May 3-7, 2021},
    publisher    = {OpenReview.net},
    year         = {2021},
    timestamp    = {Wed, 23 Jun 2021 17:36:40 +0200},
    address       = {New York},
}

@article{horvath2021fjord,
  title={Fjord: Fair and accurate federated learning under heterogeneous targets with ordered dropout},
  author={Horvath, Samuel and Laskaridis, Stefanos and Almeida, Mario and Leontiadis, Ilias and Venieris, Stylianos and Lane, Nicholas},
  journal={Advances in Neural Information Processing Systems},
  volume={34},
  pages={12876--12889},
  year={2021}
}

@inproceedings{alam2022fedrolex,
    title={FedRolex: Model-Heterogeneous Federated Learning with Rolling Sub-Model Extraction},
    author={Samiul Alam and Luyang Liu and Ming Yan and Mi Zhang},
    booktitle={Advances in Neural Information Processing Systems},
    year={2022},
    publisher={MIT Press},
    address={New York}
}


@inproceedings{hong2022efficient,
    title={Efficient Split-Mix Federated Learning for On-Demand and In-Situ Customization},
    author={Junyuan Hong and Haotao Wang and Zhangyang Wang and Jiayu Zhou},
    booktitle={International Conference on Learning Representations},
    year={2022},
}

@article{mora2022knowledge,
  title={Knowledge Distillation for Federated Learning: a Practical Guide},
  author={Mora, Alessio and Tenison, Irene and Bellavista, Paolo and Rish, Irina},
  journal={arXiv preprint arXiv:2211.04742},
  year={2022}
}

@article{he2020group,
  title={Group knowledge transfer: Federated learning of large cnns at the edge},
  author={He, Chaoyang and Annavaram, Murali and Avestimehr, Salman},
  journal={Advances in Neural Information Processing Systems},
  volume={33},
  pages={14068--14080},
  year={2020}
}

@article{gupta2018distributed,
  title={Distributed learning of deep neural network over multiple agents},
  author={Gupta, Otkrist and Raskar, Ramesh},
  journal={Journal of Network and Computer Applications},
  volume={116},
  pages={1--8},
  year={2018},
  publisher={Elsevier}
}

@article{itahara2021distillation,
  title={Distillation-based semi-supervised federated learning for communication-efficient collaborative training with non-iid private data},
  author={Itahara, Sohei and Nishio, Takayuki and Koda, Yusuke and Morikura, Masahiro and Yamamoto, Koji},
  journal={IEEE Transactions on Mobile Computing},
  volume={22},
  number={1},
  pages={191--205},
  year={2023},
  publisher={IEEE}
}

@inproceedings{ijcai2022p399,
  title     = {Heterogeneous Ensemble Knowledge Transfer for Training Large Models in Federated Learning},
  author    = {Cho, Yae Jee and Manoel, Andre and Joshi, Gauri and Sim, Robert and Dimitriadis, Dimitrios},
  booktitle = {International Joint Conferences on Artificial Intelligence Organization},
  pages     = {2881--2887},
  year      = {2022},
  month     = {7},
}

@article{sohn2015learning,
  title={Learning structured output representation using deep conditional generative models},
  author={Sohn, Kihyuk and Lee, Honglak and Yan, Xinchen},
  journal={Advances in neural information processing systems},
  volume={28},
  year={2015}
}

@article{guha2019one,
  title={One-shot federated learning},
  author={Guha, Neel and Talwalkar, Ameet and Smith, Virginia},
  journal={arXiv preprint arXiv:1902.11175},
  year={2019}
}

@article{zhou2020distilled,
  title={Distilled one-shot federated learning},
  author={Zhou, Yanlin and Pu, George and Ma, Xiyao and Li, Xiaolin and Wu, Dapeng},
  journal={arXiv preprint arXiv:2009.07999},
  year={2020}
}

@article{wang2018dataset,
  title={Dataset distillation},
  author={Wang, Tongzhou and Zhu, Jun-Yan and Torralba, Antonio and Efros, Alexei A},
  journal={arXiv preprint arXiv:1811.10959},
  year={2018}
}

@inproceedings{kasturi2020fusion,
  title={Fusion learning: A one shot federated learning},
  author={Kasturi, Anirudh and Ellore, Anish Reddy and Hota, Chittaranjan},
  booktitle={Computational Science--ICCS 2020: 20th International Conference, Amsterdam, The Netherlands, June 3--5, 2020, Proceedings, Part III 20},
  pages={424--436},
  year={2020},
  organization={Springer}
}

@inproceedings{neal2018open,
  title={Open set learning with counterfactual images},
  author={Neal, Lawrence and Olson, Matthew and Fern, Xiaoli and Wong, Weng-Keen and Li, Fuxin},
  booktitle={Proc. of the European Conference on Computer Vision (ECCV)},
  pages={613--628},
  year={2018}
}

@inproceedings{zhou2021learning,
  title={Learning placeholders for open-set recognition},
  author={Zhou, Da-Wei and Ye, Han-Jia and Zhan, De-Chuan},
  booktitle={Proc. of the IEEE/CVF conference on computer vision and pattern recognition},
  pages={4401--4410},
  year={2021}
}


@inproceedings{mcmahan2017communication,
  title={Communication-efficient learning of deep networks from decentralized data},
  author={McMahan, Brendan and Moore, Eider and Ramage, Daniel and Hampson, Seth and y Arcas, Blaise Aguera},
  booktitle={Proc. of the 20th International Conference on Artificial Intelligence and Statistics},
  pages={1273--1282},
  year={2017}
}


@inproceedings{cohen2017emnist,
  title={EMNIST: Extending MNIST to handwritten letters},
  author={Cohen, Gregory and Afshar, Saeed and Tapson, Jonathan and Van Schaik, Andre},
  booktitle={2017 international joint conference on neural networks (IJCNN)},
  pages={2921--2926},
  year={2017},
  organization={IEEE}
}

@article{lloyd1982least,
  title={Least squares quantization in PCM},
  author={Lloyd, Stuart},
  journal={IEEE transactions on information theory},
  volume={28},
  number={2},
  pages={129--137},
  year={1982},
  publisher={IEEE}
}

@article{kairouz2021advances,
  title={Advances and open problems in federated learning},
  author={Kairouz, Peter and McMahan, H Brendan and Avent, Brendan and Bellet, Aur{\'e}lien and Bennis, Mehdi and Bhagoji, Arjun Nitin and Bonawitz, Kallista and Charles, Zachary and Cormode, Graham and Cummings, Rachel and others},
  journal={Foundations and Trends{\textregistered} in Machine Learning},
  volume={14},
  number={1--2},
  pages={1--210},
  year={2021},
  publisher={Now Publishers, Inc.}
}

@article{wang2021field,
  title={A field guide to federated optimization},
  author={Wang, Jianyu and Charles, Zachary and Xu, Zheng and Joshi, Gauri and McMahan, H Brendan and Al-Shedivat, Maruan and Andrew, Galen and Avestimehr, Salman and Daly, Katharine and Data, Deepesh and others},
  journal={arXiv preprint arXiv:2107.06917},
  year={2021}
}


@article{zhang2022federated,
  title={Federated learning for the internet of things: Applications, challenges, and opportunities},
  author={Zhang, Tuo and Gao, Lei and He, Chaoyang and Zhang, Mi and Krishnamachari, Bhaskar and Avestimehr, A Salman},
  journal={IEEE Internet of Things Magazine},
  volume={5},
  number={1},
  pages={24--29},
  year={2022},
  publisher={IEEE}
}

@article{li2019fedmd,
  title={Fedmd: Heterogenous federated learning via model distillation},
  author={Li, Daliang and Wang, Junpu},
  journal={arXiv preprint arXiv:1910.03581},
  year={2019}
}

@article{ye2023heterogeneous,
  title={Heterogeneous federated learning: State-of-the-art and research challenges},
  author={Ye, Mang and Fang, Xiuwen and Du, Bo and Yuen, Pong C and Tao, Dacheng},
  journal={ACM Computing Surveys},
  volume={56},
  number={3},
  pages={1--44},
  year={2023},
  publisher={ACM New York, NY, USA}
}

@article{wu2022communication,
  title={Communication-efficient federated learning via knowledge distillation},
  author={Wu, Chuhan and Wu, Fangzhao and Lyu, Lingjuan and Huang, Yongfeng and Xie, Xing},
  journal={Nature communications},
  volume={13},
  number={1},
  pages={2032},
  year={2022},
  publisher={Nature Publishing Group UK London}
}

@article{yang2019federated,
  title={Federated machine learning: Concept and applications},
  author={Yang, Qiang and Liu, Yang and Chen, Tianjian and Tong, Yongxin},
  journal={ACM Transactions on Intelligent Systems and Technology (TIST)},
  volume={10},
  number={2},
  pages={1--19},
  year={2019},
  publisher={ACM New York, NY, USA}
}

@article{chai2023survey,
  title={A Survey for Federated Learning Evaluations: Goals and Measures},
  author={Chai, Di and Wang, Leye and Yang, Liu and Zhang, Junxue and Chen, Kai and Yang, Qiang},
  journal={arXiv preprint arXiv:2308.11841},
  year={2023}
}

@article{mothukuri2021survey,
  title={A survey on security and privacy of federated learning},
  author={Mothukuri, Viraaji and Parizi, Reza M and Pouriyeh, Seyedamin and Huang, Yan and Dehghantanha, Ali and Srivastava, Gautam},
  journal={Future Generation Computer Systems},
  volume={115},
  pages={619--640},
  year={2021},
  publisher={Elsevier}
}

@article{lyu2022privacy,
  title={Privacy and robustness in federated learning: Attacks and defenses},
  author={Lyu, Lingjuan and Yu, Han and Ma, Xingjun and Chen, Chen and Sun, Lichao and Zhao, Jun and Yang, Qiang and Philip, S Yu},
  journal={IEEE transactions on neural networks and learning systems},
  year={2022},
  publisher={IEEE}
}

@article{wang2020man,
  title={Man-in-the-middle attacks against machine learning classifiers via malicious generative models},
  author={Wang, Derui and Li, Chaoran and Wen, Sheng and Nepal, Surya and Xiang, Yang},
  journal={IEEE Transactions on Dependable and Secure Computing},
  volume={18},
  number={5},
  pages={2074--2087},
  year={2020},
  publisher={IEEE}
}

@inproceedings{zhu19deep,
  title={Deep Leakage from Gradients},
  author={Zhu, Ligeng and Liu, Zhijian and Han, Song},
  booktitle={Advances in Neural Information Processing Systems},
  year={2019}
}

@inproceedings{yin2021see,
  title={See through gradients: Image batch recovery via gradinversion},
  author={Yin, Hongxu and Mallya, Arun and Vahdat, Arash and Alvarez, Jose M and Kautz, Jan and Molchanov, Pavlo},
  booktitle={Proc. of the IEEE/CVF Conference on Computer Vision and Pattern Recognition},
  pages={16337--16346},
  year={2021}
}

@article{antunes2022federated,
  title={Federated learning for healthcare: Systematic review and architecture proposal},
  author={Antunes, Rodolfo Stoffel and Andr{\'e} da Costa, Cristiano and K{\"u}derle, Arne and Yari, Imrana Abdullahi and Eskofier, Bj{\"o}rn},
  journal={ACM Transactions on Intelligent Systems and Technology (TIST)},
  volume={13},
  number={4},
  pages={1--23},
  year={2022},
  publisher={ACM New York, NY}
}

@article{nguyen2022federated,
  title={Federated learning for smart healthcare: A survey},
  author={Nguyen, Dinh C and Pham, Quoc-Viet and Pathirana, Pubudu N and Ding, Ming and Seneviratne, Aruna and Lin, Zihuai and Dobre, Octavia and Hwang, Won-Joo},
  journal={ACM Computing Surveys (CSUR)},
  volume={55},
  number={3},
  pages={1--37},
  year={2022},
  publisher={ACM New York, NY}
}

@article{sun2022survey,
  title={A survey on federated recommendation systems},
  author={Sun, Zehua and Xu, Yonghui and Liu, Yong and He, Wei and Kong, Lanju and Wu, Fangzhao and Jiang, Yali and Cui, Lizhen},
  journal={arXiv preprint arXiv:2301.00767},
  year={2022}
}

@inproceedings{zhang2023fine,
  title={Fine-Grained Preference-Aware Personalized Federated POI Recommendation with Data Sparsity},
  author={Zhang, Xiao and Ye, Ziming and Lu, Jianfeng and Zhuang, Fuzhen and Zheng, Yanwei and Yu, Dongxiao},
  booktitle={Proc. of the 46th International ACM SIGIR Conference on Research and Development in Information Retrieval},
  pages={413--422},
  year={2023}
}

@article{su2023one,
  title={One-shot Federated Learning without server-side training},
  author={Su, Shangchao and Li, Bin and Xue, Xiangyang},
  journal={Neural Networks},
  volume={164},
  pages={203--215},
  year={2023},
  publisher={Elsevier}
}

@article{issa2023blockchain,
  title={Blockchain-based federated learning for securing internet of things: A comprehensive survey},
  author={Issa, Wael and Moustafa, Nour and Turnbull, Benjamin and Sohrabi, Nasrin and Tari, Zahir},
  journal={ACM Computing Surveys},
  volume={55},
  number={9},
  pages={1--43},
  year={2023},
  publisher={ACM New York, NY}
}

@inproceedings{zheng2021federated,
  title={Federated meta-learning for fraudulent credit card detection},
  author={Zheng, Wenbo and Yan, Lan and Gou, Chao and Wang, Fei-Yue},
  booktitle={Proc. of the 29th International Conference on International Joint Conferences on Artificial Intelligence},
  pages={4654--4660},
  year={2021}
}

@article{salehkaleybar2021one,
  title={One-shot federated learning: theoretical limits and algorithms to achieve them},
  author={Salehkaleybar, Saber and Sharifnassab, Arsalan and Golestani, S Jamaloddin},
  journal={The Journal of Machine Learning Research},
  volume={22},
  number={1},
  pages={8485--8531},
  year={2021},
  publisher={JMLRORG}
}

@article{hinton2015distilling,
  title={Distilling the knowledge in a neural network},
  author={Hinton, Geoffrey and Vinyals, Oriol and Dean, Jeff},
  journal={arXiv preprint arXiv:1503.02531},
  year={2015}
}

@inproceedings{tan2021efficientnetv2,
  title={Efficientnetv2: Smaller models and faster training},
  author={Tan, Mingxing and Le, Quoc},
  booktitle={International conference on machine learning},
  pages={10096--10106},
  year={2021},
  organization={PMLR}
}

@inproceedings{he2016deep,
  title={Deep residual learning for image recognition},
  author={He, Kaiming and Zhang, Xiangyu and Ren, Shaoqing and Sun, Jian},
  booktitle={Proc. of the IEEE conference on computer vision and pattern recognition},
  pages={770--778},
  year={2016}
}

@inproceedings{sandler2018mobilenetv2,
  title={Mobilenetv2: Inverted residuals and linear bottlenecks},
  author={Sandler, Mark and Howard, Andrew and Zhu, Menglong and Zhmoginov, Andrey and Chen, Liang-Chieh},
  booktitle={Proc. of the IEEE conference on computer vision and pattern recognition},
  pages={4510--4520},
  year={2018}
}




@book{ abelson-et-al:scheme,
  author = "Harold Abelson and Gerald~Jay Sussman and Julie Sussman",
  title = "Structure and Interpretation of Computer Programs",
  publisher = "MIT Press",
  address = "Cambridge, Massachusetts",
  year = "1985"
}

@inproceedings{ bgf:Lixto,
  author = "Robert Baumgartner and Georg Gottlob and Sergio Flesca",
  title = "Visual Information Extraction with {Lixto}",
  booktitle = "Proc. of the 27th International Conference on Very Large Databases",
  pages = "119--128",
  publisher = "Morgan Kaufmann",
  address = "Rome, Italy",
  month = "September",
  year = "2001"
}

@article{ brachman-schmolze:kl-one,
  author = "Ronald~J. Brachman and James~G. Schmolze",
  title = "An overview of the {KL-ONE} knowledge representation system",
  journal = "Cognitive Science",
  volume = "9",
  number = "2",
  pages = "171--216",
  month = "April--June",
  year = "1985"
}

@article{ gottlob:nonmon,
  author = "Georg Gottlob",
  title = "Complexity results for nonmonotonic logics",
  journal = "Journal of Logic and Computation",
  volume = "2",
  number = "3",
  pages = "397--425",
  month = "June",
  year = "1992"
}

@article{ gls:hypertrees,
  author = "Georg Gottlob and Nicola Leone and Francesco Scarcello",
  title = "Hypertree Decompositions and Tractable Queries",
  journal = "Journal of Computer and System Sciences",
  volume = "64",
  number = "3",
  pages = "579--627",
  month = "May",
  year = "2002"
}

@article{ levesque:functional-foundations,
  author = "Hector~J. Levesque",
  title = "Foundations of a functional approach to knowledge representation",
  journal = "Artificial Intelligence",
  volume = "23",
  number = "2",
  pages = "155--212",
  month = "July",
  year = "1984"
}

@inproceedings{ levesque:belief,
  author = "Hector~J. Levesque",
  title = "A logic of implicit and explicit belief",
  booktitle = "Proc. of the Fourth National Conference on Artificial Intelligence",
  publisher = "American Association for Artificial Intelligence",
  pages = "198--202",
  address = "Austin, Texas",
  month = "August",
  year = "1984"
}

@article{ nebel:jair-2000,
  author = "Bernhard Nebel",
  title = "On the compilability and expressive power of propositional planning formalisms",
  journal = "Journal of Artificial Intelligence Research",
  volume = "12",
  pages = "271--315",
  year = "2000"
}

@inproceedings{chen2021distilling,
  title={Distilling knowledge via knowledge review},
  author={Chen, Pengguang and Liu, Shu and Zhao, Hengshuang and Jia, Jiaya},
  booktitle={Proceedings of the IEEE/CVF conference on computer vision and pattern recognition},
  pages={5008--5017},
  year={2021}
}

@inproceedings{wang2024feddse,
  title={FedDSE: Distribution-aware Sub-model Extraction for Federated Learning over Resource-constrained Devices},
  author={Wang, Haozhao and Jia, Yabo and Zhang, Meng and Hu, Qinghao and Ren, Hao and Sun, Peng and Wen, Yonggang and Zhang, Tianwei},
  booktitle={Proceedings of the ACM on Web Conference 2024},
  pages={2902--2913},
  year={2024}
}

@inproceedings{wang2023flexifed,
  title={Flexifed: Personalized federated learning for edge clients with heterogeneous model architectures},
  author={Wang, Kaibin and He, Qiang and Chen, Feifei and Chen, Chunyang and Huang, Faliang and Jin, Hai and Yang, Yun},
  booktitle={Proceedings of the ACM Web Conference 2023},
  pages={2979--2990},
  year={2023}
}

@inproceedings{dai2024enhancing,
  title={Enhancing One-Shot Federated Learning Through Data and Ensemble Co-Boosting},
  author={Dai, Rong and Zhang, Yonggang and Li, Ang and Liu, Tongliang and Yang, Xun and Han, Bo},
  booktitle={Proceedings of the 12th International Conference on Learning Representations},
  year={2024}
}

@article{shen2023federated,
  title={Federated mutual learning: a collaborative machine learning method for heterogeneous data, models, and objectives},
  author={Shen, Tao and Zhang, Jie and Jia, Xinkang and Zhang, Fengda and Lv, Zheqi and Kuang, Kun and Wu, Chao and Wu, Fei},
  journal={Frontiers of Information Technology \& Electronic Engineering},
  volume={24},
  number={10},
  pages={1390--1402},
  year={2023},
  publisher={Springer}
}

@article{xia2022pervasivefl,
  title={PervasiveFL: Pervasive federated learning for heterogeneous IoT systems},
  author={Xia, Jun and Liu, Tian and Ling, Zhiwei and Wang, Ting and Fu, Xin and Chen, Mingsong},
  journal={IEEE Transactions on Computer-Aided Design of Integrated Circuits and Systems},
  volume={41},
  number={11},
  pages={4100--4111},
  year={2022},
  publisher={IEEE}
}

@article{zhang2024one,
  title={One-shot Federated Learning via Synthetic Distiller-Distillate Communication},
  author={Zhang, Junyuan and Liu, Songhua and Wang, Xinchao},
  journal={arXiv preprint arXiv:2412.05186},
  year={2024}
}

@inproceedings{zhang2018deep,
  title={Deep mutual learning},
  author={Zhang, Ying and Xiang, Tao and Hospedales, Timothy M and Lu, Huchuan},
  booktitle={Proceedings of the IEEE conference on computer vision and pattern recognition},
  pages={4320--4328},
  year={2018}
}

@article{wu2024exploring,
  title={Exploring the distributed knowledge congruence in proxy-data-free federated distillation},
  author={Wu, Zhiyuan and Sun, Sheng and Wang, Yuwei and Liu, Min and Pan, Quyang and Zhang, Junbo and Li, Zeju and Liu, Qingxiang},
  journal={ACM Transactions on Intelligent Systems and Technology},
  volume={15},
  number={2},
  pages={1--34},
  year={2024},
  publisher={ACM New York, NY}
}

@article{heusel2017gans,
  title={Gans trained by a two time-scale update rule converge to a local nash equilibrium},
  author={Heusel, Martin and Ramsauer, Hubert and Unterthiner, Thomas and Nessler, Bernhard and Hochreiter, Sepp},
  journal={Advances in neural information processing systems},
  volume={30},
  year={2017}
}

@inproceedings{liang2020we,
  title={Do we really need to access the source data? source hypothesis transfer for unsupervised domain adaptation},
  author={Liang, Jian and Hu, Dapeng and Feng, Jiashi},
  booktitle={International conference on machine learning},
  pages={6028--6039},
  year={2020},
  organization={PMLR}
}

@inproceedings{chen2019data,
  title={Data-free learning of student networks},
  author={Chen, Hanting and Wang, Yunhe and Xu, Chang and Yang, Zhaohui and Liu, Chuanjian and Shi, Boxin and Xu, Chunjing and Xu, Chao and Tian, Qi},
  booktitle={Proceedings of the IEEE/CVF international conference on computer vision},
  pages={3514--3522},
  year={2019}
}

@inproceedings{nayak2019zero,
  title={Zero-shot knowledge distillation in deep networks},
  author={Nayak, Gaurav Kumar and Mopuri, Konda Reddy and Shaj, Vaisakh and Radhakrishnan, Venkatesh Babu and Chakraborty, Anirban},
  booktitle={International Conference on Machine Learning},
  pages={4743--4751},
  year={2019},
  organization={PMLR}
}

@article{do2022momentum,
  title={Momentum adversarial distillation: Handling large distribution shifts in data-free knowledge distillation},
  author={Do, Kien and Le, Thai Hung and Nguyen, Dung and Nguyen, Dang and Harikumar, Haripriya and Tran, Truyen and Rana, Santu and Venkatesh, Svetha},
  journal={Advances in Neural Information Processing Systems},
  volume={35},
  pages={10055--10067},
  year={2022}
}

@inproceedings{zhang2022fine,
  title={Fine-tuning global model via data-free knowledge distillation for non-iid federated learning},
  author={Zhang, Lin and Shen, Li and Ding, Liang and Tao, Dacheng and Duan, Ling-Yu},
  booktitle={Proceedings of the IEEE/CVF conference on computer vision and pattern recognition},
  pages={10174--10183},
  year={2022}
}

@article{wang2024dfrd,
  title={DFRD: Data-Free Robustness Distillation for Heterogeneous Federated Learning},
  author={Wang, Shuai and Fu, Yexuan and Li, Xiang and Lan, Yunshi and Gao, Ming and others},
  journal={Advances in Neural Information Processing Systems},
  volume={36},
  year={2024}
}

@article{chen2022decentralized,
  title={Decentralized federated learning with intermediate results in mobile edge computing},
  author={Chen, Suo and Xu, Yang and Xu, Hongli and Jiang, Zhida and Qiao, Chunming},
  journal={IEEE Transactions on Mobile Computing},
  volume={23},
  number={1},
  pages={341--358},
  year={2022},
  publisher={IEEE}
}

@article{wang2024achieving,
  title={Achieving linear speedup in asynchronous federated learning with heterogeneous clients},
  author={Wang, Xiaolu and Li, Zijian and Jin, Shi and Zhang, Jun},
  journal={IEEE Transactions on Mobile Computing},
  year={2024},
  publisher={IEEE}
}

@article{zhang2024model,
  title={Model Decomposition and Reassembly for Purified Knowledge Transfer in Personalized Federated Learning},
  author={Zhang, Jie and Guo, Song and Ma, Xiaosong and Xu, Wenchao and Zhou, Qihua and Guo, Jingcai and Hong, Zicong and Shan, Jun},
  journal={IEEE Transactions on Mobile Computing},
  year={2024},
  publisher={IEEE}
}

@article{niu2024flrce,
  title={Flrce: Resource-efficient federated learning with early-stopping strategy},
  author={Niu, Ziru and Dong, Hai and Qin, A Kai and Gu, Tao},
  journal={IEEE Transactions on Mobile Computing},
  year={2024},
  publisher={IEEE}
}

@article{MiaoKLLLM24,
  author       = {Yinbin Miao and
                  Da Kuang and
                  Lihuiwang and
                  Tao Leng and
                  Ximeng Liu and
                  Jian Feng Ma},
  title        = {Efficient privacy-preserving federated learning under dishonest-majority
                  setting},
  journal      = {Science China Information Sciences},
  volume       = {67},
  number       = {5},
  year         = {2024}
}