% settings to force et al
@IEEEtranBSTCTL{IEEEexample:BSTcontrol,
CTLuse_forced_etal       = "yes",
CTLmax_names_forced_etal = "1",
CTLnames_show_etal       = "1" }

@ARTICLE{caleffi-routing-access17,
  author={Caleffi, Marcello},
  journal={IEEE Access}, 
  title={Optimal Routing for Quantum Networks}, 
  year={2017},
  volume={5},
  doi={10.1109/ACCESS.2017.2763325}
}


@ARTICLE{ghader-swappingtree-tqe22,
  author={Ghaderibaneh, Mohammad and Zhan, Caitao and Gupta, Himanshu and others},
  journal={IEEE TQE}, 
  title={Efficient Quantum Network Communication Using Optimized Entanglement Swapping Trees}, 
  year={2022},
  volume={3},
  doi={10.1109/TQE.2022.3168784}
}

@INPROCEEDINGS{kolar-ac-infocom22,
  author={Kolar, Alexander and Zang, Allen and Chung, Joaquin and Suchara, Martin and Kettimuthu, Rajkumar},
  booktitle={IEEE INFOCOM Workshops}, 
  title={Adaptive, Continuous Entanglement Generation for Quantum Networks}, 
  year={2022},
  doi={10.1109/INFOCOMWKSHPS54753.2022.9798130}
}


@article{sequence,
author = {Xiaoliang Wu and Alexander Kolar and Joaquin Chung and Dong Jin and Tian Zhong and Rajkumar Kettimuthu and Martin Suchara},
title = {{SeQUeNCe}: a customizable discrete-event simulator of quantum networks},
journal = {Quantum Science and Technology},
volume = {6},
year = {2021},
doi = {10.1088/2058-9565/ac22f6},
publisher = {IOP Publishing},
}


@INPROCEEDINGS{ghader-predistribution-qce22,
  author={Ghaderibaneh, Mohammad and Gupta, Himanshu and Ramakrishnan, C.R. and others},
  booktitle={IEEE QCE}, 
  title={Pre-Distribution of Entanglements in Quantum Networks}, 
  year={2022},
  doi={10.1109/QCE53715.2022.00064}
}

@article{inesta-continuous-pra23,
  title = {Performance metrics for the continuous distribution of entanglement in multiuser quantum networks},
  author = {I\~nesta, \'Alvaro G. and Wehner, Stephanie},
  journal = {Phys. Rev. A},
  year = {2023},
  publisher = {American Physical Society},
  doi = {10.1103/PhysRevA.108.052615},
}


@article{calaffi-dqc-cn24,
title = {Distributed quantum computing: A survey},
journal = {Computer Networks},
volume = {254},
year = {2024},
doi = {https://doi.org/10.1016/j.comnet.2024.110672},
author = {Marcello Caleffi and Michele Amoretti and Davide Ferrari and Jessica Illiano and Antonio Manzalini and Angela Sara Cacciapuoti},
}

@article{hu-teleportation-nrp23,
    author = {Hu, Xiaomin and Guo, Yu and Liu, Biheng and Li, Chuanfeng and Guo, Guangcan},
    title = {Progress in quantum teleportation},
    journal = {Nature Reviews Physics},
    year = {2023},
    volume = {5},
    doi = {https://doi.org/10.1038/s42254-023-00588-x}
}

@article{hillery-qsn-pra23,
title = {Discrete outcome quantum sensor networks},
journal = {Phys. Rev. A},
volume = {107},
publisher = {American Physical Society},
author = {Hillery, Mark and Gupta, Himanshu and Zhan, Caitao},
year = {2023},
doi = {10.1103/PhysRevA.107.012435}
}

@misc{abane-routingsurvey,
      title={Entanglement Routing in Quantum Networks: A Comprehensive Survey}, 
      author={Amar Abane and Michael Cubeddu and Van Sy Mai and Abdella Battou},
      year={2024},
      eprint={2408.01234},
      archivePrefix={arXiv},
      primaryClass={cs.ET},
}

@article{zang-dqs,
  title={Quantum Advantage in Distributed Sensing with Noisy Quantum Networks},
  author={Zang, Allen and Kolar, Alexander and Gonzales, Alvin and Chung, Joaquin and Gray, Stephen K and Kettimuthu, Rajkumar and Zhong, Tian and Saleem, Zain H},
  journal={arXiv preprint arXiv:2409.17089},
  year={2024}
}


@article{milul-superconducting,
  title = {Superconducting Cavity Qubit with Tens of Milliseconds Single-Photon Coherence Time},
  author = {Milul, Ofir and Guttel, Barkay and Goldblatt, Uri and Hazanov, Sergey and Joshi, Lalit M. and Chausovsky, Daniel and  others},
  journal = {PRX Quantum},
  volume = {4},
  year = {2023},
  doi = {10.1103/PRXQuantum.4.030336},
}


@article{drmota-trappedion,
  title = {Robust Quantum Memory in a Trapped-Ion Quantum Network Node},
  author = {Drmota, P. and Main, D. and Nadlinger, D. P. and Nichol, B. C. and Weber, M. A. and Ainley, E. M. and Agrawal, A. and others},
  journal = {Phys. Rev. Lett.},
  volume = {130},
  issue = {9},
  year = {2023},
  publisher = {American Physical Society},
  doi = {10.1103/PhysRevLett.130.090803},
}


@phdthesis{rozped-thesis-19,
    author = {Filip Rozpedek},
    title = {BUILDING BLOCKS OF QUANTUM REPEATER
NETWORKS},
    school = {Delft University of Technology},
    year = {2019}
}


@misc{fan-graphstate,
      title={Optimized Distribution of Entanglement Graph States in Quantum Networks}, 
      author={Xiaojie Fan and Caitao Zhan and Himanshu Gupta and C. R. Ramakrishnan},
      year={2024},
      eprint={2405.00222},
      archivePrefix={arXiv},
      primaryClass={quant-ph},
}


@inproceedings{zhan-localization-qce23,
   title={Quantum Sensor Network Algorithms for Transmitter Localization},
   DOI={10.1109/qce57702.2023.00081},
   booktitle={IEEE QCE},
   author={Zhan, Caitao and Gupta, Himanshu},
   year={2023},
}



@article{lee-graphstate,
   title={Graph-theoretical optimization of fusion-based graph state generation},
   volume={7},
   DOI={10.22331/q-2023-12-20-1212},
   journal={Quantum},
   author={Lee, Seok-Hyung and Jeong, Hyunseok},
   year={2023},
}


@inproceedings{shi-routing-sigcomm20,
author = {Shi, Shouqian and Qian, Chen},
title = {Concurrent Entanglement Routing for Quantum Networks: Model and Designs},
year = {2020},
doi = {10.1145/3387514.3405853},
booktitle = {ACM SIGCOMM}
}


@misc{chakra-routing-19,
      title={Distributed Routing in a Quantum Internet}, 
      author={Kaushik Chakraborty and Filip Rozpedek and Axel Dahlberg and Stephanie Wehner},
      year={2019},
      eprint={1907.11630},
      archivePrefix={arXiv},
      primaryClass={quant-ph},
}

@ARTICLE{cicco-routing-21,
  author={Cicconetti, Claudio and Conti, Marco and Passarella, Andrea},
  journal={IEEE Transactions on Quantum Engineering}, 
  title={Request Scheduling in Quantum Networks}, 
  year={2021},
  volume={2},
  doi={10.1109/TQE.2021.3090532}
}


@article{chakra-routing-20,
   title={Entanglement Distribution in a Quantum Network: A Multicommodity Flow-Based Approach},
   volume={1},
   DOI={10.1109/tqe.2020.3028172},
   journal={IEEE TQE},
   author={Chakraborty, Kaushik and Elkouss, David and Rijsman, Bruno and Wehner, Stephanie},
   year={2020},
}

@article{netsquid,
   title={{NetSquid}, a NETwork Simulator for QUantum Information using Discrete events},
   DOI={10.1038/s42005-021-00647-8},
   journal={Communications Physics},
   author={Coopmans, Tim and Knegjens, Robert and Dahlberg, Axel and Maier, David and Nijsten, Loek and de Oliveira Filho, Julio and Papendrecht, Martijn and Rabbie, Julian and others},
   year={2021},
}

@book{topdown-approch,
author = {Kurose, James F. and Ross, Keith W.},
title = {Computer Networking: A Top-Down Approach (6th Edition)},
year = {2012},
isbn = {0132856204},
publisher = {Pearson},
edition = {6th},
}

@inproceedings{quisp,
   title={{QuISP}: a Quantum Internet Simulation Package},
   DOI={10.1109/qce53715.2022.00056},
   booktitle={IEEE QCE},
   author={Satoh, Ryosuke and Hajdusek, Michal and Benchasattabuse, Naphan and Nagayama, Shota and Teramoto, Kentaro and Matsuo, Takaaki and others},
   year={2022},
}

@article{matsuo-ruleset-pra19,
  title = {Quantum link bootstrapping using a RuleSet-based communication protocol},
  author = {Matsuo, Takaaki and Durand, Cl\'ement and Van Meter, Rodney},
  journal = {Phys. Rev. A},
  volume = {100},
  year = {2019},
  doi = {10.1103/PhysRevA.100.052320},
}

%%%%%%%%%%%%%%%%%%%%

@misc{saha-fidelity-24,
      title={High-fidelity remote entanglement of trapped atoms mediated by time-bin photons}, 
      author={Sagnik Saha and Mikhail Shalaev and Jameson O'Reilly and Isabella Goetting and George Toh and Ashish Kalakuntla and Yichao Yu and Christopher Monroe},
      year={2024},
      eprint={2406.01761},
      archivePrefix={arXiv},
      primaryClass={quant-ph},
}


@article{strobel-fidelity-optica24,
author = {Tim Strobel and Stefan Kazmaier and Tobias Bauer and Marlon Schafer and Ankita Choudhary and Nand Lal Sharma and others},
journal = {Optica Quantum},
title = {High-fidelity distribution of triggered polarization-entangled telecom photons via a 36km intra-city fiber network},
volume = {2},
year = {2024},
doi = {10.1364/OPTICAQ.530838},
}

@article{wehner2018quantum,
  title={Quantum internet: A vision for the road ahead},
  author={Wehner, Stephanie and Elkouss, David and Hanson, Ronald},
  journal={Science},
  volume={362},
  year={2018},
  publisher={American Association for the Advancement of Science}
}

@article{kimble2008quantum,
  title={The quantum internet},
  author={Kimble, H Jeff},
  journal={Nature},
  volume={453},
  year={2008},
  publisher={Nature Publishing Group}
}

@inproceedings{zang2022simulation,
  title={Simulation of Entanglement Generation between Absorptive Quantum Memories},
  author={Zang, Allen and Kolar, Alexander and Chung, Joaquin and Suchara, Martin and Zhong, Tian and Kettimuthu, Rajkumar},
  booktitle={IEEE QCE},
  year={2022},
}

@article{wu2024parallel,
  title={Parallel simulation of quantum networks with distributed quantum state management},
  author={Wu, Xiaoliang and Kolar, Alexander and Chung, Joaquin and Jin, Dong and Suchara, Martin and Kettimuthu, Rajkumar},
  journal={ACM TOMACS},
  volume={34},
  year={2024}
}

@misc{davossa2024simulation,
  title={Simulation of Quantum Transduction Strategies for Quantum Networks}, 
  author={Laura d'Avossa and Caitao Zhan and Joaquin Chung and Rajkumar Kettimuthu and Angela Sara Cacciapuoti and Marcello Caleffi},
  year={2024},
  eprint={2411.11377},
  archivePrefix={arXiv},
  primaryClass={quant-ph},
}

@article{bbpssw,
  title = {Purification of Noisy Entanglement and Faithful Teleportation via Noisy Channels},
  author = {Bennett, Charles H. and Brassard, Gilles and Popescu, Sandu and Schumacher, Benjamin and Smolin, John A. and Wootters, William K.},
  journal = {Phys. Rev. Lett.},
  volume = {76},
  issue = {5},
  year = {1996},
  publisher = {American Physical Society},
  doi = {10.1103/PhysRevLett.76.722},
}

@article{dejmps,
  title = {Quantum Privacy Amplification and the Security of Quantum Cryptography over Noisy Channels},
  author = {Deutsch, David and Ekert, Artur and Jozsa, Richard and Macchiavello, Chiara and Popescu, Sandu and Sanpera, Anna},
  journal = {Phys. Rev. Lett.},
  year = {1996},
  publisher = {American Physical Society},
  doi = {10.1103/PhysRevLett.77.2818},
}

@INPROCEEDINGS{ent_dist_epp,
  author={Zang, Allen and Chen, Xinan and Kolar, Alexander and Chung, Joaquin and Suchara, Martin and Zhong, Tian and Kettimuthu, Rajkumar},
  booktitle={INFOCOM Workshops}, 
  title={Entanglement Distribution in Quantum Repeater with Purification and Optimized Buffer Time}, 
  year={2023},
  doi={10.1109/INFOCOMWKSHPS57453.2023.10226122}
}


@misc{fan-purification,
      title={Distribution and Purification of Entanglement States in Quantum Networks},
      author={Xiaojie Fan and Yukun Yang and Himanshu Gupta and C. R. Ramakrishnan},
      year={2025},
}

@article{pirker-multipartite-19,
   title={A quantum network stack and protocols for reliable entanglement-based networks},
   volume={21},
   DOI={10.1088/1367-2630/ab05f7},
   journal={New Journal of Physics},
   author={Pirker, A and Dür, W},
   year={2019},
}

@article{zhan-opt-24,
   title={Optimizing Initial State of Detector Sensors in Quantum Sensor Networks},
   journal={ACM Transactions on Quantum Computing},
   author={Zhan, Caitao and Gupta, Himanshu and Hillery, Mark},
   year={2024},
}

@article{deutsch1996quantum,
  title={Quantum privacy amplification and the security of quantum cryptography over noisy channels},
  author={Deutsch, David and Ekert, Artur and Jozsa, Richard and Macchiavello, Chiara and Popescu, Sandu and Sanpera, Anna},
  journal={Physical Review Letters},
  volume={77},
  number={13},
  pages={2818},
  year={1996},
  publisher={APS}
}

@article{zang2024no,
  title={No-go theorems for universal entanglement purification},
  author={Zang, Allen and Chen, Xinan and Chitambar, Eric and Suchara, Martin and Zhong, Tian},
  journal={arXiv preprint arXiv:2407.21760},
  year={2024}
}

@article{dur1999quantum,
  title={Quantum repeaters based on entanglement purification},
  author={D{\"u}r, Wolfgang and Briegel, H-J and Cirac, J Ignacio and Zoller, Peter},
  journal={Physical Review A},
  volume={59},
  number={1},
  pages={169},
  year={1999},
  publisher={APS}
}

@article{dur2003entanglement,
  title={Entanglement purification for quantum computation},
  author={D{\"u}r, Wolfgang and Briegel, H-J},
  journal={Physical Review Letters},
  volume={90},
  number={6},
  pages={067901},
  year={2003},
  publisher={APS}
}
