@misc{abane-routingsurvey,
      title={Entanglement Routing in Quantum Networks: A Comprehensive Survey}, 
      author={Amar Abane and Michael Cubeddu and Van Sy Mai and Abdella Battou},
      year={2024},
      eprint={2408.01234},
      archivePrefix={arXiv},
      primaryClass={cs.ET},
}

@article{calaffi-dqc-cn24,
title = {Distributed quantum computing: A survey},
journal = {Computer Networks},
volume = {254},
year = {2024},
doi = {https://doi.org/10.1016/j.comnet.2024.110672},
author = {Marcello Caleffi and Michele Amoretti and Davide Ferrari and Jessica Illiano and Antonio Manzalini and Angela Sara Cacciapuoti},
}

@ARTICLE{caleffi-routing-access17,
  author={Caleffi, Marcello},
  journal={IEEE Access}, 
  title={Optimal Routing for Quantum Networks}, 
  year={2017},
  volume={5},
  doi={10.1109/ACCESS.2017.2763325}
}

@misc{chakra-routing-19,
      title={Distributed Routing in a Quantum Internet}, 
      author={Kaushik Chakraborty and Filip Rozpedek and Axel Dahlberg and Stephanie Wehner},
      year={2019},
      eprint={1907.11630},
      archivePrefix={arXiv},
      primaryClass={quant-ph},
}

@article{chakra-routing-20,
   title={Entanglement Distribution in a Quantum Network: A Multicommodity Flow-Based Approach},
   volume={1},
   DOI={10.1109/tqe.2020.3028172},
   journal={IEEE TQE},
   author={Chakraborty, Kaushik and Elkouss, David and Rijsman, Bruno and Wehner, Stephanie},
   year={2020},
}

@ARTICLE{cicco-routing-21,
  author={Cicconetti, Claudio and Conti, Marco and Passarella, Andrea},
  journal={IEEE Transactions on Quantum Engineering}, 
  title={Request Scheduling in Quantum Networks}, 
  year={2021},
  volume={2},
  doi={10.1109/TQE.2021.3090532}
}

@misc{fan-graphstate,
      title={Optimized Distribution of Entanglement Graph States in Quantum Networks}, 
      author={Xiaojie Fan and Caitao Zhan and Himanshu Gupta and C. R. Ramakrishnan},
      year={2024},
      eprint={2405.00222},
      archivePrefix={arXiv},
      primaryClass={quant-ph},
}

@misc{fan-purification,
      title={Distribution and Purification of Entanglement States in Quantum Networks},
      author={Xiaojie Fan and Yukun Yang and Himanshu Gupta and C. R. Ramakrishnan},
      year={2025},
}

@INPROCEEDINGS{ghader-predistribution-qce22,
  author={Ghaderibaneh, Mohammad and Gupta, Himanshu and Ramakrishnan, C.R. and others},
  booktitle={IEEE QCE}, 
  title={Pre-Distribution of Entanglements in Quantum Networks}, 
  year={2022},
  doi={10.1109/QCE53715.2022.00064}
}

@ARTICLE{ghader-swappingtree-tqe22,
  author={Ghaderibaneh, Mohammad and Zhan, Caitao and Gupta, Himanshu and others},
  journal={IEEE TQE}, 
  title={Efficient Quantum Network Communication Using Optimized Entanglement Swapping Trees}, 
  year={2022},
  volume={3},
  doi={10.1109/TQE.2022.3168784}
}

@article{inesta-continuous-pra23,
  title = {Performance metrics for the continuous distribution of entanglement in multiuser quantum networks},
  author = {I\~nesta, \'Alvaro G. and Wehner, Stephanie},
  journal = {Phys. Rev. A},
  year = {2023},
  publisher = {American Physical Society},
  doi = {10.1103/PhysRevA.108.052615},
}

@INPROCEEDINGS{kolar-ac-infocom22,
  author={Kolar, Alexander and Zang, Allen and Chung, Joaquin and Suchara, Martin and Kettimuthu, Rajkumar},
  booktitle={IEEE INFOCOM Workshops}, 
  title={Adaptive, Continuous Entanglement Generation for Quantum Networks}, 
  year={2022},
  doi={10.1109/INFOCOMWKSHPS54753.2022.9798130}
}

@article{lee-graphstate,
   title={Graph-theoretical optimization of fusion-based graph state generation},
   volume={7},
   DOI={10.22331/q-2023-12-20-1212},
   journal={Quantum},
   author={Lee, Seok-Hyung and Jeong, Hyunseok},
   year={2023},
}

@article{netsquid,
   title={{NetSquid}, a NETwork Simulator for QUantum Information using Discrete events},
   DOI={10.1038/s42005-021-00647-8},
   journal={Communications Physics},
   author={Coopmans, Tim and Knegjens, Robert and Dahlberg, Axel and Maier, David and Nijsten, Loek and de Oliveira Filho, Julio and Papendrecht, Martijn and Rabbie, Julian and others},
   year={2021},
}

@article{pirker-multipartite-19,
   title={A quantum network stack and protocols for reliable entanglement-based networks},
   volume={21},
   DOI={10.1088/1367-2630/ab05f7},
   journal={New Journal of Physics},
   author={Pirker, A and DÃ¼r, W},
   year={2019},
}

@article{sequence,
author = {Xiaoliang Wu and Alexander Kolar and Joaquin Chung and Dong Jin and Tian Zhong and Rajkumar Kettimuthu and Martin Suchara},
title = {{SeQUeNCe}: a customizable discrete-event simulator of quantum networks},
journal = {Quantum Science and Technology},
volume = {6},
year = {2021},
doi = {10.1088/2058-9565/ac22f6},
publisher = {IOP Publishing},
}

@inproceedings{shi-routing-sigcomm20,
author = {Shi, Shouqian and Qian, Chen},
title = {Concurrent Entanglement Routing for Quantum Networks: Model and Designs},
year = {2020},
doi = {10.1145/3387514.3405853},
booktitle = {ACM SIGCOMM}
}

