@String(PAMI = {IEEE Trans. Pattern Anal. Mach. Intell.})
@String(IJCV = {Int. J. Comput. Vis.})
@String(CVPR= {IEEE Conf. Comput. Vis. Pattern Recog.})
@String(ICCV= {Int. Conf. Comput. Vis.})
@String(ECCV= {Eur. Conf. Comput. Vis.})
@String(NIPS= {Adv. Neural Inform. Process. Syst.})
@String(ICPR = {Int. Conf. Pattern Recog.})
@String(BMVC= {Brit. Mach. Vis. Conf.})
@String(TOG= {ACM Trans. Graph.})
@String(TIP  = {IEEE Trans. Image Process.})
@String(TVCG  = {IEEE Trans. Vis. Comput. Graph.})
@String(TMM  = {IEEE Trans. Multimedia})
@String(ACMMM= {ACM Int. Conf. Multimedia})
@String(ICME = {Int. Conf. Multimedia and Expo})
@String(ICASSP=	{ICASSP})
@String(ICIP = {IEEE Int. Conf. Image Process.})
@String(ACCV  = {ACCV})
@String(ICLR = {Int. Conf. Learn. Represent.})
@String(IJCAI = {IJCAI})
@String(PR   = {Pattern Recognition})
@String(AAAI = {AAAI})
@String(CVPRW= {IEEE Conf. Comput. Vis. Pattern Recog. Worksh.})
@String(CSVT = {IEEE Trans. Circuit Syst. Video Technol.})

@String(SPL	= {IEEE Sign. Process. Letters})
@String(VR   = {Vis. Res.})
@String(JOV	 = {J. Vis.})
@String(TVC  = {The Vis. Comput.})
@String(JCST  = {J. Comput. Sci. Tech.})
@String(CGF  = {Comput. Graph. Forum})
@String(CVM = {Computational Visual Media})


@String(PAMI  = {IEEE TPAMI})
@String(IJCV  = {IJCV})
@String(CVPR  = {CVPR})
@String(ICCV  = {ICCV})
@String(ECCV  = {ECCV})
@String(NIPS  = {NeurIPS})
@String(ICPR  = {ICPR})
@String(BMVC  =	{BMVC})
@String(TOG   = {ACM TOG})
@String(TIP   = {IEEE TIP})
@String(TVCG  = {IEEE TVCG})
@String(TCSVT = {IEEE TCSVT})
@String(TMM   =	{IEEE TMM})
@String(ACMMM = {ACM MM})
@String(ICME  =	{ICME})
@String(ICASSP=	{ICASSP})
@String(ICIP  = {ICIP})
@String(ACCV  = {ACCV})
@String(ICLR  = {ICLR})
@String(IJCAI = {IJCAI})
@String(PR = {PR})
@String(AAAI = {AAAI})
@String(CVPRW= {CVPRW})
@String(CSVT = {IEEE TCSVT})


@inproceedings{gao2017tall,
  title={Tall: Temporal activity localization via language query},
  author={Gao, Jiyang and Sun, Chen and Yang, Zhenheng and Nevatia, Ram},
  booktitle={ICCV},
  year={2017}
}

@inproceedings{lei2021qvhl,
  title={QVHighlights: Detecting Moments and Highlights in Videos via Natural Language Queries},
  author={Lei, Jei and Berg, Tamara L. and Bansal},
  booktitle={NeurIPS},
  year={2021}
}

@inproceedings{lin2023univtg,
  title={UniVTG: Towards Unified Video-Language Temporal Grounding},
  author={Lin, Kevin Qinghong and Zhang, Pengchuan and Chen, Joya and Pramanick, Shraman and Gao, Difei and Wang, Alex Jinpeng and Yan, Rui and Shou, Mike Zheng},
  booktitle={ICCV},
  year={2023}
}

@inproceedings{anne2017localizing,
  title={Localizing moments in video with natural language},
  author={Anne Hendricks, Lisa and Wang, Oliver and Shechtman, Eli and Sivic, Josef and Darrell, Trevor and Russell, Bryan},
  booktitle={ICCV},
  year={2017}
}

@inproceedings{simonyan2014twostream,
author = {Simonyan, Karen and Zisserman, Andrew},
title = {Two-stream convolutional networks for action recognition in videos},
booktitle = {NeurIPS},
year = {2014}
}

@inproceedings{tran20153dconv,
  author={Tran, Du and Bourdev, Lubomir and Fergus, Rob and Torresani, Lorenzo and Paluri, Manohar},
  booktitle={ICCV}, 
  title={Learning Spatiotemporal Features with 3D Convolutional Networks}, 
  year={2015}
}

@inproceedings{carion2020detr,
author = {Carion, Nicolas and Massa, Francisco and Synnaeve, Gabriel and Usunier, Nicolas and Kirillov, Alexander and Zagoruyko, Sergey},
title = {End-to-End Object Detection with Transformers},
year = {2020},
booktitle = {ECCV} 
}

@inproceedings{moon2023query,
  title={Query-dependent video representation for moment retrieval and highlight detection},
  author={Moon, WonJun and Hyun, Sangeek and Park, SangUk and Park, Dongchan and Heo, Jae-Pil},
  booktitle={CVPR},
  year={2023}
}

@article{moon2024cgdetr,
  title={Correlation-guided Query-Dependency Calibration in Video Representation Learning for Temporal Grounding}, 
  author={WonJun Moon and Sangeek Hyun and SuBeen Lee and Jae-Pil Heo},
  year={2024},
  journal={CoRR abs/2311.08835}
}

@inproceedings{jang2023knowing,
  title={Knowing where to focus: Event-aware transformer for video grounding},
  author={Jang, Jinhyun and Park, Jungin and Kim, Jin and Kwon, Hyeongjun and Sohn, Kwanghoon},
  booktitle={ICCV},
  year={2023}
}

@inproceedings{liu2022umt,
  title={Umt: Unified multi-modal transformers for joint video moment retrieval and highlight detection},
  author={Liu, Ye and Li, Siyuan and Wu, Yang and Chen, Chang-Wen and Shan, Ying and Qie, Xiaohu},
  booktitle={CVPR},
  year={2022}
}

@Inproceedings{sun2014highlight,
    author={Sun, Min and Farhadi, Ali and Seitz, Steve},
    title={Ranking Domain-Specific Highlights by Analyzing Edited Videos},
    booktitle={ECCV},
    year={2014}
}

@inproceedings{xiong2019less,
  title={Less is more: Learning highlight detection from video duration},
  author={Xiong, Bo and Kalantidis, Yannis and Ghadiyaram, Deepti and Grauman, Kristen},
  booktitle={CVPR},
  year={2019}
}

@inproceedings{lee2023bamdetr,
  title={BAM-DETR: Boundary-Aligned Moment Detection Transformer for Temporal Sentence Grounding in Videos},
  author={Pilhyeon Lee and Hyeran Byun},
  booktitle={ECCV},
  year={2024}
}

@inproceedings{xu2023mh,
  title={Mh-detr: Video moment and highlight detection with cross-modal transformer},
  author={Xu, Yifang and Sun, Yunzhuo and Li, Yang and Shi, Yilei and Zhu, Xiaoxiang and Du, Sidan},
  booktitle={IJCNN},
  year={2024}
}

@inproceedings{chen2024benchmarking,
  title={Benchmarking large language models in retrieval-augmented generation},
  author={Chen, Jiawei and Lin, Hongyu and Han, Xianpei and Sun, Le},
  booktitle={AAAI},
  year={2024}
}

@INPROCEEDINGS{pudil1992reject,
  author={Pudil, P. and Novovicova, J. and Blaha, S. and Kittler, J.},
  booktitle={Proceedings., 11th IAPR International Conference on Pattern Recognition. Vol.II. Conference B: Pattern Recognition Methodology and Systems}, 
  title={Multistage pattern recognition with reject option}, 
  year={1992}
}

@article{Onea2013ActionAE,
  title={Action and Event Recognition with Fisher Vectors on a Compact Feature Set},
  author={Dan Oneaţă and Jakob J. Verbeek and Cordelia Schmid},
  journal={ICCV},
  year={2013}
}

@inproceedings{shou2016temporal,
  title={Temporal action localization in untrimmed videos via multi-stage cnns},
  author={Shou, Zheng and Wang, Dongang and Chang, Shih-Fu},
  booktitle={CVPR},
  year={2016}
}

@inproceedings{cao2021pursuit,
  title={On pursuit of designing multi-modal transformer for video grounding},
  author={Cao, Meng and Chen, Long and Shou, Mike Zheng and Zhang, Can and Zou, Yuexian},
  booktitle={EMNLP},
  year={2021}
}

@inproceedings{liu2022memory,
  title={Memory-guided semantic learning network for temporal sentence grounding},
  author={Liu, Daizong and Qu, Xiaoye and Di, Xing and Cheng, Yu and Xu, Zichuan and Zhou, Pan},
  booktitle={AAAI},
  year={2022}
}

@inproceedings{liu2021context,
  title={Context-aware biaffine localizing network for temporal sentence grounding},
  author={Liu, Daizong and Qu, Xiaoye and Dong, Jianfeng and Zhou, Pan and Cheng, Yu and Wei, Wei and Xu, Zichuan and Xie, Yulai},
  booktitle={CVPR},
  year={2021}
}

@inproceedings{liu2022exploring,
  title={Exploring motion and appearance information for temporal sentence grounding},
  author={Liu, Daizong and Qu, Xiaoye and Zhou, Pan and Liu, Yang},
  booktitle={AAAI},
  year={2022}
}

@inproceedings{chen2020learning,
  title={Learning modality interaction for temporal sentence localization and event captioning in videos},
  author={Chen, Shaoxiang and Jiang, Wenhao and Liu, Wei and Jiang, Yu-Gang},
  booktitle={ECCV},
  year={2020}
}

@inproceedings{chen2020hierarchical,
  title={Hierarchical visual-textual graph for temporal activity localization via language},
  author={Chen, Shaoxiang and Jiang, Yu-Gang},
  booktitle={ECCV},
  year={2020}
}

@article{chen2021end,
  title={End-to-end multi-modal video temporal grounding},
  author={Chen, Yi-Wen and Tsai, Yi-Hsuan and Yang, Ming-Hsuan},
  journal={NeurIPS},
  year={2021}
}

@inproceedings{lu2019debug,
  title={Debug: A dense bottom-up grounding approach for natural language video localization},
  author={Lu, Chujie and Chen, Long and Tan, Chilie and Li, Xiaolin and Xiao, Jun},
  booktitle={EMNLP-IJCNLP},
  year={2019}
}

@inproceedings{yuan2019find,
  title={To find where you talk: Temporal sentence localization in video with attention based location regression},
  author={Yuan, Yitian and Mei, Tao and Zhu, Wenwu},
  booktitle={AAAI},
  year={2019}
}

@inproceedings{chen2020rethinking,
  title={Rethinking the bottom-up framework for query-based video localization},
  author={Chen, Long and Lu, Chujie and Tang, Siliang and Xiao, Jun and Zhang, Dong and Tan, Chilie and Li, Xiaolin},
  booktitle={AAAI},
  year={2020}
}

@article{hao2022query,
  title={Query-aware video encoder for video moment retrieval},
  author={Hao, Jiachang and Sun, Haifeng and Ren, Pengfei and Wang, Jingyu and Qi, Qi and Liao, Jianxin},
  journal={Neurocomputing},
  year={2022}
}

@inproceedings{nan2021interventional,
  title={Interventional video grounding with dual contrastive learning},
  author={Nan, Guoshun and Qiao, Rui and Xiao, Yao and Liu, Jun and Leng, Sicong and Zhang, Hao and Lu, Wei},
  booktitle={CVPR},
  year={2021}
}

@inproceedings{rodriguez2020proposal,
  title={Proposal-free temporal moment localization of a natural-language query in video using guided attention},
  author={Rodriguez, Cristian and Marrese-Taylor, Edison and Saleh, Fatemeh Sadat and Li, Hongdong and Gould, Stephen},
  booktitle={WACV},
  year={2020}
}

@article{zhang2021natural,
  title={Natural language video localization: A revisit in span-based question answering framework},
  author={Zhang, Hao and Sun, Aixin and Jing, Wei and Zhen, Liangli and Zhou, Joey Tianyi and Goh, Rick Siow Mong},
  journal={TPAMI},
  year={2021}
}

@inproceedings{zhao2020bottom,
  title={Bottom-up temporal action localization with mutual regularization},
  author={Zhao, Peisen and Xie, Lingxi and Ju, Chen and Zhang, Ya and Wang, Yanfeng and Tian, Qi},
  booktitle={ECCV},
  year={2020}
}

@inproceedings{ge2019mac,
  title={Mac: Mining activity concepts for language-based temporal localization},
  author={Ge, Runzhou and Gao, Jiyang and Chen, Kan and Nevatia, Ram},
  booktitle={WACV},
  year={2019}
}


@inproceedings{jiang2019cross,
  title={Cross-modal video moment retrieval with spatial and language-temporal attention},
  author={Jiang, Bin and Huang, Xin and Yang, Chao and Yuan, Junsong},
  booktitle={ICMR},
  pages={217--225},
  year={2019}
}

@inproceedings{liu2018cross,
  title={Cross-modal moment localization in videos},
  author={Liu, Meng and Wang, Xiang and Nie, Liqiang and Tian, Qi and Chen, Baoquan and Chua, Tat-Seng},
  booktitle={MM},
  year={2018}
}

@inproceedings{xu2019multilevel,
  title={Multilevel language and vision integration for text-to-clip retrieval},
  author={Xu, Huijuan and He, Kun and Plummer, Bryan A and Sigal, Leonid and Sclaroff, Stan and Saenko, Kate},
  booktitle={AAAI},
  year={2019}
}

@inproceedings{chen2018temporally,
  title={Temporally grounding natural sentence in video},
  author={Chen, Jingyuan and Chen, Xinpeng and Ma, Lin and Jie, Zequn and Chua, Tat-Seng},
  booktitle={EMNLP},
  year={2018}
}

@inproceedings{qu2020fine,
  title={Fine-grained iterative attention network for temporal language localization in videos},
  author={Qu, Xiaoye and Tang, Pengwei and Zou, Zhikang and Cheng, Yu and Dong, Jianfeng and Zhou, Pan and Xu, Zichuan},
  booktitle={MM},
  year={2020}
}

@inproceedings{wang2020temporally,
  title={Temporally grounding language queries in videos by contextual boundary-aware prediction},
  author={Wang, Jingwen and Ma, Lin and Jiang, Wenhao},
  booktitle={AAAI},
  year={2020}
}

@inproceedings{zhang20192dtan,
  title={Learning 2D Temporal Adjacent Networks for Moment Localization with Natural Language},
  author={Songyang Zhang and Houwen Peng and Jianlong Fu and Jiebo Luo},
  booktitle={AAAI},
  year={2019}
}

@article{escorcia2019eemporallo,
  title={Temporal Localization of Moments in Video Collections with Natural Language},
  author={Victor Escorcia and Mattia Soldan and Josef Sivic and Bernard Ghanem and Bryan C. Russell},
  journal={CoRR abs/1907.12763},
  year={2019}
}

@inproceedings{sun2024tr,
  title={Tr-detr: Task-reciprocal transformer for joint moment retrieval and highlight detection},
  author={Sun, Hao and Zhou, Mingyao and Chen, Wenjing and Xie, Wei},
  booktitle={AAAI},
  year={2024}
}

@inproceedings{liu2024r,
  title={$R^2$-Tuning: Efficient Image-to-Video Transfer Learning for Video Temporal Grounding},
  author={Liu, Ye and He, Jixuan and Li, Wanhua and Kim, Junsik and Wei, Donglai and Pfister, Hanspeter and Chen, Chang Wen},
  booktitle={ECCV},
  year={2024}
}

@inproceedings{xiao2024bridging,
  title={Bridging the gap: A unified video comprehension framework for moment retrieval and highlight detection},
  author={Xiao, Yicheng and Luo, Zhuoyan and Liu, Yong and Ma, Yue and Bian, Hengwei and Ji, Yatai and Yang, Yujiu and Li, Xiu},
  booktitle={CVPR},
  year={2024}
}

@inproceedings{lei2020tvr,
  title={Tvr: A large-scale dataset for video-subtitle moment retrieval},
  author={Lei, Jie and Yu, Licheng and Berg, Tamara L and Bansal, Mohit},
  booktitle={ECCV},
  year={2020}
}

@inproceedings{wiener2011agnosticsc,
  title={Agnostic Selective Classification},
  author={Yair Wiener and Ran El-Yaniv},
  booktitle={NeurIPS},
  year={2011}
}

@article{zhang2020span,
  title={Span-based localizing network for natural language video localization},
  author={Zhang, Hao and Sun, Aixin and Jing, Wei and Zhou, Joey Tianyi},
  journal={arXiv preprint arXiv:2004.13931},
  year={2020}
}

@article{radu2006reject,
 author = {Radu Herbei and Marten H. Wegkamp},
 journal = {Can. J. Stat.},
 title = {Classification with Reject Option},
 year = {2006}
}

@article{franc2023optimal,
  title={Optimal strategies for reject option classifiers},
  author={Franc, Vojtech and Prusa, Daniel and Voracek, Vaclav},
  journal={JMLR},
  year={2023}
}

@inproceedings{zhang2021video,
  title={Video corpus moment retrieval with contrastive learning},
  author={Zhang, Hao and Sun, Aixin and Jing, Wei and Nan, Guoshun and Zhen, Liangli and Zhou, Joey Tianyi and Goh, Rick Siow Mong},
  booktitle={SIGIR},
  year={2021}
}

@inproceedings{hou2021conquer,
  title={Conquer: Contextual query-aware ranking for video corpus moment retrieval},
  author={Hou, Zhijian and Ngo, Chong-Wah and Chan, Wing Kwong},
  booktitle={ACM MM},
  year={2021}
}

@inproceedings{han2024unleash,
  title={Unleash the Potential of CLIP for Video Highlight Detection},
  author={Han, Donghoon and Seo, Seunghyeon and Park, Eunhwan and Nam, Seong-Uk and Kwak, Nojun},
  booktitle={CVPR ELVM Workshop},
  year={2024}
}

@article{zeng2024unimd,
  title={UniMD: Towards Unifying Moment Retrieval and Temporal Action Detection}, 
  author={Yingsen Zeng and Yujie Zhong and Chengjian Feng and Lin Ma},
  journal={ECCV},
  year={2024}
}
