@article{beshirov2024postocrtextcorrectionbulgarian,
      title={Post-{OCR} Text Correction for {Bulgarian} Historical Documents}, 
      author={Angel Beshirov and Milena Dobreva and Dimitar Dimitrov and Momchil Hardalov and Ivan Koychev and Preslav Nakov},
      year={2024},
      journal={ArXiv preprint arXiv:2409.00527}
}

@inproceedings{boros2024postcorrection,
    title={Post-correction of Historical Text Transcripts with Large Language Models: An Exploratory Study},
    author={Boros, Emanuela and Ehrmann, Maud and Matteo Romanello and Najem-Meyer, Sven and Kaplan, Frédéric},
    booktitle={Proceedings of the 8th Joint SIGHUM Workshop on Computational Linguistics for Cultural Heritage, Social Sciences, Humanities and Literature (LaTeCH-CLfL 2024)},
    year={2024},
    pages={133--159},
    ISBN={979-8-89176-069-1},
    publisher={Association for Computational Linguistics},
}

@article{bourne2024clocrc,
      title={{CLOCR-C}: Context Leveraging {OCR} Correction with Pre-trained Language Models}, 
      author={Jonathan Bourne},
      year={2024},
      journal={ArXiv preprint arXiv:2408.17428}
}
%       eprint={2408.17428},
      archivePrefix={arXiv}

@InProceedings{chen2024trocrmeets,
author="Chen, Yung-Hsin
and Str{\"o}bel, Phillip B.",
editor="Mouch{\`e}re, Harold
and Zhu, Anna",
title="{TrOCR} Meets Language Models: An End-to-End Post-correction Approach",
booktitle="Proceedings of the Document Analysis and Recognition -- ICDAR 2024 Workshops",
year="2024",
publisher="Springer Nature Switzerland",
pages="12--26",
isbn="978-3-031-70645-5"
}

@inproceedings{dereza-etal-2024-million,
    title = "{``}{To} Have the {`}Million{'} Readers Yet{''}: Building a Digitally Enhanced Edition of the Bilingual {I}rish-{E}nglish Newspaper {An Gaodhal} (1881-1898)",
    author = "Dereza, Oksana  and
      N{\'\i}

@inproceedings{fahandari2024farsi,
author = {Fahandari, Ali and Asadi Zeydabadi, Fatemeh and Shabaninia, Elham and Nezamabadi-pour, Hossein},
year = {2024},
title = {Enhancing {Farsi} Text Recognition via Iteratively Using a Language Model},
booktitle={Proceedings of the 20th CSI International Symposium on Artificial Intelligence and Signal Processing (AISP)},
}
% doi = {10.1109/AISP61396.2024.10475269}

@inproceedings{icdar2017,
  title={{ICDAR} 2017 competition on post-{OCR} text correction},
  author={Chiron, Guillaume and Doucet, Antoine and Coustaty, Micka{\"e}l and Moreux, Jean-Philippe},
  booktitle={Proceedings of the 14th IAPR International Conference on Document Analysis and Recognition (ICDAR 2017)},
  volume={1},
  pages={1423--1428},
  year={2017},
  organization={IEEE}
}

@inproceedings{icdar2019,
  title={{ICDAR} 2019 competition on post-{OCR} text correction},
  author={Rigaud, Christophe and Doucet, Antoine and Coustaty, Micka{\"e}l and Moreux, Jean-Philippe},
  booktitle={Proceedings of the 15th International Conference on Document Analysis and Recognition (ICDAR 2019)},
  pages={1588--1593},
  year={2019},
  organization={IEEE}
}

@InProceedings{madarasz2024ocrcleaning,
author="Madar{\'a}sz, G{\'a}bor
and Ligeti-Nagy, No{\'e}mi
and Holl, Andr{\'a}s
and V{\'a}radi, Tam{\'a}s",
editor="Rehm, Georg
and Dietze, Stefan
and Schimmler, Sonja
and Kr{\"u}ger, Frank",
title="{OCR} Cleaning of Scientific Texts with {LLMs}",
booktitle="Natural Scientific Language Processing and Research Knowledge Graphs",
year="2024",
publisher="Springer Nature Switzerland",
pages="49--58",
isbn="978-3-031-65794-8"
}

@inproceedings{ostling-etal-2024-evaluation,
    title = "Evaluation of Really Good Grammatical Error Correction",
    author = {{\"O}stling, Robert  and
      Gillholm, Katarina  and
      Kurfal{\i}, Murathan  and
      Mattson, Marie  and
      Wir{\'e}n, Mats},
    editor = "Calzolari, Nicoletta  and
      Kan, Min-Yen  and
      Hoste, Veronique  and
      Lenci, Alessandro  and
      Sakti, Sakriani  and
      Xue, Nianwen",
    booktitle = "Proceedings of the 2024 Joint International Conference on Computational Linguistics, Language Resources and Evaluation (LREC-COLING 2024)",
    month = may,
    year = "2024",
    address = "Torino, Italia",
    publisher = "ELRA and ICCL",
    pages = "6582--6593",
}

@inproceedings{penteado2023evaluating,
    title={Evaluating {GPT}-3.5 and {GPT}-4 on Grammatical Error Correction for {Brazilian Portuguese}},
    author={Maria Carolina Penteado and F{\'a}bio Perez},
    booktitle={Proceedings of the LatinX in AI Workshop at ICML 2023},
    year={2023},
}

@inproceedings{soper-etal-2021-bart,
    title = "{BART} for Post-Correction of {OCR} Newspaper Text",
    author = "Soper, Elizabeth  and
      Fujimoto, Stanley  and
      Yu, Yen-Yun",
    editor = "Xu, Wei  and
      Ritter, Alan  and
      Baldwin, Tim  and
      Rahimi, Afshin",
    booktitle = "Proceedings of the Seventh Workshop on Noisy User-generated Text (W-NUT 2021)",
    year = "2021",
    publisher = "Association for Computational Linguistics",
    pages = "284--290",
}

@mastersthesis{veninga2024msc,
  author  = "Martijn Veninga",
  title   = "{LLMs} for {OCR} Post-Correction",
  school  = "University of Twente",
  year    = "2024"
}

