% Use this file for citations not found in the ACL Anthology (contained in "anthology.bib").

@inproceedings{optuna_2019,
    title={Optuna: A Next-generation Hyperparameter Optimization Framework},
    author={Akiba, Takuya and Sano, Shotaro and Yanase, Toshihiko and Ohta, Takeru and Koyama, Masanori},
    booktitle={Proceedings of the 25th {ACM} {SIGKDD} International Conference on Knowledge Discovery and Data Mining},
    year={2019}
}

@article{beshirov2024postocrtextcorrectionbulgarian,
      title={Post-{OCR} Text Correction for {Bulgarian} Historical Documents}, 
      author={Angel Beshirov and Milena Dobreva and Dimitar Dimitrov and Momchil Hardalov and Ivan Koychev and Preslav Nakov},
      year={2024},
      journal={ArXiv preprint arXiv:2409.00527}
}


@book{Aho:72,
    author  = {Alfred V. Aho and Jeffrey D. Ullman},
    title   = {The Theory of Parsing, Translation and Compiling},
    year    = "1972",
    volume  = "1",
    publisher = {Prentice-Hall},
    address = {Englewood Cliffs, NJ}
}

@book{APA:83,
    author  = {{American Psychological Association}},
    title   = {Publications Manual},
    year    = "1983",
    publisher = {American Psychological Association},
    address = {Washington, DC}
}

@article{Chandra:81,
	author = {Ashok K. Chandra and Dexter C. Kozen and Larry J. Stockmeyer},
	year = "1981",
	title = {Alternation},
	journal = {Journal of the Association for Computing Machinery},
	volume = "28",
	number = "1",
	pages = "114--133",
}
% 	doi = "10.1145/322234.322243",

@inproceedings{andrew2007scalable,
  title={Scalable training of {L1}-regularized log-linear models},
  author={Andrew, Galen and Gao, Jianfeng},
  booktitle={Proceedings of the 24th International Conference on Machine Learning},
  pages={33--40},
  year={2007},
}

@book{Gusfield:97,
    author  = {Dan Gusfield},
    title   = {Algorithms on Strings, Trees and Sequences},
    year    = "1997",
    publisher = {Cambridge University Press},
    address = {Cambridge, UK}
}

@article{rasooli-tetrault-2015,
    author    = {Mohammad Sadegh Rasooli and Joel R. Tetreault},
    title     = {Yara Parser: {A} Fast and Accurate Dependency Parser},
    journal   = {Computing Research Repository},
    volume    = {arXiv:1503.06733},
    year      = {2015},
    note    = {version 2}
}

@article{Ando2005,
	Acmid = {1194905},
	Author = {Ando, Rie Kubota and Zhang, Tong},
	Issn = {1532-4435},
	Issue_Date = {12/1/2005},
	Journal = {Journal of Machine Learning Research},
	Month = dec,
	Numpages = {37},
	Pages = {1817--1853},
	Publisher = {JMLR.org},
	Title = {A Framework for Learning Predictive Structures from Multiple Tasks and Unlabeled Data},
	Volume = {6},
	Year = {2005}
}


@article{jiang2024mixtral,
  title={Mixtral of Experts},
  author={Albert Q. {Jiang} and Alexandre {Sablayrolles} and Antoine {Roux} and Arthur {Mensch} and Blanche {Savary} and Chris {Bamford} and Devendra Singh {Chaplot} and Diego de las {Casas} and Emma Bou {Hanna} and Florian {Bressand} and others},
  journal={arXiv preprint arXiv:2401.04088},
  year={2024}
}

@misc{gemma_2024,
    title={Gemma},
    author={Thomas Mesnard and Cassidy Hardin and Robert Dadashi and Surya Bhupatiraju and Laurent Sifre and Morgane Rivière and Mihir Sanjay Kale and Juliette Love and Pouya Tafti and Léonard Hussenot and others},
    publisher={Kaggle},
    year={2024},
    url={https://www.kaggle.com/m/3301}
}
% 
% DOI={10.34740/KAGGLE/M/3301}

@misc{llama3modelcard,
    title={Llama 3 Model Card},
    author={AI@Meta},
    year={2024},
    url={{https://github.com/meta-llama/\\llama3/blob/main/MODEL\_CARD.md}},
}

@misc{llama3.1modelcard,
    title={Llama 3.1 Model Card},
    author={AI@Meta},
    year={2024},
    url={{https://github.com/meta-llama/llama-models/blob/main/models/llama3\_1/MODEL\_\\CARD.md}},
} 

@inproceedings{icdar2017,
  title={{ICDAR} 2017 competition on post-{OCR} text correction},
  author={Chiron, Guillaume and Doucet, Antoine and Coustaty, Micka{\"e}l and Moreux, Jean-Philippe},
  booktitle={Proceedings of the 14th IAPR International Conference on Document Analysis and Recognition (ICDAR 2017)},
  volume={1},
  pages={1423--1428},
  year={2017},
  organization={IEEE}
}

@inproceedings{icdar2019,
  title={{ICDAR} 2019 competition on post-{OCR} text correction},
  author={Rigaud, Christophe and Doucet, Antoine and Coustaty, Micka{\"e}l and Moreux, Jean-Philippe},
  booktitle={Proceedings of the 15th International Conference on Document Analysis and Recognition (ICDAR 2019)},
  pages={1588--1593},
  year={2019},
  organization={IEEE}
}

@inproceedings{boros2024postcorrection,
    title={Post-correction of Historical Text Transcripts with Large Language Models: An Exploratory Study},
    author={Boros, Emanuela and Ehrmann, Maud and Matteo Romanello and Najem-Meyer, Sven and Kaplan, Frédéric},
    booktitle={Proceedings of the 8th Joint SIGHUM Workshop on Computational Linguistics for Cultural Heritage, Social Sciences, Humanities and Literature (LaTeCH-CLfL 2024)},
    year={2024},
    pages={133--159},
    ISBN={979-8-89176-069-1},
    publisher={Association for Computational Linguistics},
}

@article{bourne2024clocrc,
      title={{CLOCR-C}: Context Leveraging {OCR} Correction with Pre-trained Language Models}, 
      author={Jonathan Bourne},
      year={2024},
      journal={ArXiv preprint arXiv:2408.17428}
}
%       eprint={2408.17428},
      archivePrefix={arXiv},

@inproceedings{penteado2023evaluating,
    title={Evaluating {GPT}-3.5 and {GPT}-4 on Grammatical Error Correction for {Brazilian Portuguese}},
    author={Maria Carolina Penteado and F{\'a}bio Perez},
    booktitle={Proceedings of the LatinX in AI Workshop at ICML 2023},
    year={2023},
}

@inproceedings{ostling-etal-2024-evaluation,
    title = "Evaluation of Really Good Grammatical Error Correction",
    author = {{\"O}stling, Robert  and
      Gillholm, Katarina  and
      Kurfal{\i}, Murathan  and
      Mattson, Marie  and
      Wir{\'e}n, Mats},
    editor = "Calzolari, Nicoletta  and
      Kan, Min-Yen  and
      Hoste, Veronique  and
      Lenci, Alessandro  and
      Sakti, Sakriani  and
      Xue, Nianwen",
    booktitle = "Proceedings of the 2024 Joint International Conference on Computational Linguistics, Language Resources and Evaluation (LREC-COLING 2024)",
    month = may,
    year = "2024",
    address = "Torino, Italia",
    publisher = "ELRA and ICCL",
    pages = "6582--6593",
}

@inproceedings{kettunen2018creating,
  title={Creating and Using Ground Truth {OCR} Sample Data for {Finnish} Historical Newspapers and Journals},
  author={Kimmo Kettunen and Jukka Kervinen and Mika Koistinen},
  booktitle={Proceedings of the Digital Humanities in the Nordic Countries Conference},
  year={2018},
}

@article{gregg2022nature,
          volume = {14},
          number = {1},
           month = {December},
          author = {Gregg, Stephen H.},
           title = {The nature of {ECCO-TCP}},
       publisher = {Digital Defoe},
         journal = {Digital Defoe: Studies in Defoe \& His Contemporaries},
            year = {2022},
}

@book{gregg_2021,
    title={Old Books and Digital Publishing: Eighteenth-Century Collections Online},
    place={Cambridge},
    series={Elements in Publishing and Book Culture},
    author={Gregg, Stephen H.},    
    publisher={Cambridge University Press},
    year={2021},
    collection={Elements in Publishing and Book Culture}
}

@article{tolonen2021ecco,
    title = {Corpus Linguistics and {Eighteenth Century Collections Online} {(ECCO)}},
    author = {Tolonen, Mikko and Mäkelä, Eetu and Ijaz, Ali and Lahti, Leo},
    year = {2021},
    month = {07},
    pages = {19-34}, 
    volume = {9},
    journal = {Research in Corpus Linguistics},
    
}
% doi = {10.32714/ricl.09.01.03}


@misc{gale_ecco,
      title={{Eighteenth Century Collections Online}}, 
      author={Gale},
      url={https://www.gale.com/intl/primary-sources/eighteenth-century-collections-online}
}

@article{nguyen2021survey,
author = {Nguyen, Thi Tuyet Hai and Jatowt, Adam and Coustaty, Mickael and Doucet, Antoine},
title = {Survey of Post-{OCR} Processing Approaches},
year = {2021},
issue_date = {July 2022},
publisher = {Association for Computing Machinery},
address = {New York, NY, USA},
volume = {54},
number = {6},
issn = {0360-0300},
journal = {ACM Comput. Surv.},
articleno = {124},
numpages = {37},
}
% doi = {10.1145/3453476},

@article{hill2019quantifying,
    author = {Hill, Mark J. and Hengchen, Simon},
    title = "{Quantifying the impact of dirty {OCR} on historical text analysis: Eighteenth Century Collections Online as a case study}",
    journal = {Digital Scholarship in the Humanities},
    volume = {34},
    number = {4},
    pages = {825-843},
    year = {2019},
    month = {04},
    issn = {2055-7671},

}
%     eprint = {https://academic.oup.com/dsh/article-pdf/34/4/825/33046904/fqz024.pdf},
    doi = {10.1093/llc/fqz024},

@article{kettunen2020ground,
  title={Ground truth {OCR} sample data of {Finnish} historical newspapers and journals in data improvement validation of a {re-OCRing} process},
  author={Kettunen, Kimmo and Koistinen, Mika and Kervinen, Jukka},
  journal={LIBER Quarterly: The Journal of the Association of European Research Libraries},
  volume={30},
  number={1},
  pages={1--20},
  year={2020}
}

@inproceedings{duong-etal-2021-unsupervised,
    title = "An Unsupervised method for {OCR} Post-Correction and Spelling Normalisation for {F}innish",
    author = {Duong, Quan  and
      H{\"a}m{\"a}l{\"a}inen, Mika  and
      Hengchen, Simon},
    editor = "Dobnik, Simon  and
      {\O}vrelid, Lilja",
    booktitle = "Proceedings of the 23rd Nordic Conference on Computational Linguistics (NoDaLiDa)",
    year = "2021",
    publisher = {Link{\"o}ping University Electronic Press},
    pages = "240--248",
}

@inproceedings{kettunen-paakkonen-2016-measuring,
    title = "Measuring Lexical Quality of a Historical {F}innish Newspaper Collection ― Analysis of Garbled {OCR} Data with Basic Language Technology Tools and Means",
    author = {Kettunen, Kimmo  and
      P{\"a}{\"a}kk{\"o}nen, Tuula},
    editor = "Calzolari, Nicoletta  and
      Choukri, Khalid  and
      Declerck, Thierry  and
      Goggi, Sara  and
      Grobelnik, Marko  and
      Maegaard, Bente  and
      Mariani, Joseph  and
      Mazo, Helene  and
      Moreno, Asuncion  and
      Odijk, Jan  and
      Piperidis, Stelios",
    booktitle = "Proceedings of the Tenth International Conference on Language Resources and Evaluation ({LREC}'16)",
    year = "2016",
    publisher = "European Language Resources Association (ELRA)",
    pages = "956--961",
}


@inproceedings{soper-etal-2021-bart,
    title = "{BART} for Post-Correction of {OCR} Newspaper Text",
    author = "Soper, Elizabeth  and
      Fujimoto, Stanley  and
      Yu, Yen-Yun",
    editor = "Xu, Wei  and
      Ritter, Alan  and
      Baldwin, Tim  and
      Rahimi, Afshin",
    booktitle = "Proceedings of the Seventh Workshop on Noisy User-generated Text (W-NUT 2021)",
    year = "2021",
    publisher = "Association for Computational Linguistics",
    pages = "284--290",
}
%     doi = "10.18653/v1/2021.wnut-1.31",

@mastersthesis{veninga2024msc,
  author  = "Martijn Veninga",
  title   = "{LLMs} for {OCR} Post-Correction",
  school  = "University of Twente",
  year    = "2024"
}

@InProceedings{madarasz2024ocrcleaning,
author="Madar{\'a}sz, G{\'a}bor
and Ligeti-Nagy, No{\'e}mi
and Holl, Andr{\'a}s
and V{\'a}radi, Tam{\'a}s",
editor="Rehm, Georg
and Dietze, Stefan
and Schimmler, Sonja
and Kr{\"u}ger, Frank",
title="{OCR} Cleaning of Scientific Texts with {LLMs}",
booktitle="Natural Scientific Language Processing and Research Knowledge Graphs",
year="2024",
publisher="Springer Nature Switzerland",
pages="49--58",
isbn="978-3-031-65794-8"
}

@inproceedings{dereza-etal-2024-million,
    title = "{``}{To} Have the {`}Million{'} Readers Yet{''}: Building a Digitally Enhanced Edition of the Bilingual {I}rish-{E}nglish Newspaper {An Gaodhal} (1881-1898)",
    author = "Dereza, Oksana  and
      N{\'\i} Chonghaile, Deirdre  and
      Wolf, Nicholas",
    editor = "Sprugnoli, Rachele  and
      Passarotti, Marco",
    booktitle = "Proceedings of the Third Workshop on Language Technologies for Historical and Ancient Languages (LT4HALA) @ LREC-COLING-2024",
    year = "2024",
    publisher = "ELRA and ICCL",
    pages = "65--78",
}

@InProceedings{chen2024trocrmeets,
author="Chen, Yung-Hsin
and Str{\"o}bel, Phillip B.",
editor="Mouch{\`e}re, Harold
and Zhu, Anna",
title="{TrOCR} Meets Language Models: An End-to-End Post-correction Approach",
booktitle="Proceedings of the Document Analysis and Recognition -- ICDAR 2024 Workshops",
year="2024",
publisher="Springer Nature Switzerland",
pages="12--26",
isbn="978-3-031-70645-5"
}

@inproceedings{fahandari2024farsi,
author = {Fahandari, Ali and Asadi Zeydabadi, Fatemeh and Shabaninia, Elham and Nezamabadi-pour, Hossein},
year = {2024},
title = {Enhancing {Farsi} Text Recognition via Iteratively Using a Language Model},
booktitle={Proceedings of the 20th CSI International Symposium on Artificial Intelligence and Signal Processing (AISP)},
}
% doi = {10.1109/AISP61396.2024.10475269}

@article{luukkonen2024poro34bblessingmultilinguality,
      title={Poro 34B and the Blessing of Multilinguality}, 
      author={Risto Luukkonen and Jonathan Burdge and Elaine Zosa and Aarne Talman and Ville Komulainen and Väinö Hatanpää and Peter Sarlin and Sampo Pyysalo},
      year={2024},
      journal={ArXiv preprint arXiv:2404.01856}
}
%       eprint={2404.01856},
      archivePrefix={arXiv},

@inproceedings{li2022trocr,
      title={{TrOCR}: Transformer-based Optical Character Recognition with Pre-trained Models}, 
      author={Minghao Li and Tengchao Lv and Jingye Chen and Lei Cui and Yijuan Lu and Dinei Florencio and Cha Zhang and Zhoujun Li and Furu Wei},
      booktitle={Proceedings of The Thirty-Seventh AAAI Conference on Artificial Intelligence (AAAI-23)},
      year={2023}
}


@inproceedings{chiron2017impact,
  author={Chiron, Guillaume and Doucet, Antoine and Coustaty, Mickael and Visani, Muriel and Moreux, Jean-Philippe},
  booktitle={Proceedings of the 2017 ACM/IEEE Joint Conference on Digital Libraries (JCDL)}, 
  title={Impact of {OCR} Errors on the Use of Digital Libraries: Towards a Better Access to Information}, 
  year={2017},
  pages={1-4},
  }
% doi={10.1109/JCDL.2017.7991582}