@article{chung2023luciddreamer,
  title={Luciddreamer: Domain-free generation of 3d gaussian splatting scenes},
  author={Chung, Jaeyoung and Lee, Suyoung and Nam, Hyeongjin and Lee, Jaerin and Lee, Kyoung Mu},
  journal={arXiv preprint arXiv:2311.13384},
  year={2023}
}

@article{fridman2024scenescape,
  title={Scenescape: Text-driven consistent scene generation},
  author={Fridman, Rafail and Abecasis, Amit and Kasten, Yoni and Dekel, Tali},
  journal={Advances in Neural Information Processing Systems},
  volume={36},
  year={2024}
}

@inproceedings{hollein2023text2room,
  title={Text2room: Extracting textured 3d meshes from 2d text-to-image models},
  author={H{\"o}llein, Lukas and Cao, Ang and Owens, Andrew and Johnson, Justin and Nie{\ss}ner, Matthias},
  booktitle={Proceedings of the IEEE/CVF International Conference on Computer Vision},
  pages={7909--7920},
  year={2023}
}

@article{jiang2024poetry2image,
  title={Poetry2Image: An Iterative Correction Framework for Images Generated from Chinese Classical Poetry},
  author={Jiang, Jing and Ling, Yiran and Li, Binzhu and Li, Pengxiang and Piao, Junming and Zhang, Yu},
  journal={arXiv preprint arXiv:2407.06196},
  year={2024}
}

@article{li2021paint4poem,
  title={Paint4poem: A dataset for artistic visualization of classical Chinese poems},
  author={Li, Dan and Wang, Shuai and Zou, Jie and Tian, Chang and Nieuwburg, Elisha and Sun, Fengyuan and Kanoulas, Evangelos},
  journal={arXiv preprint arXiv:2109.11682},
  year={2021}
}

@inproceedings{liu2018beyond,
  title={Beyond narrative description: Generating poetry from images by multi-adversarial training},
  author={Liu, Bei and Fu, Jianlong and Kato, Makoto P and Yoshikawa, Masatoshi},
  booktitle={Proceedings of the 26th ACM international conference on Multimedia},
  pages={783--791},
  year={2018}
}

@inproceedings{qiao2019mirrorgan,
  title={Mirrorgan: Learning text-to-image generation by redescription},
  author={Qiao, Tingting and Zhang, Jing and Xu, Duanqing and Tao, Dacheng},
  booktitle={Proceedings of the IEEE/CVF conference on computer vision and pattern recognition},
  pages={1505--1514},
  year={2019}
}

@inproceedings{wang2019constructing,
  title={Constructing the image graph of tang poetry},
  author={Wang, Bihua and Hu, Renfen and Yang, Lijiao},
  booktitle={Natural Language Processing and Chinese Computing: 8th CCF International Conference, NLPCC 2019, Dunhuang, China, October 9--14, 2019, Proceedings, Part II 8},
  pages={426--434},
  year={2019},
  organization={Springer}
}

@inproceedings{xu2018attngan,
  title={Attngan: Fine-grained text to image generation with attentional generative adversarial networks},
  author={Xu, Tao and Zhang, Pengchuan and Huang, Qiuyuan and Zhang, Han and Gan, Zhe and Huang, Xiaolei and He, Xiaodong},
  booktitle={Proceedings of the IEEE conference on computer vision and pattern recognition},
  pages={1316--1324},
  year={2018}
}

@inproceedings{xu2018images,
  title={How images inspire poems: Generating classical Chinese poetry from images with memory networks},
  author={Xu, Linli and Jiang, Liang and Qin, Chuan and Wang, Zhe and Du, Dongfang},
  booktitle={Proceedings of the AAAI Conference on Artificial Intelligence},
  volume={32},
  number={1},
  year={2018}
}

@article{zhang2024text2nerf,
  title={Text2nerf: Text-driven 3d scene generation with neural radiance fields},
  author={Zhang, Jingbo and Li, Xiaoyu and Wan, Ziyu and Wang, Can and Liao, Jing},
  journal={IEEE Transactions on Visualization and Computer Graphics},
  year={2024},
  publisher={IEEE}
}

@inproceedings{zhou2025dreamscene360,
  title={Dreamscene360: Unconstrained text-to-3d scene generation with panoramic gaussian splatting},
  author={Zhou, Shijie and Fan, Zhiwen and Xu, Dejia and Chang, Haoran and Chari, Pradyumna and Bharadwaj, Tejas and You, Suya and Wang, Zhangyang and Kadambi, Achuta},
  booktitle={European Conference on Computer Vision},
  pages={324--342},
  year={2025},
  organization={Springer}
}

