@String(PAMI = {IEEE Trans. Pattern Anal. Mach. Intell.})
@String(IJCV = {Int. J. Comput. Vis.})
@String(CVPR= {IEEE Conf. Comput. Vis. Pattern Recog.})
@String(ICCV= {Int. Conf. Comput. Vis.})
@String(ECCV= {Eur. Conf. Comput. Vis.})
@String(NIPS= {Adv. Neural Inform. Process. Syst.})
@String(ICPR = {Int. Conf. Pattern Recog.})
@String(BMVC= {Brit. Mach. Vis. Conf.})
@String(TOG= {ACM Trans. Graph.})
@String(TIP  = {IEEE Trans. Image Process.})
@String(TVCG  = {IEEE Trans. Vis. Comput. Graph.})
@String(TMM  = {IEEE Trans. Multimedia})
@String(ACMMM= {ACM Int. Conf. Multimedia})
@String(ICME = {Int. Conf. Multimedia and Expo})
@String(ICASSP=	{ICASSP})
@String(ICIP = {IEEE Int. Conf. Image Process.})
@String(ACCV  = {ACCV})
@String(ICLR = {Int. Conf. Learn. Represent.})
@String(IJCAI = {IJCAI})
@String(PR   = {Pattern Recognition})
@String(AAAI = {AAAI})
@String(CVPRW= {IEEE Conf. Comput. Vis. Pattern Recog. Worksh.})
@String(CSVT = {IEEE Trans. Circuit Syst. Video Technol.})

@String(SPL	= {IEEE Sign. Process. Letters})
@String(VR   = {Vis. Res.})
@String(JOV	 = {J. Vis.})
@String(TVC  = {The Vis. Comput.})
@String(JCST  = {J. Comput. Sci. Tech.})
@String(CGF  = {Comput. Graph. Forum})
@String(CVM = {Computational Visual Media})


@String(PAMI  = {IEEE TPAMI})
@String(IJCV  = {IJCV})
@String(CVPR  = {CVPR})
@String(ICCV  = {ICCV})
@String(ECCV  = {ECCV})
@String(NIPS  = {NeurIPS})
@String(ICPR  = {ICPR})
@String(BMVC  =	{BMVC})
@String(TOG   = {ACM TOG})
@String(TIP   = {IEEE TIP})
@String(TVCG  = {IEEE TVCG})
@String(TCSVT = {IEEE TCSVT})
@String(TMM   =	{IEEE TMM})
@String(ACMMM = {ACM MM})
@String(ICME  =	{ICME})
@String(ICASSP=	{ICASSP})
@String(ICIP  = {ICIP})
@String(ACCV  = {ACCV})
@String(ICLR  = {ICLR})
@String(IJCAI = {IJCAI})
@String(PR = {PR})
@String(AAAI = {AAAI})
@String(CVPRW= {CVPRW})
@String(CSVT = {IEEE TCSVT})



@article{DBLP:journals/corr/abs-2001-02600,
  author       = {Peng Xu},
  title        = {Deep Learning for Free-Hand Sketch: {A} Survey},
  journal      = {CoRR},
  volume       = {abs/2001.02600},
  year         = {2020},
  url          = {http://arxiv.org/abs/2001.02600},
  eprinttype    = {arXiv},
  eprint       = {2001.02600},
  timestamp    = {Mon, 13 Jan 2020 12:40:17 +0100},
  biburl       = {https://dblp.org/rec/journals/corr/abs-2001-02600.bib},
  bibsource    = {dblp computer science bibliography, https://dblp.org}
}

@article{teng2023relay,
  title={Relay diffusion: Unifying diffusion process across resolutions for image synthesis},
  author={Teng, Jiayan and Zheng, Wendi and Ding, Ming and Hong, Wenyi and Wangni, Jianqiao and Yang, Zhuoyi and Tang, Jie},
  journal={arXiv preprint arXiv:2309.03350},
  year={2023}
}
@article{song2020denoising,
  title={Denoising diffusion implicit models},
  author={Song, Jiaming and Meng, Chenlin and Ermon, Stefano},
  journal={arXiv preprint arXiv:2010.02502},
  year={2020}
}
@article{achiam2023gpt,
  title={Gpt-4 technical report},
  author={Achiam, Josh and Adler, Steven and Agarwal, Sandhini and Ahmad, Lama and Akkaya, Ilge and Aleman, Florencia Leoni and Almeida, Diogo and Altenschmidt, Janko and Altman, Sam and Anadkat, Shyamal and others},
  journal={arXiv preprint arXiv:2303.08774},
  year={2023}
}
@article{he2016proceedings,
  title={Proceedings of the IEEE conference on computer vision and pattern recognition},
  author={He, Kaiming and Zhang, Xiangyu and Ren, Shaoqing and Sun, Jian},
  year={2016},
  publisher={Las Vegas, NV}
}
@article{ho2022classifier,
  title={Classifier-free diffusion guidance},
  author={Ho, Jonathan and Salimans, Tim},
  journal={arXiv preprint arXiv:2207.12598},
  year={2022}
}
@article{betker2023improving,
  title={Improving image generation with better captions},
  author={Betker, James and Goh, Gabriel and Jing, Li and Brooks, Tim and Wang, Jianfeng and Li, Linjie and Ouyang, Long and Zhuang, Juntang and Lee, Joyce and Guo, Yufei and others},
  journal={Computer Science. https://cdn. openai. com/papers/dall-e-3. pdf},
  volume={2},
  number={3},
  pages={8},
  year={2023}
}
@article{raffel2020exploring,
  title={Exploring the limits of transfer learning with a unified text-to-text transformer},
  author={Raffel, Colin and Shazeer, Noam and Roberts, Adam and Lee, Katherine and Narang, Sharan and Matena, Michael and Zhou, Yanqi and Li, Wei and Liu, Peter J},
  journal={Journal of machine learning research},
  volume={21},
  number={140},
  pages={1--67},
  year={2020}
}

@inproceedings{ranftl2021vision,
  title={Vision transformers for dense prediction},
  author={Ranftl, Ren{\'e} and Bochkovskiy, Alexey and Koltun, Vladlen},
  booktitle={Proceedings of the IEEE/CVF international conference on computer vision},
  pages={12179--12188},
  year={2021}
}
@inproceedings{bian2023nope,
  title={Nope-nerf: Optimising neural radiance field with no pose prior},
  author={Bian, Wenjing and Wang, Zirui and Li, Kejie and Bian, Jia-Wang and Prisacariu, Victor Adrian},
  booktitle={Proceedings of the IEEE/CVF Conference on Computer Vision and Pattern Recognition},
  pages={4160--4169},
  year={2023}
}
@article{hedman2018instant,
  title={Instant 3d photography},
  author={Hedman, Peter and Kopf, Johannes},
  journal={ACM Transactions on Graphics (TOG)},
  volume={37},
  number={4},
  pages={1--12},
  year={2018},
  publisher={ACM New York, NY, USA}
}
@inproceedings{rey2022360monodepth,
  title={360monodepth: High-resolution 360deg monocular depth estimation},
  author={Rey-Area, Manuel and Yuan, Mingze and Richardt, Christian},
  booktitle={Proceedings of the IEEE/CVF Conference on Computer Vision and Pattern Recognition},
  pages={3762--3772},
  year={2022}
}
@article{wang2024perf,
  title={Perf: Panoramic neural radiance field from a single panorama},
  author={Wang, Guangcong and Wang, Peng and Chen, Zhaoxi and Wang, Wenping and Loy, Chen Change and Liu, Ziwei},
  journal={IEEE Transactions on Pattern Analysis and Machine Intelligence},
  year={2024},
  publisher={IEEE}
}
@inproceedings{schonberger2016structure,
  title={Structure-from-motion revisited},
  author={Schonberger, Johannes L and Frahm, Jan-Michael},
  booktitle={Proceedings of the IEEE conference on computer vision and pattern recognition},
  pages={4104--4113},
  year={2016}
}
@inproceedings{kopanas2021point,
  title={Point-Based Neural Rendering with Per-View Optimization},
  author={Kopanas, Georgios and Philip, Julien and Leimk{\"u}hler, Thomas and Drettakis, George},
  booktitle={Computer Graphics Forum},
  volume={40},
  number={4},
  pages={29--43},
  year={2021},
  organization={Wiley Online Library}
}

@article{fridman2024scenescape,
  title={Scenescape: Text-driven consistent scene generation},
  author={Fridman, Rafail and Abecasis, Amit and Kasten, Yoni and Dekel, Tali},
  journal={Advances in Neural Information Processing Systems},
  volume={36},
  year={2024}
}

@article{kerbl20233d,
  title={3d gaussian splatting for real-time radiance field rendering.},
  author={Kerbl, Bernhard and Kopanas, Georgios and Leimk{\"u}hler, Thomas and Drettakis, George},
  journal={ACM Trans. Graph.},
  volume={42},
  number={4},
  pages={139--1},
  year={2023}
}

@article{yi2023gaussiandreamer,
  title={Gaussiandreamer: Fast generation from text to 3d gaussian splatting with point cloud priors},
  author={Yi, Taoran and Fang, Jiemin and Wu, Guanjun and Xie, Lingxi and Zhang, Xiaopeng and Liu, Wenyu and Tian, Qi and Wang, Xinggang},
  journal={arXiv preprint arXiv:2310.08529},
  year={2023}
}

@inproceedings{chen2024text,
  title={Text-to-3d using gaussian splatting},
  author={Chen, Zilong and Wang, Feng and Wang, Yikai and Liu, Huaping},
  booktitle={Proceedings of the IEEE/CVF Conference on Computer Vision and Pattern Recognition},
  pages={21401--21412},
  year={2024}
}

@article{tang2023dreamgaussian,
  title={Dreamgaussian: Generative gaussian splatting for efficient 3d content creation},
  author={Tang, Jiaxiang and Ren, Jiawei and Zhou, Hang and Liu, Ziwei and Zeng, Gang},
  journal={arXiv preprint arXiv:2309.16653},
  year={2023}
}

@article{li2023gaussiandiffusion,
  title={Gaussiandiffusion: 3d gaussian splatting for denoising diffusion probabilistic models with structured noise},
  author={Li, Xinhai and Wang, Huaibin and Tseng, Kuo-Kun},
  journal={arXiv preprint arXiv:2311.11221},
  year={2023}
}

@article{poole2022dreamfusion,
  title={Dreamfusion: Text-to-3d using 2d diffusion},
  author={Poole, Ben and Jain, Ajay and Barron, Jonathan T and Mildenhall, Ben},
  journal={arXiv preprint arXiv:2209.14988},
  year={2022}
}

@article{song2023roomdreamer,
  title={Roomdreamer: Text-driven 3d indoor scene synthesis with coherent geometry and texture},
  author={Song, Liangchen and Cao, Liangliang and Xu, Hongyu and Kang, Kai and Tang, Feng and Yuan, Junsong and Zhao, Yang},
  journal={arXiv preprint arXiv:2305.11337},
  year={2023}
}

@inproceedings{wang2023score,
  title={Score jacobian chaining: Lifting pretrained 2d diffusion models for 3d generation},
  author={Wang, Haochen and Du, Xiaodan and Li, Jiahao and Yeh, Raymond A and Shakhnarovich, Greg},
  booktitle={Proceedings of the IEEE/CVF Conference on Computer Vision and Pattern Recognition},
  pages={12619--12629},
  year={2023}
}

@article{wang2024prolificdreamer,
  title={Prolificdreamer: High-fidelity and diverse text-to-3d generation with variational score distillation},
  author={Wang, Zhengyi and Lu, Cheng and Wang, Yikai and Bao, Fan and Li, Chongxuan and Su, Hang and Zhu, Jun},
  journal={Advances in Neural Information Processing Systems},
  volume={36},
  year={2024}
}

@inproceedings{xu2023neurallift,
  title={Neurallift-360: Lifting an in-the-wild 2d photo to a 3d object with 360deg views},
  author={Xu, Dejia and Jiang, Yifan and Wang, Peihao and Fan, Zhiwen and Wang, Yi and Wang, Zhangyang},
  booktitle={Proceedings of the IEEE/CVF Conference on Computer Vision and Pattern Recognition},
  pages={4479--4489},
  year={2023}
}

@article{jun2023shap,
  title={Shap-e: Generating conditional 3d implicit functions},
  author={Jun, Heewoo and Nichol, Alex},
  journal={arXiv preprint arXiv:2305.02463},
  year={2023}
}

@inproceedings{karnewar2023holodiffusion,
  title={Holodiffusion: Training a 3d diffusion model using 2d images},
  author={Karnewar, Animesh and Vedaldi, Andrea and Novotny, David and Mitra, Niloy J},
  booktitle={Proceedings of the IEEE/CVF conference on computer vision and pattern recognition},
  pages={18423--18433},
  year={2023}
}

@inproceedings{gao2024graphdreamer,
  title={Graphdreamer: Compositional 3d scene synthesis from scene graphs},
  author={Gao, Gege and Liu, Weiyang and Chen, Anpei and Geiger, Andreas and Sch{\"o}lkopf, Bernhard},
  booktitle={Proceedings of the IEEE/CVF Conference on Computer Vision and Pattern Recognition},
  pages={21295--21304},
  year={2024}
}

@article{bai2023componerf,
  title={CompoNeRF: Text-guided multi-object compositional NeRF with editable 3D scene layout},
  author={Bai, Haotian and Lyu, Yuanhuiyi and Jiang, Lutao and Li, Sijia and Lu, Haonan and Lin, Xiaodong and Wang, Lin},
  journal={arXiv preprint arXiv:2303.13843},
  year={2023}
}

@article{vilesov2023cg3d,
  title={Cg3d: Compositional generation for text-to-3d via gaussian splatting},
  author={Vilesov, Alexander and Chari, Pradyumna and Kadambi, Achuta},
  journal={arXiv preprint arXiv:2311.17907},
  year={2023}
}

@inproceedings{po2024compositional,
  title={Compositional 3d scene generation using locally conditioned diffusion},
  author={Po, Ryan and Wetzstein, Gordon},
  booktitle={2024 International Conference on 3D Vision (3DV)},
  pages={651--663},
  year={2024},
  organization={IEEE}
}

@article{chung2023luciddreamer,
  title={Luciddreamer: Domain-free generation of 3d gaussian splatting scenes},
  author={Chung, Jaeyoung and Lee, Suyoung and Nam, Hyeongjin and Lee, Jaerin and Lee, Kyoung Mu},
  journal={arXiv preprint arXiv:2311.13384},
  year={2023}
}

@article{fang2023ctrl,
  title={Ctrl-room: Controllable text-to-3d room meshes generation with layout constraints},
  author={Fang, Chuan and Dong, Yuan and Luo, Kunming and Hu, Xiaotao and Shrestha, Rakesh and Tan, Ping},
  journal={arXiv preprint arXiv:2310.03602},
  year={2023}
}

@article{mao2023showroom3d,
  title={ShowRoom3D: Text to High-Quality 3D Room Generation Using 3D Priors},
  author={Mao, Weijia and Cao, Yan-Pei and Liu, Jia-Wei and Xu, Zhongcong and Shou, Mike Zheng},
  journal={arXiv preprint arXiv:2312.13324},
  year={2023}
}

@article{ouyang2023text2immersion,
  title={Text2immersion: Generative immersive scene with 3d gaussians},
  author={Ouyang, Hao and Heal, Kathryn and Lombardi, Stephen and Sun, Tiancheng},
  journal={arXiv preprint arXiv:2312.09242},
  year={2023}
}

@inproceedings{yu2024wonderjourney,
  title={Wonderjourney: Going from anywhere to everywhere},
  author={Yu, Hong-Xing and Duan, Haoyi and Hur, Junhwa and Sargent, Kyle and Rubinstein, Michael and Freeman, William T and Cole, Forrester and Sun, Deqing and Snavely, Noah and Wu, Jiajun and others},
  booktitle={Proceedings of the IEEE/CVF Conference on Computer Vision and Pattern Recognition},
  pages={6658--6667},
  year={2024}
}

@article{zhang2024text2nerf,
  title={Text2nerf: Text-driven 3d scene generation with neural radiance fields},
  author={Zhang, Jingbo and Li, Xiaoyu and Wan, Ziyu and Wang, Can and Liao, Jing},
  journal={IEEE Transactions on Visualization and Computer Graphics},
  year={2024},
  publisher={IEEE}
}

@article{mittal2012no,
  title={No-reference image quality assessment in the spatial domain},
  author={Mittal, Anish and Moorthy, Anush Krishna and Bovik, Alan Conrad},
  journal={IEEE Transactions on image processing},
  volume={21},
  number={12},
  pages={4695--4708},
  year={2012},
  publisher={IEEE}
}

@article{mittal2012making,
  title={Making a “completely blind” image quality analyzer},
  author={Mittal, Anish and Soundararajan, Rajiv and Bovik, Alan C},
  journal={IEEE Signal processing letters},
  volume={20},
  number={3},
  pages={209--212},
  year={2012},
  publisher={IEEE}
}

@article{wu2023q,
  title={Q-align: Teaching lmms for visual scoring via discrete text-defined levels},
  author={Wu, Haoning and Zhang, Zicheng and Zhang, Weixia and Chen, Chaofeng and Liao, Liang and Li, Chunyi and Gao, Yixuan and Wang, Annan and Zhang, Erli and Sun, Wenxiu and others},
  journal={arXiv preprint arXiv:2312.17090},
  year={2023}
}

@inproceedings{hu2023tifa,
  title={Tifa: Accurate and interpretable text-to-image faithfulness evaluation with question answering},
  author={Hu, Yushi and Liu, Benlin and Kasai, Jungo and Wang, Yizhong and Ostendorf, Mari and Krishna, Ranjay and Smith, Noah A},
  booktitle={Proceedings of the IEEE/CVF International Conference on Computer Vision},
  pages={20406--20417},
  year={2023}
}

@inproceedings{rombach2022high,
  title={High-resolution image synthesis with latent diffusion models},
  author={Rombach, Robin and Blattmann, Andreas and Lorenz, Dominik and Esser, Patrick and Ommer, Bj{\"o}rn},
  booktitle={Proceedings of the IEEE/CVF conference on computer vision and pattern recognition},
  pages={10684--10695},
  year={2022}
}

@inproceedings{liu2018beyond,
  title={Beyond narrative description: Generating poetry from images by multi-adversarial training},
  author={Liu, Bei and Fu, Jianlong and Kato, Makoto P and Yoshikawa, Masatoshi},
  booktitle={Proceedings of the 26th ACM international conference on Multimedia},
  pages={783--791},
  year={2018}
}

@inproceedings{wang2019constructing,
  title={Constructing the image graph of tang poetry},
  author={Wang, Bihua and Hu, Renfen and Yang, Lijiao},
  booktitle={Natural Language Processing and Chinese Computing: 8th CCF International Conference, NLPCC 2019, Dunhuang, China, October 9--14, 2019, Proceedings, Part II 8},
  pages={426--434},
  year={2019},
  organization={Springer}
}

@inproceedings{xu2018images,
  title={How images inspire poems: Generating classical Chinese poetry from images with memory networks},
  author={Xu, Linli and Jiang, Liang and Qin, Chuan and Wang, Zhe and Du, Dongfang},
  booktitle={Proceedings of the AAAI Conference on Artificial Intelligence},
  volume={32},
  number={1},
  year={2018}
}

@article{li2021paint4poem,
  title={Paint4poem: A dataset for artistic visualization of classical Chinese poems},
  author={Li, Dan and Wang, Shuai and Zou, Jie and Tian, Chang and Nieuwburg, Elisha and Sun, Fengyuan and Kanoulas, Evangelos},
  journal={arXiv preprint arXiv:2109.11682},
  year={2021}
}

@inproceedings{xu2018attngan,
  title={Attngan: Fine-grained text to image generation with attentional generative adversarial networks},
  author={Xu, Tao and Zhang, Pengchuan and Huang, Qiuyuan and Zhang, Han and Gan, Zhe and Huang, Xiaolei and He, Xiaodong},
  booktitle={Proceedings of the IEEE conference on computer vision and pattern recognition},
  pages={1316--1324},
  year={2018}
}

@inproceedings{qiao2019mirrorgan,
  title={Mirrorgan: Learning text-to-image generation by redescription},
  author={Qiao, Tingting and Zhang, Jing and Xu, Duanqing and Tao, Dacheng},
  booktitle={Proceedings of the IEEE/CVF conference on computer vision and pattern recognition},
  pages={1505--1514},
  year={2019}
}

@inproceedings{zhou2025dreamscene360,
  title={Dreamscene360: Unconstrained text-to-3d scene generation with panoramic gaussian splatting},
  author={Zhou, Shijie and Fan, Zhiwen and Xu, Dejia and Chang, Haoran and Chari, Pradyumna and Bharadwaj, Tejas and You, Suya and Wang, Zhangyang and Kadambi, Achuta},
  booktitle={European Conference on Computer Vision},
  pages={324--342},
  year={2025},
  organization={Springer}
}

@book{heidegger1975poetry,
  title={Poetry, language, thought},
  author={Heidegger, Martin and Hofstadter, Albert and others},
  year={1975},
  publisher={Harper \& Row New York}
}

@article{jiang2024poetry2image,
  title={Poetry2Image: An Iterative Correction Framework for Images Generated from Chinese Classical Poetry},
  author={Jiang, Jing and Ling, Yiran and Li, Binzhu and Li, Pengxiang and Piao, Junming and Zhang, Yu},
  journal={arXiv preprint arXiv:2407.06196},
  year={2024}
}

@article{podell2023sdxl,
  title={Sdxl: Improving latent diffusion models for high-resolution image synthesis},
  author={Podell, Dustin and English, Zion and Lacey, Kyle and Blattmann, Andreas and Dockhorn, Tim and M{\"u}ller, Jonas and Penna, Joe and Rombach, Robin},
  journal={arXiv preprint arXiv:2307.01952},
  year={2023}
}

@inproceedings{ramesh2021zero,
  title={Zero-shot text-to-image generation},
  author={Ramesh, Aditya and Pavlov, Mikhail and Goh, Gabriel and Gray, Scott and Voss, Chelsea and Radford, Alec and Chen, Mark and Sutskever, Ilya},
  booktitle={International conference on machine learning},
  pages={8821--8831},
  year={2021},
  organization={Pmlr}
}

@article{harr1975haiku,
  title={Haiku poetry},
  author={Harr, Lorraine Ellis},
  journal={Journal of Aesthetic Education},
  volume={9},
  number={3},
  pages={112--119},
  year={1975},
  publisher={JSTOR}
}

@article{chen2024automatic,
  title={Automatic Generation of Multimedia Teaching Materials Based on Generative AI: Taking Tang Poetry as an Example},
  author={Chen, Xu and Wu, Di},
  journal={IEEE Transactions on Learning Technologies},
  year={2024},
  publisher={IEEE}
}

@inproceedings{hollein2023text2room,
  title={Text2room: Extracting textured 3d meshes from 2d text-to-image models},
  author={H{\"o}llein, Lukas and Cao, Ang and Owens, Andrew and Johnson, Justin and Nie{\ss}ner, Matthias},
  booktitle={Proceedings of the IEEE/CVF International Conference on Computer Vision},
  pages={7909--7920},
  year={2023}
}

@article{tang2023MVDiffusion,
  title={MVDiffusion: Enabling Holistic Multi-view Image Generation with Correspondence-Aware Diffusion},
  author={Tang, Shitao and Zhang, Fuayng and Chen, Jiacheng and Wang, Peng and Yasutaka, Furukawa},
  journal={arXiv preprint 2307.01097},
  year={2023}
}


@inproceedings{li2025dreamscene,
  title={Dreamscene: 3d gaussian-based text-to-3d scene generation via formation pattern sampling},
  author={Li, Haoran and Shi, Haolin and Zhang, Wenli and Wu, Wenjun and Liao, Yong and Wang, Lin and Lee, Lik-hang and Zhou, Peng Yuan},
  booktitle={European Conference on Computer Vision},
  pages={214--230},
  year={2025},
  organization={Springer}
}

@inproceedings{lin2025evaluating,
  title={Evaluating text-to-visual generation with image-to-text generation},
  author={Lin, Zhiqiu and Pathak, Deepak and Li, Baiqi and Li, Jiayao and Xia, Xide and Neubig, Graham and Zhang, Pengchuan and Ramanan, Deva},
  booktitle={European Conference on Computer Vision},
  pages={366--384},
  year={2025},
  organization={Springer}
}
@article{glm2024chatglm,
  title={Chatglm: A family of large language models from glm-130b to glm-4 all tools},
  author={GLM, Team and Zeng, Aohan and Xu, Bin and Wang, Bowen and Zhang, Chenhui and Yin, Da and Zhang, Dan and Rojas, Diego and Feng, Guanyu and Zhao, Hanlin and others},
  journal={arXiv preprint arXiv:2406.12793},
  year={2024}
}

@inproceedings{wang2021real,
  title={Real-esrgan: Training real-world blind super-resolution with pure synthetic data},
  author={Wang, Xintao and Xie, Liangbin and Dong, Chao and Shan, Ying},
  booktitle={Proceedings of the IEEE/CVF international conference on computer vision},
  pages={1905--1914},
  year={2021}
}

@inproceedings{ke2024repurposing,
  title={Repurposing diffusion-based image generators for monocular depth estimation},
  author={Ke, Bingxin and Obukhov, Anton and Huang, Shengyu and Metzger, Nando and Daudt, Rodrigo Caye and Schindler, Konrad},
  booktitle={Proceedings of the IEEE/CVF Conference on Computer Vision and Pattern Recognition},
  pages={9492--9502},
  year={2024}
}

@inproceedings{zhang2023painting,
  title={Painting 3d nature in 2d: View synthesis of natural scenes from a single semantic mask},
  author={Zhang, Shangzhan and Peng, Sida and Chen, Tianrun and Mou, Linzhan and Lin, Haotong and Yu, Kaicheng and Liao, Yiyi and Zhou, Xiaowei},
  booktitle={Proceedings of the IEEE/CVF Conference on Computer Vision and Pattern Recognition},
  pages={8518--8528},
  year={2023}
}

@inproceedings{cai2021unified,
  title={A unified 3d human motion synthesis model via conditional variational auto-encoder},
  author={Cai, Yujun and Wang, Yiwei and Zhu, Yiheng and Cham, Tat-Jen and Cai, Jianfei and Yuan, Junsong and Liu, Jun and Zheng, Chuanxia and Yan, Sijie and Ding, Henghui and others},
  booktitle={Proceedings of the IEEE/CVF International Conference on Computer Vision},
  pages={11645--11655},
  year={2021}
}

@inproceedings{michel2022text2mesh,
  title={Text2mesh: Text-driven neural stylization for meshes},
  author={Michel, Oscar and Bar-On, Roi and Liu, Richard and Benaim, Sagie and Hanocka, Rana},
  booktitle={Proceedings of the IEEE/CVF Conference on Computer Vision and Pattern Recognition},
  pages={13492--13502},
  year={2022}
}

@article{yao2022dfa,
  title={Dfa-nerf: Personalized talking head generation via disentangled face attributes neural rendering},
  author={Yao, Shunyu and Zhong, RuiZhe and Yan, Yichao and Zhai, Guangtao and Yang, Xiaokang},
  journal={arXiv preprint arXiv:2201.00791},
  year={2022}
}

@inproceedings{chen2024rapid,
  title={Rapid 3D Model Generation with Intuitive 3D Input},
  author={Chen, Tianrun and Ding, Chaotao and Zhang, Shangzhan and Yu, Chunan and Zang, Ying and Li, Zejian and Peng, Sida and Sun, Lingyun},
  booktitle={Proceedings of the IEEE/CVF Conference on Computer Vision and Pattern Recognition},
  pages={12554--12564},
  year={2024}
}

@article{chen2023reality3dsketch,
  title={Reality3dsketch: Rapid 3d modeling of objects from single freehand sketches},
  author={Chen, Tianrun and Ding, Chaotao and Zhu, Lanyun and Zang, Ying and Liao, Yiyi and Li, Zejian and Sun, Lingyun},
  journal={IEEE Transactions on Multimedia},
  year={2023},
  publisher={IEEE}
}

@article{zang2024magic3dsketch,
  title={Magic3DSketch: Create Colorful 3D Models From Sketch-Based 3D Modeling Guided by Text and Language-Image Pre-Training},
  author={Zang, Ying and Han, Yidong and Ding, Chaotao and Zhang, Jianqi and Chen, Tianrun},
  journal={arXiv preprint arXiv:2407.19225},
  year={2024}
}

@article{chen2024deep3dsketch,
  title={Deep3DSketch-im: rapid high-fidelity AI 3D model generation by single freehand sketches},
  author={Chen, Tianrun and Cao, Runlong and Li, Zejian and Zang, Ying and Sun, Lingyun},
  journal={Frontiers of Information Technology \& Electronic Engineering},
  volume={25},
  number={1},
  pages={149--159},
  year={2024},
  publisher={Springer}
}

@inproceedings{zang2023deep3dsketch+,
  title={Deep3dsketch+$\backslash$+: High-fidelity 3d modeling from single free-hand sketches},
  author={Zang, Ying and Ding, Chaotao and Chen, Tianrun and Mao, Papa and Hu, Wenjun},
  booktitle={2023 IEEE International Conference on Systems, Man, and Cybernetics (SMC)},
  pages={1537--1542},
  year={2023},
  organization={IEEE}
}

@inproceedings{chen2023novel,
  title={Novel 3D-Aware Composition Images Synthesis for Object Display with Diffusion Model},
  author={Chen, Tianrun and Xu, Tao and Ye, Yiyu and Mao, Papa and Zang, Ying and Sun, Lingyun},
  booktitle={2023 IEEE International Conference on Systems, Man, and Cybernetics (SMC)},
  pages={4476--4481},
  year={2023},
  organization={IEEE}
}

@article{zhang2023dyn,
  title={Dyn-e: Local appearance editing of dynamic neural radiance fields},
  author={Zhang, Shangzhan and Peng, Sida and ShenTu, Yinji and Shuai, Qing and Chen, Tianrun and Yu, Kaicheng and Bao, Hujun and Zhou, Xiaowei},
  journal={arXiv preprint arXiv:2307.12909},
  year={2023}
}

@article{ross2007essence,
  title={The essence of haiku},
  author={Ross, Bruce},
  journal={Modern Haiku},
  volume={38},
  number={3},
  pages={51--62},
  year={2007}
}

@article{blasko1999haiku,
  title={Haiku: When goodness entails symbolism},
  author={Blasko, Dawn G and Merski, Dennis W},
  journal={Metaphor and symbol},
  volume={14},
  number={2},
  pages={123--138},
  year={1999},
  publisher={Taylor \& Francis}
}

@article{ueda1963basho,
  title={Bash{\=o} and the Poetics of" Haiku"},
  author={Ueda, Makoto},
  journal={Journal of aesthetics and art criticism},
  pages={423--431},
  year={1963},
  publisher={JSTOR}
}

@article{kawamoto1989basho,
  title={Basho's Haiku and Tradition},
  author={Kawamoto, Koji},
  journal={Comparative Literature Studies},
  pages={245--251},
  year={1989},
  publisher={JSTOR}
}

@incollection{park1985reading,
  title={The Reading as Emotional Response: The Case of a Haiku},
  author={Park, Ynhui},
  booktitle={Poetics of the Elements in the Human Condition: The Sea: From Elemental Stirrings to Symbolic Inspiration, Language, and Life-Significance in Literary Interpretation and Theory},
  pages={403--411},
  year={1985},
  publisher={Springer}
}

@inproceedings{zhang2023adding,
  title={Adding conditional control to text-to-image diffusion models},
  author={Zhang, Lvmin and Rao, Anyi and Agrawala, Maneesh},
  booktitle={Proceedings of the IEEE/CVF International Conference on Computer Vision},
  pages={3836--3847},
  year={2023}
}
@inproceedings{zhang2024mapa,
  title={Mapa: Text-driven photorealistic material painting for 3d shapes},
  author={Zhang, Shangzhan and Peng, Sida and Xu, Tao and Yang, Yuanbo and Chen, Tianrun and Xue, Nan and Shen, Yujun and Bao, Hujun and Hu, Ruizhen and Zhou, Xiaowei},
  booktitle={ACM SIGGRAPH 2024 Conference Papers},
  pages={1--12},
  year={2024}
}

@article{zheng2024cogview3,
  title={Cogview3: Finer and faster text-to-image generation via relay diffusion},
  author={Zheng, Wendi and Teng, Jiayan and Yang, Zhuoyi and Wang, Weihan and Chen, Jidong and Gu, Xiaotao and Dong, Yuxiao and Ding, Ming and Tang, Jie},
  journal={arXiv preprint arXiv:2403.05121},
  year={2024}
}

