% Encoding: UTF-8
@article{ye2024theoretical,
  title={A theoretical analysis of nash learning from human feedback under general kl-regularized preference},
  author={Ye, Chenlu and Xiong, Wei and Zhang, Yuheng and Jiang, Nan and Zhang, Tong},
  journal={arXiv preprint arXiv:2402.07314},
  year={2024}
}

@book{cardaliaguet2019master,
  title={The master equation and the convergence problem in mean field games:(ams-201)},
  author={Cardaliaguet, Pierre and Delarue, Fran{\c{c}}ois and Lasry, Jean-Michel and Lions, Pierre-Louis},
  year={2019},
  publisher={Princeton University Press}
}
@article{penedo2023refinedweb,
  title={The RefinedWeb dataset for Falcon LLM: outperforming curated corpora with web data, and web data only},
  author={Penedo, Guilherme and Malartic, Quentin and Hesslow, Daniel and Cojocaru, Ruxandra and Cappelli, Alessandro and Alobeidli, Hamza and Pannier, Baptiste and Almazrouei, Ebtesam and Launay, Julien},
  journal={arXiv preprint arXiv:2306.01116},
  year={2023}
}

@article{jiang2023mistral,
  title={Mistral 7B},
  author={Jiang, Albert Q and Sablayrolles, Alexandre and Mensch, Arthur and Bamford, Chris and Chaplot, Devendra Singh and Casas, Diego de las and Bressand, Florian and Lengyel, Gianna and Lample, Guillaume and Saulnier, Lucile and others},
  journal={arXiv preprint arXiv:2310.06825},
  year={2023}
}

@article{bradley1952rank,
  title={Rank analysis of incomplete block designs: I. The method of paired comparisons},
  author={Bradley, Ralph Allan and Terry, Milton E},
  journal={Biometrika},
  volume={39},
  number={3/4},
  pages={324--345},
  year={1952},
  publisher={JSTOR}
}
@article{achiam2023gpt,
  title={Gpt-4 technical report},
  author={Achiam, Josh and Adler, Steven and Agarwal, Sandhini and Ahmad, Lama and Akkaya, Ilge and Aleman, Florencia Leoni and Almeida, Diogo and Altenschmidt, Janko and Altman, Sam and Anadkat, Shyamal and others},
  journal={arXiv preprint arXiv:2303.08774},
  year={2023}
}

@article{gehman2020realtoxicityprompts,
  title={Realtoxicityprompts: Evaluating neural toxic degeneration in language models},
  author={Gehman, Samuel and Gururangan, Suchin and Sap, Maarten and Choi, Yejin and Smith, Noah A},
  journal={arXiv preprint arXiv:2009.11462},
  year={2020}
}

@article{ziegler2019fine,
  title={Fine-tuning language models from human preferences},
  author={Ziegler, Daniel M and Stiennon, Nisan and Wu, Jeffrey and Brown, Tom B and Radford, Alec and Amodei, Dario and Christiano, Paul and Irving, Geoffrey},
  journal={arXiv preprint arXiv:1909.08593},
  year={2019}
}

@article{schulman2017proximal,
  title={Proximal policy optimization algorithms},
  author={Schulman, John and Wolski, Filip and Dhariwal, Prafulla and Radford, Alec and Klimov, Oleg},
  journal={arXiv preprint arXiv:1707.06347},
  year={2017}
}

@article{christiano2017deep,
  title={Deep reinforcement learning from human preferences},
  author={Christiano, Paul F and Leike, Jan and Brown, Tom and Martic, Miljan and Legg, Shane and Amodei, Dario},
  journal={Advances in neural information processing systems},
  volume={30},
  year={2017}
}

@article{wirth2017survey,
  title={A survey of preference-based reinforcement learning methods},
  author={Wirth, Christian and Akrour, Riad and Neumann, Gerhard and F{\"u}rnkranz, Johannes},
  journal={Journal of Machine Learning Research},
  volume={18},
  number={136},
  pages={1--46},
  year={2017}
}

@article{ji2023ai,
  title={Ai alignment: A comprehensive survey},
  author={Ji, Jiaming and Qiu, Tianyi and Chen, Boyuan and Zhang, Borong and Lou, Hantao and Wang, Kaile and Duan, Yawen and He, Zhonghao and Zhou, Jiayi and Zhang, Zhaowei and others},
  journal={arXiv preprint arXiv:2310.19852},
  year={2023}
}

@article{zhao2024sharp,
  title={Sharp Analysis for KL-Regularized Contextual Bandits and RLHF},
  author={Zhao, Heyang and Ye, Chenlu and Gu, Quanquan and Zhang, Tong},
  journal={arXiv preprint arXiv:2411.04625},
  year={2024}
}

@inproceedings{wortsman2022model,
  title={Model soups: averaging weights of multiple fine-tuned models improves accuracy without increasing inference time},
  author={Wortsman, Mitchell and Ilharco, Gabriel and Gadre, Samir Ya and Roelofs, Rebecca and Gontijo-Lopes, Raphael and Morcos, Ari S and Namkoong, Hongseok and Farhadi, Ali and Carmon, Yair and Kornblith, Simon and others},
  booktitle={International conference on machine learning},
  pages={23965--23998},
  year={2022},
  organization={PMLR}
}

@article{chegini2024salsa,
  title={SALSA: Soup-based Alignment Learning for Stronger Adaptation in RLHF},
  author={Chegini, Atoosa and Kazemi, Hamid and Mirzadeh, Iman and Yin, Dong and Horton, Maxwell and Nabi, Moin and Farajtabar, Mehrdad and Alizadeh, Keivan},
  journal={arXiv preprint arXiv:2411.01798},
  year={2024}
}

@article{le2024multi,
  title={Multi-Reference Preference Optimization for Large Language Models},
  author={Le, Hung and Tran, Quan and Nguyen, Dung and Do, Kien and Mittal, Saloni and Ogueji, Kelechi and Venkatesh, Svetha},
  journal={arXiv preprint arXiv:2405.16388},
  year={2024}
}

@article{azar2023general,
  title={A general theoretical paradigm to understand learning from human preferences},
  author={Azar, Mohammad Gheshlaghi and Rowland, Mark and Piot, Bilal and Guo, Daniel and Calandriello, Daniele and Valko, Michal and Munos, R{\'e}mi},
  journal={arXiv preprint arXiv:2310.12036},
  year={2023}
}

@inproceedings{wangbeyond,
  title={Beyond Reverse KL: Generalizing Direct Preference Optimization with Diverse Divergence Constraints},
  author={Wang, Chaoqi and Jiang, Yibo and Yang, Chenghao and Liu, Han and Chen, Yuxin},
  booktitle={The Twelfth International Conference on Learning Representations},
  year = {2024}  
}

@article{mroueh2024information,
  title={Information Theoretic Guarantees For Policy Alignment In Large Language Models},
  author={Mroueh, Youssef},
  journal={arXiv preprint arXiv:2406.05883},
  year={2024}
}



@article{rafailov2023direct,
  title={Direct preference optimization: Your language model is secretly a reward model},
  author={Rafailov, Rafael and Sharma, Archit and Mitchell, Eric and Ermon, Stefano and Manning, Christopher D and Finn, Chelsea},
  journal={arXiv preprint arXiv:2305.18290},
  year={2023}
}


@article{stiennon2020learning,
  title={Learning to summarize with human feedback},
  author={Stiennon, Nisan and Ouyang, Long and Wu, Jeffrey and Ziegler, Daniel and Lowe, Ryan and Voss, Chelsea and Radford, Alec and Amodei, Dario and Christiano, Paul F},
  journal={Advances in Neural Information Processing Systems},
  volume={33},
  pages={3008--3021},
  year={2020}
}

@article{nakano2021webgpt,
  title={Webgpt: Browser-assisted question-answering with human feedback},
  author={Nakano, Reiichiro and Hilton, Jacob and Balaji, Suchir and Wu, Jeff and Ouyang, Long and Kim, Christina and Hesse, Christopher and Jain, Shantanu and Kosaraju, Vineet and Saunders, William and others},
  journal={arXiv preprint arXiv:2112.09332},
  year={2021}
}

@inproceedings{kreutzer2018reliability,
  title={Reliability and Learnability of Human Bandit Feedback for Sequence-to-Sequence Reinforcement Learning},
  author={Kreutzer, Julia and Uyheng, Joshua and Riezler, Stefan},
  booktitle={Proceedings of the 56th Annual Meeting of the Association for Computational Linguistics (Volume 1: Long Papers)},
  pages={1777--1788},
  year={2018}
}

@article{thoppilan2022lamda,
  title={Lamda: Language models for dialog applications},
  author={Thoppilan, Romal and De Freitas, Daniel and Hall, Jamie and Shazeer, Noam and Kulshreshtha, Apoorv and Cheng, Heng-Tze and Jin, Alicia and Bos, Taylor and Baker, Leslie and Du, Yu and others},
  journal={arXiv preprint arXiv:2201.08239},
  year={2022}
}

@article{ouyang2022training,
  title={Training language models to follow instructions with human feedback},
  author={Ouyang, Long and Wu, Jeffrey and Jiang, Xu and Almeida, Diogo and Wainwright, Carroll and Mishkin, Pamela and Zhang, Chong and Agarwal, Sandhini and Slama, Katarina and Ray, Alex and others},
  journal={Advances in neural information processing systems},
  volume={35},
  pages={27730--27744},
  year={2022}
}

@article{lee2023rlaif,
  title={Rlaif: Scaling reinforcement learning from human feedback with ai feedback},
  author={Lee, Harrison and Phatale, Samrat and Mansoor, Hassan and Lu, Kellie and Mesnard, Thomas and Bishop, Colton and Carbune, Victor and Rastogi, Abhinav},
  journal={arXiv preprint arXiv:2309.00267},
  year={2023}
}

@article{zhao2023slic,
  title={Slic-hf: Sequence likelihood calibration with human feedback},
  author={Zhao, Yao and Joshi, Rishabh and Liu, Tianqi and Khalman, Misha and Saleh, Mohammad and Liu, Peter J},
  journal={arXiv preprint arXiv:2305.10425},
  year={2023}
}

@article{ethayarajh2024kto,
  title={Kto: Model alignment as prospect theoretic optimization},
  author={Ethayarajh, Kawin and Xu, Winnie and Muennighoff, Niklas and Jurafsky, Dan and Kiela, Douwe},
  journal={arXiv preprint arXiv:2402.01306},
  year={2024}
}

@article{chen2024self,
  title={Self-play fine-tuning converts weak language models to strong language models},
  author={Chen, Zixiang and Deng, Yihe and Yuan, Huizhuo and Ji, Kaixuan and Gu, Quanquan},
  journal={arXiv preprint arXiv:2401.01335},
  year={2024}
}

@article{yuan2024self,
  title={Self-rewarding language models},
  author={Yuan, Weizhe and Pang, Richard Yuanzhe and Cho, Kyunghyun and Sukhbaatar, Sainbayar and Xu, Jing and Weston, Jason},
  journal={arXiv preprint arXiv:2401.10020},
  year={2024}
}

@article{pattnaik2024curry,
  title={Curry-DPO: Enhancing Alignment using Curriculum Learning \& Ranked Preferences},
  author={Pattnaik, Pulkit and Maheshwary, Rishabh and Ogueji, Kelechi and Yadav, Vikas and Madhusudhan, Sathwik Tejaswi},
  journal={arXiv preprint arXiv:2403.07230},
  year={2024}
}

@article{rame2024rewarded,
  title={Rewarded soups: towards pareto-optimal alignment by interpolating weights fine-tuned on diverse rewards},
  author={Rame, Alexandre and Couairon, Guillaume and Dancette, Corentin and Gaya, Jean-Baptiste and Shukor, Mustafa and Soulier, Laure and Cord, Matthieu},
  journal={Advances in Neural Information Processing Systems},
  volume={36},
  year={2024}
}

@article{jang2023personalized,
  title={Personalized soups: Personalized large language model alignment via post-hoc parameter merging},
  author={Jang, Joel and Kim, Seungone and Lin, Bill Yuchen and Wang, Yizhong and Hessel, Jack and Zettlemoyer, Luke and Hajishirzi, Hannaneh and Choi, Yejin and Ammanabrolu, Prithviraj},
  journal={arXiv preprint arXiv:2310.11564},
  year={2023}
}

@article{lewkowycz2022solving,
  title={Solving quantitative reasoning problems with language models},
  author={Lewkowycz, Aitor and Andreassen, Anders and Dohan, David and Dyer, Ethan and Michalewski, Henryk and Ramasesh, Vinay and Slone, Ambrose and Anil, Cem and Schlag, Imanol and Gutman-Solo, Theo and others},
  journal={Advances in Neural Information Processing Systems},
  volume={35},
  pages={3843--3857},
  year={2022}
}

@article{touvron2023llama,
  title={Llama 2: Open foundation and fine-tuned chat models},
  author={Touvron, Hugo and Martin, Louis and Stone, Kevin and Albert, Peter and Almahairi, Amjad and Babaei, Yasmine and Bashlykov, Nikolay and Batra, Soumya and Bhargava, Prajjwal and Bhosale, Shruti and others},
  journal={arXiv preprint arXiv:2307.09288},
  year={2023}
}

@article{wang2023aligning,
  title={Aligning large language models with human: A survey},
  author={Wang, Yufei and Zhong, Wanjun and Li, Liangyou and Mi, Fei and Zeng, Xingshan and Huang, Wenyong and Shang, Lifeng and Jiang, Xin and Liu, Qun},
  journal={arXiv preprint arXiv:2307.12966},
  year={2023}
}


@article{le2022learning,
  title={Learning to Constrain Policy Optimization with Virtual Trust Region},
  author={Le, Hung and Karimpanal George, Thommen and Abdolshah, Majid and Nguyen, Dung and Do, Kien and Gupta, Sunil and Venkatesh, Svetha},
  journal={Advances in Neural Information Processing Systems},
  volume={35},
  pages={12775--12786},
  year={2022}
}

@article{beeching2023open,
  title={Open llm leaderboard},
  author={Beeching, Edward and Fourrier, Cl{\'e}mentine and Habib, Nathan and Han, Sheon and Lambert, Nathan and Rajani, Nazneen and Sanseviero, Omar and Tunstall, Lewis and Wolf, Thomas},
  journal={Hugging Face},
  year={2023}
}

@article{gao10256836framework,
  title={A framework for few-shot language model evaluation, 12 2023},
  author={Gao, L and Tow, J and Abbasi, B and Biderman, S and Black, S and DiPofi, A and Foster, C and Golding, L and Hsu, J and Le Noac’h, A and others},
  journal={URL https://zenodo. org/records/10256836},
  volume={7}
}

@article{zhan2023provable,
  title={Provable offline preference-based reinforcement learning},
  author={Zhan, Wenhao and Uehara, Masatoshi and Kallus, Nathan and Lee, Jason D and Sun, Wen},
  journal={arXiv preprint arXiv:2305.14816},
  year={2023}
}

@article{chang2024dataset,
  title={Dataset reset policy optimization for rlhf},
  author={Chang, Jonathan D and Zhan, Wenhao and Oertell, Owen and Brantley, Kiant{\'e} and Misra, Dipendra and Lee, Jason D and Sun, Wen},
  journal={arXiv preprint arXiv:2404.08495},
  year={2024}
}

@inproceedings{song2024importance,
  title={The importance of online data: Understanding preference fine-tuning via coverage},
  author={Song, Yuda and Swamy, Gokul and Singh, Aarti and Bagnell, Drew and Sun, Wen},
  booktitle={The Thirty-eighth Annual Conference on Neural Information Processing Systems},
  year={2024}
}

@article{cohen2017data,
  title={Data-driven nonlinear expectations for statistical uncertainty in decisions},
  author={Cohen, Samuel N},
  journal={Electronic Journal of Statistics},
  volume={11},
  pages={1858--1889},
  year={2017}
}

@book{boucheron2013concentration,
  title={Concentration inequalities: A nonasymptotic theory of independence},
  author={Boucheron, St{\'e}phane and Lugosi, G{\'a}bor and Massart, Pascal},
  year={2013},
  publisher={Oxford University Press}
}

@article{bercher2012simple,
  title={A simple probabilistic construction yielding generalized entropies and divergences, escort distributions and q-Gaussians},
  author={Bercher, J-F},
  journal={Physica A: Statistical Mechanics and its Applications},
  volume={391},
  number={19},
  pages={4460--4469},
  year={2012},
  publisher={Elsevier}
}

@article{huang2024correcting,
  title={Correcting the Mythos of KL-Regularization: Direct Alignment without Overoptimization via Chi-Squared Preference Optimization},
  author={Huang, Audrey and Zhan, Wenhao and Xie, Tengyang and Lee, Jason D and Sun, Wen and Krishnamurthy, Akshay and Foster, Dylan J},
  journal={arXiv preprint arXiv:2407.13399},
  year={2024}
}

@inproceedings{xiong2024iterative,
  title={Iterative preference learning from human feedback: Bridging theory and practice for rlhf under kl-constraint},
  author={Xiong, Wei and Dong, Hanze and Ye, Chenlu and Wang, Ziqi and Zhong, Han and Ji, Heng and Jiang, Nan and Zhang, Tong},
  booktitle={Forty-first International Conference on Machine Learning},
  year={2024}
}

@article{munos2008finite,
  title={Finite-Time Bounds for Fitted Value Iteration.},
  author={Munos, R{\'e}mi and Szepesv{\'a}ri, Csaba},
  journal={Journal of Machine Learning Research},
  volume={9},
  number={5},
  year={2008}
}

@article{uehara2021pessimistic,
  title={Pessimistic model-based offline reinforcement learning under partial coverage},
  author={Uehara, Masatoshi and Sun, Wen},
  journal={arXiv preprint arXiv:2107.06226},
  year={2021}
}

@inproceedings{zhan2022offline,
  title={Offline reinforcement learning with realizability and single-policy concentrability},
  author={Zhan, Wenhao and Huang, Baihe and Huang, Audrey and Jiang, Nan and Lee, Jason},
  booktitle={Conference on Learning Theory},
  pages={2730--2775},
  year={2022},
  organization={PMLR}
}

@article{sun2024inverse,
  title={Inverse-RLignment: Inverse Reinforcement Learning from Demonstrations for LLM Alignment},
  author={Sun, Hao and van der Schaar, Mihaela},
  journal={arXiv preprint arXiv:2405.15624},
  year={2024}
}


@article{sharifnassab2024soft,
  title={Soft Preference Optimization: Aligning Language Models to Expert Distributions},
  author={Sharifnassab, Arsalan and Salehkaleybar, Saber and Ghiassian, Sina and Kanoria, Surya and Schuurmans, Dale},
  journal={arXiv preprint arXiv:2405.00747},
  year={2024}
}