 @inproceedings{cirstea2021enhancenet,
  title={EnhanceNet: Plugin neural networks for enhancing correlated time series forecasting},
  author={Cirstea, Razvan-Gabriel and Kieu, Tung and Guo, Chenjuan and Yang, Bin and Pan, Sinno Jialin},
  booktitle={2021 IEEE 37th International Conference on Data Engineering (ICDE)},
  pages={1739--1750},
  year={2021},
  organization={IEEE}
}

@article{yin2021survey,
  title={Deep learning on traffic prediction: Methods, analysis, and future directions},
  author={Yin, Xueyan and Wu, Genze and Wei, Jinze and Shen, Yanming and Qi, Heng and Yin, Baocai},
  journal={IEEE Transactions on Intelligent Transportation Systems},
  volume={23},
  number={6},
  pages={4927--4943},
  year={2021},
  publisher={IEEE}
}

@article{vaswani2017Transformer,
  title={Attention is all you need},
  author={Vaswani, Ashish and Shazeer, Noam and Parmar, Niki and Uszkoreit, Jakob and Jones, Llion and Gomez, Aidan N and Kaiser, {\L}ukasz and Polosukhin, Illia},
  journal={Advances in neural information processing systems},
  volume={30},
  year={2017}
}

@inproceedings{guo2019ASTGCN,
  title={Attention based spatial-temporal graph convolutional networks for traffic flow forecasting},
  author={Guo, Shengnan and Lin, Youfang and Feng, Ning and Song, Chao and Wan, Huaiyu},
  booktitle={Proceedings of the AAAI Conference on Artificial Intelligence},
  volume={33},
  pages={922--929},
  year={2019}
}


@inproceedings{song2020STSGCNaaai,
  title={Spatial-temporal synchronous graph convolutional networks: A new framework for spatial-temporal network data forecasting},
  author={Song, Chao and Lin, Youfang and Guo, Shengnan and Wan, Huaiyu},
  booktitle={Proceedings of the AAAI conference on artificial intelligence},
  number={01},
  pages={914--921},
  year={2020}
}

@article{yu2017STGCN,
  title={Spatio-temporal graph convolutional networks: A deep learning framework for traffic forecasting},
  author={Yu, Bing and Yin, Haoteng and Zhu, Zhanxing},
  journal={arXiv preprint arXiv:1709.04875},
  year={2017}
}

@inproceedings{li2018DCRNN,
  title={Diffusion Convolutional Recurrent Neural Network: Data-Driven Traffic Forecasting},
  author={Li, Yaguang and Yu, Rose and Shahabi, Cyrus and Liu, Yan},
  booktitle={International Conference on Learning Representations (ICLR '18)},
  year={2018}
}

@inproceedings{zheng2020GMANaaai,
  title={Gman: A graph multi-attention network for traffic prediction},
  author={Zheng, Chuanpan and Fan, Xiaoliang and Wang, Cheng and Qi, Jianzhong},
  booktitle={Proceedings of the AAAI conference on artificial intelligence},
  pages={1234--1241},
  year={2020}
}

@article{bai2020AGCRN,
  title={Adaptive graph convolutional recurrent network for traffic forecasting},
  author={Bai, Lei and Yao, Lina and Li, Can and Wang, Xianzhi and Wang, Can},
  journal={Advances in neural information processing systems},
  volume={33},
  pages={17804--17815},
  year={2020}
}

@inproceedings{fang2021STGODE,
  title={Spatial-Temporal Graph ODE Networks for Traffic Flow Forecasting},
  author={Fang, Zheng and Long, Qingqing and Song, Guojie and Xie, Kunqing},
  booktitle={Proceedings of the 27th ACM SIGKDD Conference on Knowledge Discovery \& Data Mining},
  pages={364--373},
  year={2021}
}

@inproceedings{wu2021Autoformer,
  title={Autoformer: Decomposition Transformers with {Auto-Correlation} for Long-Term Series Forecasting},
  author={Haixu Wu and Jiehui Xu and Jianmin Wang and Mingsheng Long},
  booktitle={Advances in Neural Information Processing Systems},
  year={2021}
}

@article{D2STGNN,
  author    = {Zezhi Shao and
               Zhao Zhang and
               Wei Wei and
               Fei Wang and
               Yongjun Xu and
               Xin Cao and
               Christian S. Jensen},
  title     = {Decoupled Dynamic Spatial-Temporal Graph Neural Network for Traffic
               Forecasting},
  journal   = {Proc. {VLDB} Endow.},
  volume    = {15},
  number    = {11},
  pages     = {2733--2746},
  year      = {2022}
}

@inproceedings{fang2023STWave,
  title={When spatio-temporal meet wavelets: Disentangled traffic forecasting via efficient spectral graph attention networks},
  author={Fang, Yuchen and Qin, Yanjun and Luo, Haiyong and Zhao, Fang and Xu, Bingbing and Zeng, Liang and Wang, Chenxing},
  booktitle={2023 IEEE 39th International Conference on Data Engineering (ICDE)},
  pages={517--529},
  year={2023},
  organization={IEEE}
}

@inproceedings{guo2023SSTBAN,
  title={Self-supervised spatial-temporal bottleneck attentive network for efficient long-term traffic forecasting},
  author={Guo, Shengnan and Lin, Youfang and Gong, Letian and Wang, Chenyu and Zhou, Zeyu and Shen, Zekai and Huang, Yiheng and Wan, Huaiyu},
  booktitle={2023 IEEE 39th International Conference on Data Engineering (ICDE)},
  pages={1585--1596},
  year={2023},
  organization={IEEE}
}

@inproceedings{han2021DMSTGCN,
  title={Dynamic and multi-faceted spatio-temporal deep learning for traffic speed forecasting},
  author={Han, Liangzhe and Du, Bowen and Sun, Leilei and Fu, Yanjie and Lv, Yisheng and Xiong, Hui},
  booktitle={Proceedings of the 27th ACM SIGKDD conference on knowledge discovery \& data mining},
  pages={547--555},
  year={2021}
}

@article{wu2019GWNet,
  title={Graph wavenet for deep spatial-temporal graph modeling},
  author={Wu, Zonghan and Pan, Shirui and Long, Guodong and Jiang, Jing and Zhang, Chengqi},
  journal={arXiv preprint arXiv:1906.00121},
  year={2019}
}

@book{box2015ARIMA,
  title={Time series analysis: forecasting and control},
  author={Box, George EP and Jenkins, Gwilym M and Reinsel, Gregory C and Ljung, Greta M},
  year={2015},
  publisher={John Wiley \& Sons}
}

@book{lutkepohl2005VAR,
  title={New introduction to multiple time series analysis},
  author={L{\"u}tkepohl, Helmut},
  year={2005},
  publisher={Springer Science \& Business Media}
}

@article{wu2004SVR,
  title={Travel-time prediction with support vector regression},
  author={Wu, Chun-Hsin and Ho, Jan-Ming and Lee, Der-Tsai},
  journal={IEEE transactions on intelligent transportation systems},
  volume={5},
  number={4},
  pages={276--281},
  year={2004},
  publisher={Ieee}
}

@inproceedings{choi2022STGNCDE,
  title={Graph neural controlled differential equations for traffic forecasting},
  author={Choi, Jeongwhan and Choi, Hwangyong and Hwang, Jeehyun and Park, Noseong},
  booktitle={Proceedings of the AAAI conference on artificial intelligence},
  number={6},
  pages={6367--6374},
  year={2022}
}

@article{shao2022D2STGNN,
  title={Decoupled dynamic spatial-temporal graph neural network for traffic forecasting},
  author={Shao, Zezhi and Zhang, Zhao and Wei, Wei and Wang, Fei and Xu, Yongjun and Cao, Xin and Jensen, Christian S},
  journal={arXiv preprint arXiv:2206.09112},
  year={2022}
}

@article{guo2021lASTGNN,
  title={Learning dynamics and heterogeneity of spatial-temporal graph data for traffic forecasting},
  author={Guo, Shengnan and Lin, Youfang and Wan, Huaiyu and Li, Xiucheng and Cong, Gao},
  journal={IEEE Transactions on Knowledge and Data Engineering},
  volume={34},
  number={11},
  pages={5415--5428},
  year={2021},
  publisher={IEEE}
}

@article{graves2012LSTM,
  title={Long short-term memory},
  author={Graves, Alex and Graves, Alex},
  journal={Supervised sequence labelling with recurrent neural networks},
  pages={37--45},
  year={2012},
  publisher={Springer}
}

@inproceedings{lan2022dstagnn,
  title={Dstagnn: Dynamic spatial-temporal aware graph neural network for traffic flow forecasting},
  author={Lan, Shiyong and Ma, Yitong and Huang, Weikang and Wang, Wenwu and Yang, Hongyu and Li, Pyang},
  booktitle={International conference on machine learning},
  pages={11906--11917},
  year={2022},
  organization={PMLR}
}

@book{hamilton2020HA,
  title={Time series analysis},
  author={Hamilton, James D},
  year={2020},
  publisher={Princeton university press}
}

@inproceedings{kong2024STPGNN,
  title={Spatio-Temporal Pivotal Graph Neural Networks for Traffic Flow Forecasting},
  author={Kong, Weiyang and Guo, Ziyu and Liu, Yubao},
  booktitle={Proceedings of the AAAI Conference on Artificial Intelligence},
  number={8},
  pages={8627--8635},
  year={2024}
}

@inproceedings{zhang2017deep,
  title={Deep spatio-temporal residual networks for citywide crowd flows prediction},
  author={Zhang, Junbo and Zheng, Yu and Qi, Dekang},
  booktitle={Proceedings of the AAAI conference on artificial intelligence},
  number={1},
  year={2017}
}

@inproceedings{zhao2023DyHSL,
  title={Dynamic hypergraph structure learning for traffic flow forecasting},
  author={Zhao, Yusheng and Luo, Xiao and Ju, Wei and Chen, Chong and Hua, Xian-Sheng and Zhang, Ming},
  booktitle={2023 IEEE 39th International Conference on Data Engineering (ICDE)},
  pages={2303--2316},
  year={2023},
  organization={IEEE}
}

@inproceedings{jiang2023pdformer,
  title={Pdformer: Propagation delay-aware dynamic long-range transformer for traffic flow prediction},
  author={Jiang, Jiawei and Han, Chengkai and Zhao, Wayne Xin and Wang, Jingyuan},
  booktitle={Proceedings of the AAAI conference on artificial intelligence},
  number={4},
  pages={4365--4373},
  year={2023}
}

@inproceedings{long2024STDDE,
  title={Unveiling Delay Effects in Traffic Forecasting: A Perspective from Spatial-Temporal Delay Differential Equations},
  author={Long, Qingqing and Fang, Zheng and Fang, Chen and Chen, Chong and Wang, Pengfei and Zhou, Yuanchun},
  booktitle={Proceedings of the ACM on Web Conference 2024},
  pages={1035--1044},
  year={2024}
}

@inproceedings{ji2022stden,
  title={STDEN: Towards physics-guided neural networks for traffic flow prediction},
  author={Ji, Jiahao and Wang, Jingyuan and Jiang, Zhe and Jiang, Jiawei and Zhang, Hu},
  booktitle={Proceedings of the AAAI Conference on Artificial Intelligence},
  number={4},
  pages={4048--4056},
  year={2022}
}

@article{li2023dynamic,
  title={Dynamic graph convolutional recurrent network for traffic prediction: Benchmark and solution},
  author={Li, Fuxian and Feng, Jie and Yan, Huan and Jin, Guangyin and Yang, Fan and Sun, Funing and Jin, Depeng and Li, Yong},
  journal={ACM Transactions on Knowledge Discovery from Data},
  volume={17},
  number={1},
  pages={1--21},
  year={2023},
  publisher={ACM New York, NY}
}

@article{li2024flashst,
  title={FlashST: A Simple and Universal Prompt-Tuning Framework for Traffic Prediction},
  author={Li, Zhonghang and Xia, Lianghao and Xu, Yong and Huang, Chao},
  journal={arXiv preprint arXiv:2405.17898},
  year={2024}
}

@article{dai2023dynamic,
  title={Dynamic multi-view graph neural networks for citywide traffic inference},
  author={Dai, Shaojie and Wang, Jinshuai and Huang, Chao and Yu, Yanwei and Dong, Junyu},
  journal={ACM Transactions on Knowledge Discovery from Data},
  volume={17},
  number={4},
  pages={1--22},
  year={2023},
  publisher={ACM New York, NY}
}

@article{yu2019citywide,
  title={Citywide traffic volume inference with surveillance camera records},
  author={Yu, Yanwei and Tang, Xianfeng and Yao, Huaxiu and Yi, Xiuwen and Li, Zhenhui},
  journal={IEEE Transactions on Big Data},
  volume={7},
  number={6},
  pages={900--912},
  year={2019},
  publisher={IEEE}
}

@inproceedings{dai2021temporal,
  title={Temporal multi-view graph convolutional networks for citywide traffic volume inference},
  author={Dai, Shaojie and Wang, Jinshuai and Huang, Chao and Yu, Yanwei and Dong, Junyu},
  booktitle={2021 IEEE International Conference on Data Mining (ICDM)},
  pages={1042--1047},
  year={2021},
  organization={IEEE}
}

@inproceedings{wang2024towards,
  title={Towards Dynamic Spatial-Temporal Graph Learning: A Decoupled Perspective},
  author={Wang, Binwu and Wang, Pengkun and Zhang, Yudong and Wang, Xu and Zhou, Zhengyang and Bai, Lei and Wang, Yang},
  booktitle={Proceedings of the AAAI Conference on Artificial Intelligence},
  number={8},
  pages={9089--9097},
  year={2024}
}

@article{deng2022multi,
  title={A multi-view multi-task learning framework for multi-variate time series forecasting},
  author={Deng, Jinliang and Chen, Xiusi and Jiang, Renhe and Song, Xuan and Tsang, Ivor W},
  journal={IEEE Transactions on Knowledge and Data Engineering},
  volume={35},
  number={8},
  pages={7665--7680},
  year={2022},
  publisher={IEEE}
}

@article{deng2024disentangling,
  title={Disentangling Structured Components: Towards Adaptive, Interpretable and Scalable Time Series Forecasting},
  author={Deng, Jinliang and Chen, Xiusi and Jiang, Renhe and Yin, Du and Yang, Yi and Song, Xuan and Tsang, Ivor W},
  journal={IEEE Transactions on Knowledge and Data Engineering},
  year={2024},
  publisher={IEEE}
}

@inproceedings{deng2024parsimony,
  title={Parsimony or Capability? Decomposition Delivers Both in Long-term Time Series Forecasting},
  author={Deng, Jinliang and Ye, Feiyang and Yin, Du and Song, Xuan and Tsang, Ivor and Xiong, Hui},
  booktitle={The Thirty-eighth Annual Conference on Neural Information Processing Systems},
  year={2024}
}

@inproceedings{chen2018price,
  title={Price-and-time-aware dynamic ridesharing},
  author={Chen, Lu and Zhong, Qilu and Xiao, Xiaokui and Gao, Yunjun and Jin, Pengfei and Jensen, Christian S},
  booktitle={2018 IEEE 34th international conference on data engineering (ICDE)},
  pages={1061--1072},
  year={2018},
  organization={IEEE}
}