@String{cgforum = "Computer Graphics Forum"}
@String{tog = "ACM TOG"}


% Publishers % ================================================= |

 @String{Academic = "Academic Press" }
 @String{ACMPress = "{ACM} Press" }
 @String{AdamHilger = "Adam Hilger" }
 @String{AddisonWesley = "Addison-Wesley" }
 @String{AllynBacon = "Allyn and Bacon" }
 @String{AMS = "American Mathematical Society" }
 @String{Birkhauser = "Birkha{\"u}ser" }
 @String{CambridgePress = "Cambridge University Press" }
 @String{Chelsea = "Chelsea" }
 @String{ClaredonPress = "Claredon Press" }
 @String{DoverPub = "Dover Publications" }
 @String{Eyolles = "Eyolles" }
 @String{HoltRinehartWinston = "Holt, Rinehart and Winston" }
 @String{Interscience = "Interscience" }
 @String{JohnsHopkinsPress = "The Johns Hopkins University Press" }
 @String{JohnWileySons = "John Wiley and Sons" }
 @String{Macmillan = "Macmillan" }
 @String{MathWorks = "The Math Works Inc." }
 @String{McGrawHill = "McGraw-Hill" }
 @String{NatBurStd = "National Bureau of Standards" }
 @String{NorthHolland = "North-Holland" }
 @String{OxfordPress = "Oxford University Press" }  %address Oxford or London?
 @String{PergamonPress = "Pergamon Press" }
 @String{PlenumPress = "Plenum Press" }
 @String{PrenticeHall = "Prentice-Hall" }
 @String{SIAMPub = "{SIAM} Publications" }
 @String{Springer = "Springer-Verlag" }
 @String{TexasPress = "University of Texas Press" }
 @String{VanNostrand = "Van Nostrand" }
 @String{WHFreeman = "W. H. Freeman and Co." }



% Neural Style Transfer ----------------------

@article{jing2019neural,
  title={Neural style transfer: A review},
  author={Jing, Yongcheng and Yang, Yezhou and Feng, Zunlei and Ye, Jingwen and Yu, Yizhou and Song, Mingli},
  journal={IEEE transactions on visualization and computer graphics},
  year={2019},
  publisher={IEEE}
}

@article{gatys2015neural,
  title={A neural algorithm of artistic style},
  author={Gatys, Leon A and Ecker, Alexander S and Bethge, Matthias},
  journal={arXiv preprint arXiv:1508.06576},
  year={2015}
}

@inproceedings{gatys2016image,
  title={Image style transfer using convolutional neural networks},
  author={Gatys, Leon A and Ecker, Alexander S and Bethge, Matthias},
  booktitle={Proceedings of the IEEE conference on computer vision and pattern recognition},
  pages={2414--2423},
  year={2016}
}

@article{simonyan2015deep,
  title={Very deep convolutional networks for large-scale image recognition},
  author={Simonyan, Karen and Zisserman, Andrew},
  journal={arXiv preprint arXiv:1409.1556},
  year={2014}
}

@inproceedings{gatys2017controlling,
  title={Controlling perceptual factors in neural style transfer},
  author={Gatys, Leon A and Ecker, Alexander S and Bethge, Matthias and Hertzmann, Aaron and Shechtman, Eli},
  booktitle={Proceedings of the IEEE Conference on Computer Vision and Pattern Recognition},
  pages={3985--3993},
  year={2017}
}

@InProceedings{li2016combining,
author = {Li, Chuan and Wand, Michael},
title = {Combining Markov Random Fields and Convolutional Neural Networks for Image Synthesis},
booktitle = {Proceedings of the IEEE Conference on Computer Vision and Pattern Recognition (CVPR)},
month = {June},
year = {2016}
}


@inproceedings{Li2017demistifying,
    author = {Li, Yanghao and Wang, Naiyan and Liu, Jiaying and Hou, Xiaodi},
    title = {Demystifying Neural Style Transfer},
    year = {2017},
    isbn = {9780999241103},
    publisher = {AAAI Press},
    booktitle = {Proceedings of the 26th International Joint Conference on Artificial Intelligence},
    pages = {2230–2236},
    numpages = {7},
    location = {Melbourne, Australia},
    series = {IJCAI'17}
}


@article{Risser2017stable,
   author = {Eric Risser and Pierre Wilmot and Connelly Barnes},
   isbn = {1701.08893v2},
   keywords = {neural networks Concepts: •Computing methodologies → Image manipulation; Computational photography;,style transfer,texture synthesis},
   month = {1},
   title = {Stable and Controllable Neural Texture Synthesis and Style Transfer Using Histogram Losses},
   url = {https://arxiv.org/abs/1701.08893v2},
   journal={arXiv preprint arXiv:1701.08893},
   year = {2017},
}

@inproceedings{Li2017laplacian,
   author = {Shaohua Li and Xinxing Xu and Liqiang Nie and Tat-Seng Chua},
   doi = {10.1145/3123266.3123425},
   isbn = {9781450349062},
   keywords = {Convolutional Neural Networks,Image Lapla-cian,Neural Style Transfer},
   title = {Laplacian-Steered Neural Style Transfer},
   url = {https://doi.org/10.1145/3123266.3123425},
   booktitle={Proceedings of the 25th ACM international conference on Multimedia},
  pages={1716--1724},
   year = {2017},
}

@inproceedings{Luan2017deep,
   author = {Fujun Luan and Sylvain Paris and Eli Shechtman and Kavita Bala},
   journal = {Proceedings of the IEEE Conference on Computer Vision and Pattern Recognition (CVPR)},
   booktitle={Proceedings of the IEEE conference on computer vision and pattern recognition},
   month = {3},
   pages = { 4990-4998},
   title = {Deep Photo Style Transfer},
   url = {http://arxiv.org/abs/1703.07511},
   year = {2017},
}

@article{penhouet2019automated,
   author = {Sebastian Penhouët and Paul Sanzenbacher},
   month = {1},
   title = {Automated Deep Photo Style Transfer},
   url = {http://arxiv.org/abs/1901.03915},
   journal={arXiv preprint arXiv:1901.03915},
   year = {2019},
}

@inproceedings{li2016precomputed,
  title={Precomputed real-time texture synthesis with markovian generative adversarial networks},
  author={Li, Chuan and Wand, Michael},
  booktitle={Computer Vision--ECCV 2016: 14th European Conference, Amsterdam, The Netherlands, October 11-14, 2016, Proceedings, Part III 14},
  pages={702--716},
  year={2016},
  organization={Springer}
}



@inproceedings{johnson2016perceptual,
  title={Perceptual losses for real-time style transfer and super-resolution},
  author={Johnson, Justin and Alahi, Alexandre and Fei-Fei, Li},
  booktitle={European conference on computer vision},
  pages={694--711},
  year={2016},
  organization={Springer}
}

@inproceedings{ulyanov2016texture,
  title={Texture networks: Feed-forward synthesis of textures and stylized images.},
  author={Ulyanov, Dmitry and Lebedev, Vadim and Vedaldi, Andrea and Lempitsky, Victor S},
  booktitle={ICML},
  volume={1},
  pages={4},
  year={2016}
}



@inproceedings{ulyanov2017improved,
  title={Improved texture networks: Maximizing quality and diversity in feed-forward stylization and texture synthesis},
  author={Ulyanov, Dmitry and Vedaldi, Andrea and Lempitsky, Victor},
  booktitle={Proceedings of the IEEE Conference on Computer Vision and Pattern Recognition},
  pages={6924--6932},
  year={2017}
}

@inproceedings{dumoulin2017learned,
    title={A Learned Representation For Artistic Style},
    author={Vincent Dumoulin and Jonathon Shlens and Manjunath Kudlur},
    booktitle={International Conference on Learning Representations},
    year={2017},
    url={https://openreview.net/forum?id=BJO-BuT1g}
}

@inproceedings{chen2017stylebank,
  title={Stylebank: An explicit representation for neural image style transfer},
  author={Chen, Dongdong and Yuan, Lu and Liao, Jing and Yu, Nenghai and Hua, Gang},
  booktitle={Proceedings of the IEEE conference on computer vision and pattern recognition},
  pages={1897--1906},
  year={2017}
}

@inproceedings{huang2017arbitrary,
  title={Arbitrary style transfer in real-time with adaptive instance normalization},
  author={Huang, Xun and Belongie, Serge},
  booktitle={Proceedings of the IEEE International Conference on Computer Vision},
  pages={1501--1510},
  year={2017}
}

@article{chen2016fast,
  title={Fast patch-based style transfer of arbitrary style},
  author={Chen, Tian Qi and Schmidt, Mark},
  journal={arXiv preprint arXiv:1612.04337},
  year={2016}
}

@inproceedings{gu2018arbitrary,
  title={Arbitrary style transfer with deep feature reshuffle},
  author={Gu, Shuyang and Chen, Congliang and Liao, Jing and Yuan, Lu},
  booktitle={Proceedings of the IEEE Conference on Computer Vision and Pattern Recognition},
  pages={8222--8231},
  year={2018}
}

@article{ghiasi2017exploring,
  title={Exploring the structure of a real-time, arbitrary neural artistic stylization network},
  author={Ghiasi, Golnaz and Lee, Honglak and Kudlur, Manjunath and Dumoulin, Vincent and Shlens, Jonathon},
  journal={arXiv preprint arXiv:1705.06830},
  year={2017}
}

@misc{tate_2021,
    url={https://www.tate.org.uk/art/art-terms/c/cubism},
    journal={Tate},
    year={2021}
}

%-----------------Depth-aware NST-------------------------------------------
@inproceedings{liu2017depth,
  title={Depth-aware neural style transfer},
  author={Liu, Xiao-Chang and Cheng, Ming-Ming and Lai, Yu-Kun and Rosin, Paul L},
  booktitle={Proceedings of the Symposium on Non-Photorealistic Animation and Rendering},
  pages={1--10},
  year={2017}
}

@article{chen2016single,
  title={Single-image depth perception in the wild},
  author={Chen, Weifeng and Fu, Zhao and Yang, Dawei and Deng, Jia},
  journal={arXiv preprint arXiv:1604.03901},
  year={2016}
}

@article{cheng2019structure,
  title={Structure-preserving neural style transfer},
  author={Cheng, Ming-Ming and Liu, Xiao-Chang and Wang, Jie and Lu, Shao-Ping and Lai, Yu-Kun and Rosin, Paul L},
  journal={IEEE Transactions on Image Processing},
  volume={29},
  pages={909--920},
  year={2019},
  publisher={IEEE}
}

@article{kitov2019depth,
  title={Depth-Aware Arbitrary Style Transfer Using Instance Normalization},
  author={Kitov, Victor and Kozlovtsev, Konstantin and Mishustina, Margarita},
  journal={arXiv preprint arXiv:1906.01123},
  year={2019}
}

@inproceedings{ioannou2022depth,
  title={Depth-aware neural style transfer using instance normalization},
  author={Ioannou, Eleftherios and Maddock, Steve},
  booktitle={Computer Graphics \& Visual Computing (CGVC) 2022},
  year={2022},
  organization={Eurographics Digital Library}
}

@inproceedings{kotovenko2019content,
  title={Content and style disentanglement for artistic style transfer},
  author={Kotovenko, Dmytro and Sanakoyeu, Artsiom and Lang, Sabine and Ommer, Bjorn},
  booktitle={Proceedings of the IEEE/CVF international conference on computer vision},
  pages={4422--4431},
  year={2019}
}

@article{ulyanov2016instance,
  title={Instance normalization: The missing ingredient for fast stylization},
  author={Ulyanov, Dmitry and Vedaldi, Andrea and Lempitsky, Victor},
  journal={arXiv preprint arXiv:1607.08022},
  year={2016}
}


@article{Ranftl2020,
	author    = {Ren\'{e} Ranftl and Katrin Lasinger and David Hafner and Konrad Schindler and Vladlen Koltun},
	title     = {Towards Robust Monocular Depth Estimation: Mixing Datasets for Zero-shot Cross-dataset Transfer},
	journal   = {IEEE Transactions on Pattern Analysis and Machine Intelligence (TPAMI)},
	year      = {2020},
}

@article{Ranftl2021,
	author    = {Ren\'{e} Ranftl and Alexey Bochkovskiy and Vladlen Koltun},
	title     = {Vision Transformers for Dense Prediction},
	journal   = {ArXiv preprint},
	year      = {2021},
}


@inproceedings{sanakoyeu2018style,
  title={A style-aware content loss for real-time hd style transfer},
  author={Sanakoyeu, Artsiom and Kotovenko, Dmytro and Lang, Sabine and Ommer, Bjorn},
  booktitle={Proceedings of the European Conference on Computer Vision (ECCV)},
  pages={698--714},
  year={2018}
}

@inproceedings{hu2020aesthetic,
  title={Aesthetic-Aware Image Style Transfer},
  author={Hu, Zhiyuan and Jia, Jia and Liu, Bei and Bu, Yaohua and Fu, Jianlong},
  booktitle={Proceedings of the 28th ACM International Conference on Multimedia},
  pages={3320--3329},
  year={2020}
}

@inproceedings{zhang2018multi,
  title={Multi-style generative network for real-time transfer},
  author={Zhang, Hang and Dana, Kristin},
  booktitle={Proceedings of the European Conference on Computer Vision (ECCV) Workshops},
  pages="349--365",
  year={2018}
}
@inproceedings{li2017diversified,
  title={Diversified texture synthesis with feed-forward networks},
  author={Li, Yijun and Fang, Chen and Yang, Jimei and Wang, Zhaowen and Lu, Xin and Yang, Ming-Hsuan},
  booktitle={Proceedings of the IEEE conference on computer vision and pattern recognition},
  pages={3920--3928},
  year={2017}
}

@inproceedings{zoran2015learning,
  title={Learning ordinal relationships for mid-level vision},
  author={Zoran, Daniel and Isola, Phillip and Krishnan, Dilip and Freeman, William T},
  booktitle={Proceedings of the IEEE International Conference on Computer Vision},
  pages={388--396},
  year={2015}
}

% videos

@InProceedings{ruder2016artistic,
author="Ruder, Manuel
    and Dosovitskiy, Alexey
    and Brox, Thomas",
    editor="Rosenhahn, Bodo
    and Andres, Bjoern",
    title="Artistic Style Transfer for Videos",
    booktitle="Pattern Recognition",
    year="2016",
    publisher="Springer International Publishing",
    address="Cham",
    pages="26--36",
    isbn="978-3-319-45886-1"
}

@article{ruder2018artistic,
  author    = {Manuel Ruder and
               Alexey Dosovitskiy and
               Thomas Brox},
  title     = {Artistic style transfer for videos and spherical images},
  journal   = {CoRR},
  year      = {2017},
  url       = {http://arxiv.org/abs/1708.04538},
  eprinttype = {arXiv},
  eprint    = {1708.04538},
  timestamp = {Mon, 13 Aug 2018 16:47:17 +0200},
  biburl    = {https://dblp.org/rec/journals/corr/abs-1708-04538.bib},
  bibsource = {dblp computer science bibliography, https://dblp.org}
}

@inproceedings{huang2017real,
  title={Real-time neural style transfer for videos},
  author={Huang, Haozhi and Wang, Hao and Luo, Wenhan and Ma, Lin and Jiang, Wenhao and Zhu, Xiaolong and Li, Zhifeng and Liu, Wei},
  booktitle={Proceedings of the IEEE Conference on Computer Vision and Pattern Recognition},
  pages={783--791},
  year={2017}
}

@inproceedings{gao2018reconet,
  title={{ReCoNet}: Real-time coherent video style transfer network},
  author={Gao, Chang and Gu, Derun and Zhang, Fangjun and Yu, Yizhou},
  booktitle={Computer Vision--ACCV 2018: 14th Asian Conference on Computer Vision, Perth, Australia, December 2--6, 2018, Revised Selected Papers, Part VI 14},
  pages={637--653},
  year={2019},
  organization={Springer}
}

@article{Yeh2018quantitative,
  title={Quantitative evaluation of style transfer},
  author={Yeh, Mao-Chuang and Tang, Shuai and Bhattad, Anand and Forsyth, David A},
  journal={arXiv preprint arXiv:1804.00118},
  year={2018}
}
 
@article{Zhang2021Comprehensive,
  title={A Comprehensive Survey on Computational Aesthetic Evaluation of Visual Art Images: Metrics and Challenges},
  author={Zhang, Jiajing and Miao, Yongwei and Yu, Jinhui},
  journal={IEEE Access},
  year={2021},
  publisher={IEEE}
}

@inproceedings{gao2020fast,
  title={Fast video multi-style transfer},
  author={Gao, Wei and Li, Yijun and Yin, Yihang and Yang, Ming-Hsuan},
  booktitle={Proceedings of the IEEE/CVF winter conference on applications of computer vision},
  pages={3222--3230},
  year={2020}
}

@article{ioannou2023depth,
  title={Depth-Aware Neural Style Transfer for Videos},
  author={Ioannou, Eleftherios and Maddock, Steve},
  journal={Computers},
  volume={12},
  number={4},
  pages={69},
  year={2023},
  publisher={MDPI}
}

@inproceedings{li2019learning,
  title={Learning linear transformations for fast image and video style transfer},
  author={Li, Xueting and Liu, Sifei and Kautz, Jan and Yang, Ming-Hsuan},
  booktitle={Proceedings of the IEEE/CVF Conference on Computer Vision and Pattern Recognition},
  pages={3809--3817},
  year={2019}
}

@inproceedings{liu2021adaattn,
  title={Adaattn: Revisit attention mechanism in arbitrary neural style transfer},
  author={Liu, Songhua and Lin, Tianwei and He, Dongliang and Li, Fu and Wang, Meiling and Li, Xin and Sun, Zhengxing and Li, Qian and Ding, Errui},
  booktitle={Proceedings of the IEEE/CVF international conference on computer vision},
  pages={6649--6658},
  year={2021}
}

@article{wang2020consistent,
  title={Consistent video style transfer via relaxation and regularization},
  author={Wang, Wenjing and Yang, Shuai and Xu, Jizheng and Liu, Jiaying},
  journal={IEEE Transactions on Image Processing},
  volume={29},
  pages={9125--9139},
  year={2020},
  publisher={IEEE}
}



@article{deng2021arbitrary, 
    title={Arbitrary Video Style Transfer via Multi-Channel Correlation},
    volume={35}, 
    url={https://ojs.aaai.org/index.php/AAAI/article/view/16208}, 
    DOI={10.1609/aaai.v35i2.16208}, 
    number={2}, 
    journal={Proceedings of the AAAI Conference on Artificial Intelligence}, 
    author={Deng, Yingying and Tang, Fan and Dong, Weiming and Huang, Haibin and Ma, Chongyang and Xu, Changsheng}, 
    year={2021}, 
    month={5}, 
    pages={1210-1217} 
}


@inproceedings{lu2022universal,
  title={Universal video style transfer via crystallization, separation, and blending},
  author={Lu, Haofei and Wang, Zhizhong},
  booktitle={Proc. Int. Joint Conf. on Artif. Intell.(IJCAI)},
  volume={36},
  pages={4957--4965},
  year={2022}
}

@inproceedings{wu2022ccpl,
  title={{CCPL}: Contrastive Coherence Preserving Loss for Versatile Style Transfer},
  author={Wu, Zijie and Zhu, Zhen and Du, Junping and Bai, Xiang},
  booktitle={Computer Vision--ECCV 2022: 17th European Conference, Tel Aviv, Israel, October 23--27, 2022, Proceedings, Part XVI},
  pages={189--206},
  year={2022},
  organization={Springer}
}

@inproceedings{xia2021real,
  title={Real-time localized photorealistic video style transfer},
  author={Xia, Xide and Xue, Tianfan and Lai, Wei-sheng and Sun, Zheng and Chang, Abby and Kulis, Brian and Chen, Jiawen},
  booktitle={Proceedings of the IEEE/CVF Winter Conference on Applications of Computer Vision},
  pages={1089--1098},
  year={2021}
}

@article{li2017universal,
  title={Universal style transfer via feature transforms},
  author={Li, Yijun and Fang, Chen and Yang, Jimei and Wang, Zhaowen and Lu, Xin and Yang, Ming-Hsuan},
  journal={Advances in neural information processing systems},
  volume={30},
  year={2017}
}

@inproceedings{shen2018neural,
  title={Neural style transfer via meta networks},
  author={Shen, Falong and Yan, Shuicheng and Zeng, Gang},
  booktitle={Proceedings of the IEEE Conference on Computer Vision and Pattern Recognition},
  pages={8061--8069},
  year={2018}
}

@article{xu2018learning,
  title={Learning from multi-domain artistic images for arbitrary style transfer},
  author={Xu, Zheng and Wilber, Michael and Fang, Chen and Hertzmann, Aaron and Jin, Hailin},
  journal={arXiv preprint arXiv:1805.09987},
  year={2018}
}

@inproceedings{li2018closed,
  title={A closed-form solution to photorealistic image stylization},
  author={Li, Yijun and Liu, Ming-Yu and Li, Xueting and Yang, Ming-Hsuan and Kautz, Jan},
  booktitle={Proceedings of the European conference on computer vision (ECCV)},
  pages={453--468},
  year={2018}
}

@inproceedings{yoo2019photorealistic,
  title={Photorealistic style transfer via wavelet transforms},
  author={Yoo, Jaejun and Uh, Youngjung and Chun, Sanghyuk and Kang, Byeongkyu and Ha, Jung-Woo},
  booktitle={Proceedings of the IEEE/CVF International Conference on Computer Vision},
  pages={9036--9045},
  year={2019}
}


@article{an2020ultrafast, 
    title={Ultrafast Photorealistic Style Transfer via Neural Architecture Search}, 
    volume={34},
    url={https://ojs.aaai.org/index.php/AAAI/article/view/6614}, 
    DOI={10.1609/aaai.v34i07.6614}, 
    number={07}, 
    journal={Proceedings of the AAAI Conference on Artificial Intelligence}, author={An, Jie and Xiong, Haoyi and Huan, Jun and Luo, Jiebo}, 
    year={2020}, 
    month={Apr.}, 
    pages={10443-10450}
}

@inproceedings{svoboda2020two,
  title={Two-stage peer-regularized feature recombination for arbitrary image style transfer},
  author={Svoboda, Jan and Anoosheh, Asha and Osendorfer, Christian and Masci, Jonathan},
  booktitle={Proceedings of the IEEE/CVF Conference on Computer Vision and Pattern Recognition},
  pages={13816--13825},
  year={2020}
}

@inproceedings{an2021artflow,
  title={Artflow: Unbiased image style transfer via reversible neural flows},
  author={An, Jie and Huang, Siyu and Song, Yibing and Dou, Dejing and Liu, Wei and Luo, Jiebo},
  booktitle={Proceedings of the IEEE/CVF Conference on Computer Vision and Pattern Recognition},
  pages={862--871},
  year={2021}
}

@inproceedings{deng2022stytr2,
  title={Stytr2: Image style transfer with transformers},
  author={Deng, Yingying and Tang, Fan and Dong, Weiming and Ma, Chongyang and Pan, Xingjia and Wang, Lei and Xu, Changsheng},
  booktitle={Proceedings of the IEEE/CVF Conference on Computer Vision and Pattern Recognition},
  pages={11326--11336},
  year={2022}
}

@inproceedings{park2019arbitrary,
  title={Arbitrary style transfer with style-attentional networks},
  author={Park, Dae Young and Lee, Kwang Hee},
  booktitle={proceedings of the IEEE/CVF conference on computer vision and pattern recognition},
  pages={5880--5888},
  year={2019}
}

@inproceedings{liu2021learning,
  title={Learning to warp for style transfer},
  author={Liu, Xiao-Chang and Yang, Yong-Liang and Hall, Peter},
  booktitle={Proceedings of the IEEE/CVF Conference on Computer Vision and Pattern Recognition},
  pages={3702--3711},
  year={2021}
}

@inproceedings{huo2021manifold,
  title={Manifold alignment for semantically aligned style transfer},
  author={Huo, Jing and Jin, Shiyin and Li, Wenbin and Wu, Jing and Lai, Yu-Kun and Shi, Yinghuan and Gao, Yang},
  booktitle={Proceedings of the IEEE/CVF International Conference on Computer Vision},
  pages={14861--14869},
  year={2021}
}

@article{luo2022consistent,
  title={Consistent style transfer},
  author={Luo, Xuan and Han, Zhen and Yang, Lingkang and Zhang, Lingling},
  journal={arXiv preprint arXiv:2201.02233},
  year={2022}
}

@article{ruta2023neat,
  title={NeAT: Neural Artistic Tracing for Beautiful Style Transfer},
  author={Ruta, Dan and Gilbert, Andrew and Collomosse, John and Shechtman, Eli and Kolkin, Nicholas},
  journal={arXiv preprint arXiv:2304.05139},
  year={2023}
}

@Article{Jamriska19-SIG,
    author    = "Ond\v{r}ej Jamri\v{s}ka and \v{S}\'{a}rka Sochorov\'{a} and Ond\v{r}ej Texler and Michal Luk\'{a}\v{c} and Jakub Fi\v{s}er and Jingwan Lu and Eli Shechtman and Daniel S\'{y}kora",
    title     = "Stylizing Video by Example",
    journal   = "ACM Transactions on Graphics",
    volume    = "38",
    number    = "4",
    articleno = "107",
    year      = "2019",
}

@article{kingma2014adam,
  title={Adam: A method for stochastic optimization},
  author={Kingma, Diederik P and Ba, Jimmy},
  journal={arXiv preprint arXiv:1412.6980},
  year={2014}
}

@article{liu2021structure,
  title={Structure-Guided Arbitrary Style Transfer for Artistic Image and Video},
  author={Liu, Shiguang and Zhu, Ting},
  journal={IEEE Transactions on Multimedia},
  year={2021},
  publisher={IEEE}
}

@article{richter2022enhancing,
  title={Enhancing photorealism enhancement},
  author={Richter, Stephan R and AlHaija, Hassan Abu and Koltun, Vladlen},
  journal={IEEE Transactions on Pattern Analysis and Machine Intelligence},
  volume={45},
  number={2},
  pages={1700--1715},
  year={2022},
  publisher={IEEE}
}

@misc{deliot_guinier_vanhoey_2020,
    title={Real-time style transfer in Unity using deep neural networks},
    url={https://blog.unity.com/engine-platform/real-time-style-transfer-in-unity-using-deep-neural-networks},
    journal={Unity Technologies},
    author={Deliot, Thomas and Guinier, Florent and Vanhoey, Kenneth},
    year={2020}
}

@misc{unity_hdrp,
    title={{High definition Render Pipeline}: 12.1.12}, 
    url={https://docs.unity.cn/Packages/com.unity.render-pipelines.high-definition@12.1/manual/index.html}, 
    journal={High Definition RP | 12.1.12},
    author={Technologies Unity},
    year={2021}
} 

@misc{onnx_2019, 
    title={Open Neural Network Exchange},
    url={https://onnx.ai/}, 
    note = {\url{https://onnx.ai/}},
    journal={ONNX},
    publisher={The Linux Foundation},
    author={ONNX},
    year={2019}
}

@misc{unity_barracuda, 
    title={{Barracuda}: 3.0.1}, 
    url={https://docs.unity3d.com/Packages/com.unity.barracuda@3.0/manual/index.html}, 
    note={\url{https://docs.unity3d.com/Packages/com.unity.barracuda@3.0/manual/index.html}},
    journal={Barracuda | 3.0.1}, 
    publisher={Unity Technologies}, 
    author={Unity Technologies},
    year={2023}
} 

@inproceedings{krahenbuhl2018free,
  title={Free supervision from video games},
  author={Kr{\"a}henb{\"u}hl, Philipp},
  booktitle={Proceedings of the IEEE conference on computer vision and pattern recognition},
  pages={2955--2964},
  year={2018}
}


@inproceedings{Butler2012sintel,
    title = {A naturalistic open source movie for optical flow evaluation},
    author = {Butler, D. J. and Wulff, J. and Stanley, G. B. and Black, M. J.},
    booktitle = {European Conf. on Computer Vision (ECCV)},
    editor = {{A. Fitzgibbon et al. (Eds.)}},
    publisher = {Springer-Verlag},
    series = {Part IV, LNCS 7577},
    month = oct,
    pages = {611--625},
    year = {2012}
}

@inproceedings{lin2014microsoft,
  title={Microsoft {COCO}: Common objects in context},
  author={Lin, Tsung-Yi and Maire, Michael and Belongie, Serge and Hays, James and Perona, Pietro and Ramanan, Deva and Doll{\'a}r, Piotr and Zitnick, C Lawrence},
  booktitle={European conference on computer vision},
  pages={740--755},
  year={2014},
  organization={Springer}
}

@article{marr1980theory,
  title={Theory of edge detection},
  author={Marr, David and Hildreth, Ellen},
  journal={Proceedings of the Royal Society of London. Series B. Biological Sciences},
  volume={207},
  number={1167},
  pages={187--217},
  year={1980},
  publisher={The Royal Society London}
}

@article{winnemoller2012xdog,
  title={{XDoG}: An eXtended difference-of-Gaussians compendium including advanced image stylization},
  author={Winnem{\"o}ller, Holger and Kyprianidis, Jan Eric and Olsen, Sven C},
  journal={Computers \& Graphics},
  volume={36},
  number={6},
  pages={740--753},
  year={2012},
  publisher={Elsevier}
}

@book{palmer1999vision,
  title={Vision science: Photons to phenomenology},
  author={Palmer, Stephen E},
  year={1999},
  publisher={MIT press}
}

@article{canny1986computational,
  title={A computational approach to edge detection},
  author={Canny, John},
  journal={IEEE Transactions on pattern analysis and machine intelligence}, 
  volume={PAMI-8},
  number={6},
  pages={679--698},
  year={1986},
  publisher={Ieee},
  doi={10.1109/TPAMI.1986.4767851}
}

@inproceedings{zhang2018unreasonable,
  title={The unreasonable effectiveness of deep features as a perceptual metric},
  author={Zhang, Richard and Isola, Phillip and Efros, Alexei A and Shechtman, Eli and Wang, Oliver},
  booktitle={Proceedings of the IEEE conference on computer vision and pattern recognition},
  pages={586--595},
  year={2018}
}

@inproceedings{ilg2017flownet,
  title={Flownet 2.0: Evolution of optical flow estimation with deep networks},
  author={Ilg, Eddy and Mayer, Nikolaus and Saikia, Tonmoy and Keuper, Margret and Dosovitskiy, Alexey and Brox, Thomas},
  booktitle={Proceedings of the IEEE conference on computer vision and pattern recognition},
  pages={2462--2470},
  year={2017}
}

@inproceedings{shaham2019singan,
  title={{SinGAN}: Learning a generative model from a single natural image},
  author={Shaham, Tamar Rott and Dekel, Tali and Michaeli, Tomer},
  booktitle={Proceedings of the IEEE/CVF international conference on computer vision},
  pages={4570--4580},
  year={2019}
}

@article{wang2004image,
  title={Image quality assessment: from error visibility to structural similarity},
  author={Wang, Zhou and Bovik, Alan C and Sheikh, Hamid R and Simoncelli, Eero P},
  journal={IEEE transactions on image processing},
  volume={13},
  number={4},
  pages={600--612},
  year={2004},
  publisher={IEEE}
}

@misc{unity2022fontainebleau, 
    title={Fontainebleau Demo}, 
    url={https://github.com/Unity-Technologies/FontainebleauDemo}, 
    note={\url{https://github.com/Unity-Technologies/FontainebleauDemo}},
    journal={GitHub}, 
    author={Unity Technologies},
    year={2022}
} 

@misc{unity2022terrain, 
    title={{Unity Terrain} - {HDRP} demo scene}, 
    url={https://assetstore.unity.com/packages/3d/environments/unity-terrain-hdrp-demo-scene-213198}, 
    note={\url{https://assetstore.unity.com/packages/3d/environments/unity-terrain-hdrp-demo-scene-213198}},
    journal={Unity Asset Store}, 
    author={Unity Technologies}, 
    year={2022}
} 

@misc{polygonautic2020seed, 
    title={Seed Hunter}, 
    url={https://assetstore.unity.com/packages/3d/environments/seed-hunter-143414}, 
    note={\url{https://assetstore.unity.com/packages/3d/environments/seed-hunter-143414}},
    journal={Unity Asset Store}, 
    author={POLYGONAUTIC}, 
    year={2020}
} 

@misc{unity2023book,
    title={Book of the dead: Environment: {HDRP}: Tutorial projects}, 
    url={https://assetstore.unity.com/packages/essentials/tutorial-projects/book-of-the-dead-environment-hdrp-121175}, 
    note={\url{https://assetstore.unity.com/packages/essentials/tutorial-projects/book-of-the-dead-environment-hdrp-121175}},
    journal={Unity Asset Store}, 
    author={Unity Technologies}, 
    year={2023}
} 

@INPROCEEDINGS{Mittermueller2022estgan,
  author={Mittermueller, Martina and Ye, Zhanxiang and Hlavacs, Helmut},
  booktitle={2022 IEEE Conference on Games (CoG)}, 
  title={{EST-GAN}: Enhancing Style Transfer GANs with Intermediate Game Render Passes}, 
  year={2022},
  volume={},
  number={},
  pages={25-32},
  doi={10.1109/CoG51982.2022.9893673}
}

@inproceedings{huang2023quantart,
  title={Quantart: Quantizing image style transfer towards high visual fidelity},
  author={Huang, Siyu and An, Jie and Wei, Donglai and Luo, Jiebo and Pfister, Hanspeter},
  booktitle={Proceedings of the IEEE/CVF Conference on Computer Vision and Pattern Recognition},
  pages={5947--5956},
  year={2023}
}

@inproceedings{xu2023learning,
  title={Learning Dynamic Style Kernels for Artistic Style Transfer},
  author={Xu, Wenju and Long, Chengjiang and Nie, Yongwei},
  booktitle={Proceedings of the IEEE/CVF Conference on Computer Vision and Pattern Recognition},
  pages={10083--10092},
  year={2023}
}


@inproceedings{ioannou2023games,
  title={Neural Style Transfer for Computer Games},
  author={Ioannou, Eleftherios and Maddock, Steve},
  booktitle={British Machine Vision Conference, CVG Workshop},
  year={2023}
}

@inproceedings{ke2023neural,
  title={Neural Preset for Color Style Transfer},
  author={Ke, Zhanghan and Liu, Yuhao and Zhu, Lei and Zhao, Nanxuan and Lau, Rynson WH},
  booktitle={Proceedings of the IEEE/CVF Conference on Computer Vision and Pattern Recognition},
  pages={14173--14182},
  year={2023}
}

@inproceedings{tang2023master,
  title={Master: Meta Style Transformer for Controllable Zero-Shot and Few-Shot Artistic Style Transfer},
  author={Tang, Hao and Liu, Songhua and Lin, Tianwei and Huang, Shaoli and Li, Fu and He, Dongliang and Wang, Xinchao},
  booktitle={Proceedings of the IEEE/CVF Conference on Computer Vision and Pattern Recognition},
  pages={18329--18338},
  year={2023}
}

@inproceedings{hong2023aespa,
  title={{AesPA-Net}: Aesthetic Pattern-Aware Style Transfer Networks},
  author={Hong, Kibeom and Jeon, Seogkyu and Lee, Junsoo and Ahn, Namhyuk and Kim, Kunhee and Lee, Pilhyeon and Kim, Daesik and Uh, Youngjung and Byun, Hyeran},
  booktitle={Proceedings of the IEEE/CVF International Conference on Computer Vision},
  pages={22758--22767},
  year={2023}
}

@article{gu2023two,
  title={Two Birds, One Stone: A Unified Framework for Joint Learning of Image and Video Style Transfers},
  author={Gu, Bohai and Fan, Heng and Zhang, Libo},
  journal={arXiv preprint arXiv:2304.11335},
  year={2023}
}

@inproceedings{zhu2023all,
  title={All-to-key attention for arbitrary style transfer},
  author={Zhu, Mingrui and He, Xiao and Wang, Nannan and Wang, Xiaoyu and Gao, Xinbo},
  booktitle={Proceedings of the IEEE/CVF International Conference on Computer Vision},
  pages={23109--23119},
  year={2023}
}

@inproceedings{ma2023rast,
  title={{RAST}: Restorable arbitrary style transfer via multi-restoration},
  author={Ma, Yingnan and Zhao, Chenqiu and Li, Xudong and Basu, Anup},
  booktitle={Proceedings of the IEEE/CVF Winter Conference on Applications of Computer Vision},
  pages={331--340},
  year={2023}
}

@inproceedings{li2023frequency,
    author = {Li, Dongyang and Luo, Hao and Wang, Pichao and Wang, Zhibin and Liu, Shang and Wang, Fan},
    title = {Frequency Domain Disentanglement for Arbitrary Neural Style Transfer},
    year = {2023},
    isbn = {978-1-57735-880-0},
    publisher = {AAAI Press},
    url = {https://doi.org/10.1609/aaai.v37i1.25212},
    doi = {10.1609/aaai.v37i1.25212},
    booktitle = {Proceedings of the Thirty-Seventh AAAI Conference on Artificial Intelligence and Thirty-Fifth Conference on Innovative Applications of Artificial Intelligence and Thirteenth Symposium on Educational Advances in Artificial Intelligence},
    articleno = {143},
    numpages = {9},
    series = {AAAI'23/IAAI'23/EAAI'23}
}


@article{zhang2023unified,
  title={A Unified Arbitrary Style Transfer Framework via Adaptive Contrastive Learning},
  author={Zhang, Yuxin and Tang, Fan and Dong, Weiming and Huang, Haibin and Ma, Chongyang and Lee, Tong-Yee and Xu, Changsheng},
  journal={ACM Transactions on Graphics},
  year={2023},
  publisher={ACM New York, NY}
}

@article{wang2021evaluate,
  title={Evaluate and improve the quality of neural style transfer},
  author={Wang, Zhizhong and Zhao, Lei and Chen, Haibo and Zuo, Zhiwen and Li, Ailin and Xing, Wei and Lu, Dongming},
  journal={Computer Vision and Image Understanding},
  volume={207},
  pages={103203},
  year={2021},
  publisher={Elsevier}
}

@inproceedings{ignatov2017dslr,
  title={Dslr-quality photos on mobile devices with deep convolutional networks},
  author={Ignatov, Andrey and Kobyshev, Nikolay and Timofte, Radu and Vanhoey, Kenneth and Van Gool, Luc},
  booktitle={Proceedings of the IEEE international conference on computer vision},
  pages={3277--3285},
  year={2017}
}

@article{chen2023collaborative,
  title={Collaborative Learning and Style-Adaptive Pooling Network for Perceptual Evaluation of Arbitrary Style Transfer},
  author={Chen, Hangwei and Shao, Feng and Chai, Xiongli and Jiang, Qiuping and Meng, Xiangchao and Ho, Yo-Sung},
  journal={IEEE Transactions on Neural Networks and Learning Systems},
  year={2023},
  publisher={IEEE}
}

@inproceedings{richter2016playing,
  title={Playing for data: Ground truth from computer games},
  author={Richter, Stephan R and Vineet, Vibhav and Roth, Stefan and Koltun, Vladlen},
  booktitle={Computer Vision--ECCV 2016: 14th European Conference, Amsterdam, The Netherlands, October 11-14, 2016, Proceedings, Part II 14},
  pages={102--118},
  year={2016},
  organization={Springer}
}

@inproceedings{cordts2016cityscapes,
  title={The cityscapes dataset for semantic urban scene understanding},
  author={Cordts, Marius and Omran, Mohamed and Ramos, Sebastian and Rehfeld, Timo and Enzweiler, Markus and Benenson, Rodrigo and Franke, Uwe and Roth, Stefan and Schiele, Bernt},
  booktitle={Proceedings of the IEEE conference on computer vision and pattern recognition},
  pages={3213--3223},
  year={2016}
}

@misc{unity_perception2022,
    title={Unity {P}erception Package},
    author={{Unity Technologies}},
    url={\url{https://github.com/Unity-Technologies/com.unity.perception}},
    note = {\url{https://github.com/Unity-Technologies/com.unity.perception}},
    year={2020}
}

@article{kanopoulos1988design,
  title={Design of an image edge detection filter using the Sobel operator},
  author={Kanopoulos, Nick and Vasanthavada, Nagesh and Baker, Robert L},
  journal={IEEE Journal of solid-state circuits},
  volume={23},
  number={2},
  pages={358--367},
  year={1988},
  publisher={IEEE}
}

@inproceedings{yin20213dstylenet,
  title={3dstylenet: Creating 3d shapes with geometric and texture style variations},
  author={Yin, Kangxue and Gao, Jun and Shugrina, Maria and Khamis, Sameh and Fidler, Sanja},
  booktitle={Proceedings of the IEEE/CVF International Conference on Computer Vision},
  pages={12456--12465},
  year={2021}
}

@inproceedings{liu2023stylerf,
  title={StyleRF: Zero-shot 3D Style Transfer of Neural Radiance Fields},
  author={Liu, Kunhao and Zhan, Fangneng and Chen, Yiwen and Zhang, Jiahui and Yu, Yingchen and El Saddik, Abdulmotaleb and Lu, Shijian and Xing, Eric P},
  booktitle={Proceedings of the IEEE/CVF Conference on Computer Vision and Pattern Recognition},
  pages={8338--8348},
  year={2023}
}

@inproceedings{zhang2022arf,
  title={Arf: Artistic radiance fields},
  author={Zhang, Kai and Kolkin, Nick and Bi, Sai and Luan, Fujun and Xu, Zexiang and Shechtman, Eli and Snavely, Noah},
  booktitle={European Conference on Computer Vision},
  pages={717--733},
  year={2022},
  organization={Springer}
}

@inproceedings{xu2023desrf,
  title={DeSRF: Deformable Stylized Radiance Field},
  author={Xu, Shiyao and Li, Lingzhi and Shen, Li and Lian, Zhouhui},
  booktitle={Proceedings of the IEEE/CVF Conference on Computer Vision and Pattern Recognition},
  pages={709--718},
  year={2023}
}

@inproceedings{sheng2018avatar,
  title={Avatar-net: Multi-scale zero-shot style transfer by feature decoration},
  author={Sheng, Lu and Lin, Ziyi and Shao, Jing and Wang, Xiaogang},
  booktitle={Proceedings of the IEEE conference on computer vision and pattern recognition},
  pages={8242--8250},
  year={2018}
}

@article{vaswani2017attention,
  title={Attention is all you need},
  author={Vaswani, Ashish and Shazeer, Noam and Parmar, Niki and Uszkoreit, Jakob and Jones, Llion and Gomez, Aidan N and Kaiser, {\L}ukasz and Polosukhin, Illia},
  journal={Advances in neural information processing systems},
  volume={30},
  year={2017}
}

@article{dosovitskiy2020image,
  title={An image is worth 16x16 words: Transformers for image recognition at scale},
  author={Dosovitskiy, Alexey and Beyer, Lucas and Kolesnikov, Alexander and Weissenborn, Dirk and Zhai, Xiaohua and Unterthiner, Thomas and Dehghani, Mostafa and Minderer, Matthias and Heigold, Georg and Gelly, Sylvain and others},
  journal={arXiv preprint arXiv:2010.11929},
  year={2020}
}

@article{chen2021artistic,
  title={Artistic style transfer with internal-external learning and contrastive learning},
  author={Chen, Haibo and Wang, Zhizhong and Zhang, Huiming and Zuo, Zhiwen and Li, Ailin and Xing, Wei and Lu, Dongming and others},
  journal={Advances in Neural Information Processing Systems},
  volume={34},
  pages={26561--26573},
  year={2021}
}

@article{hinton2015distilling,
  title={Distilling the knowledge in a neural network},
  author={Hinton, Geoffrey and Vinyals, Oriol and Dean, Jeff},
  journal={arXiv preprint arXiv:1503.02531},
  year={2015}
}

@ARTICLE{ioannou2024towards,
  author={Ioannou, Eleftherios and Maddock, Steve},
  journal={IEEE Transactions on Games}, 
  title={Towards Real-time G-buffer-Guided Style Transfer in Computer Games}, 
  year={2024},
  volume={},
  number={},
  pages={1-9},
  doi={10.1109/TG.2024.3372829}
}

@article{ma2024rast,
  title={RAST: Restorable Arbitrary Style Transfer},
  author={Ma, Yingnan and Zhao, Chenqiu and Huang, Bingran and Li, Xudong and Basu, Anup},
  journal={ACM Transactions on Multimedia Computing, Communications and Applications},
  volume={20},
  number={5},
  pages={1--21},
  year={2024},
  publisher={ACM New York, NY}
}

@article{Andersson2020,
  author    = {Pontus Andersson and
               Jim Nilsson and
               Tomas Akenine{-}M{\"{o}}ller and
               Magnus Oskarsson and
               Kalle {\AA}str{\"{o}}m and
               Mark D. Fairchild},
  title     = "{{\FLIP:} {A} Difference Evaluator for Alternating Images}",
  journal   = {Proceedings of the ACM on Computer Graphics and Interactive Techniques},
  volume    = {3},
  number    = {2},
  pages     = {15:1--15:23},
  year      = {2020},
  doi={10.1145/3406183}
}

@article{yang2024depth,
  title={Depth anything: Unleashing the power of large-scale unlabeled data},
  author={Yang, Lihe and Kang, Bingyi and Huang, Zilong and Xu, Xiaogang and Feng, Jiashi and Zhao, Hengshuang},
  journal={arXiv preprint arXiv:2401.10891},
  year={2024}
}

@article{chen2023kbstyle,
  title={KBStyle: Fast Style Transfer Using a 200 KB Network With Symmetric Knowledge Distillation},
  author={Chen, Wenshu and Huang, Yujie and Wang, Mingyu and Wu, Xiaolin and Zeng, Xiaoyang},
  journal={IEEE Transactions on Image Processing},
  volume={33},
  pages={82--94},
  year={2023},
  publisher={IEEE}
}

@inproceedings{wang2020collaborative,
  title={Collaborative distillation for ultra-resolution universal style transfer},
  author={Wang, Huan and Li, Yijun and Wang, Yuehai and Hu, Haoji and Yang, Ming-Hsuan},
  booktitle={Proceedings of the IEEE/CVF conference on computer vision and pattern recognition},
  pages={1860--1869},
  year={2020}
}

@inproceedings{chen2020optical,
  title={Optical flow distillation: Towards efficient and stable video style transfer},
  author={Chen, Xinghao and Zhang, Yiman and Wang, Yunhe and Shu, Han and Xu, Chunjing and Xu, Chang},
  booktitle={Computer Vision--ECCV 2020: 16th European Conference, Glasgow, UK, August 23--28, 2020, Proceedings, Part VI 16},
  pages={614--630},
  year={2020},
  organization={Springer}
}

@article{nilsson2020understanding,
  title={Understanding ssim},
  author={Nilsson, Jim and Akenine-M{\"o}ller, Tomas},
  journal={arXiv preprint arXiv:2006.13846},
  year={2020}
}

@article{phillips2011wiki,
  title={Wiki art gallery, inc.: A case for critical thinking},
  author={Phillips, Fred and Mackintosh, Brandy},
  journal={Issues in Accounting Education},
  volume={26},
  number={3},
  pages={593--608},
  year={2011},
  publisher={American Accounting Assocation}
}

@article{ioannou2024evaluation,
    author = {Ioannou, Eleftherios and Maddock, Steve},
    title = {Evaluation in Neural Style Transfer: A Review},
    journal = {Computer Graphics Forum},
    volume = {43},
    number = {6},
    pages = {e15165},
    doi = {https://doi.org/10.1111/cgf.15165},
    year = {2024}
}


@inproceedings{wright2022artfid,
  title={Artfid: Quantitative evaluation of neural style transfer},
  author={Wright, Matthias and Ommer, Bj{\"o}rn},
  booktitle={DAGM German Conference on Pattern Recognition},
  pages={560--576},
  year={2022},
  organization={Springer}
}

@inproceedings{pang2023locally,
  title={Locally stylized neural radiance fields},
  author={Pang, Hong-Wing and Hua, Binh-Son and Yeung, Sai-Kit},
  booktitle={2023 IEEE/CVF International Conference on Computer Vision (ICCV)},
  pages={307--316},
  year={2023},
  organization={IEEE Computer Society}
}

@inproceedings{li2024s,
  title={S-DyRF: Reference-Based Stylized Radiance Fields for Dynamic Scenes},
  author={Li, Xingyi and Cao, Zhiguo and Wu, Yizheng and Wang, Kewei and Xian, Ke and Wang, Zhe and Lin, Guosheng},
  booktitle={Proceedings of the IEEE/CVF Conference on Computer Vision and Pattern Recognition},
  pages={20102--20112},
  year={2024}
}

@inproceedings{fischer2024nerf,
  title={NeRF Analogies: Example-Based Visual Attribute Transfer for NeRFs},
  author={Fischer, Michael and Li, Zhengqin and Nguyen-Phuoc, Thu and Bozic, Aljaz and Dong, Zhao and Marshall, Carl and Ritschel, Tobias},
  booktitle={Proceedings of the IEEE/CVF Conference on Computer Vision and Pattern Recognition},
  pages={4640--4650},
  year={2024}
}

@inproceedings{chung2024style,
  title={Style injection in diffusion: A training-free approach for adapting large-scale diffusion models for style transfer},
  author={Chung, Jiwoo and Hyun, Sangeek and Heo, Jae-Pil},
  booktitle={Proceedings of the IEEE/CVF Conference on Computer Vision and Pattern Recognition},
  pages={8795--8805},
  year={2024}
}

@inproceedings{hertz2024style,
  title={Style aligned image generation via shared attention},
  author={Hertz, Amir and Voynov, Andrey and Fruchter, Shlomi and Cohen-Or, Daniel},
  booktitle={Proceedings of the IEEE/CVF Conference on Computer Vision and Pattern Recognition},
  pages={4775--4785},
  year={2024}
}

 @misc{connatser2023gpu,
    title={How much GPU memory do I need?},
    author={Connatser, Matthew and Martindale, Jon},
    url={https://www.digitaltrends.com/computing/how-much-gpu-memory-do-i-need/}, 
    journal={Digital Trends}, 
    year={2023},
    month={7} 
}

@article{ku2024anyv2v,
  title={AnyV2V: A Tuning-Free Framework For Any Video-to-Video Editing Tasks},
  author={Ku, Max and Wei, Cong and Ren, Weiming and Yang, Huan and Chen, Wenhu},
  journal={Transactions on Machine Learning Research},
  year={2024}
}