@article{abdulhai2023lmrl,
  title={Lmrl gym: Benchmarks for multi-turn reinforcement learning with language models},
  author={Abdulhai, Marwa and White, Isadora and Snell, Charlie and Sun, Charles and Hong, Joey and Zhai, Yuexiang and Xu, Kelvin and Levine, Sergey},
  journal={arXiv preprint arXiv:2311.18232},
  year={2023}
}

@article{bai2022constitutional,
  title={Constitutional ai: Harmlessness from ai feedback},
  author={Bai, Yuntao and Kadavath, Saurav and Kundu, Sandipan and Askell, Amanda and Kernion, Jackson and Jones, Andy and Chen, Anna and Goldie, Anna and Mirhoseini, Azalia and McKinnon, Cameron and others},
  journal={arXiv preprint arXiv:2212.08073},
  year={2022}
}

@misc{beeching2024scalingtesttimecompute,
      title={Scaling test-time compute with open models},
      author={Edward Beeching and Lewis Tunstall and Sasha Rush},
      url={https://huggingface.co/spaces/HuggingFaceH4/blogpost-scaling-test-time-compute},
  year={2024}
}

@inproceedings{besta2024graph,
  title={Graph of thoughts: Solving elaborate problems with large language models},
  author={Besta, Maciej and Blach, Nils and Kubicek, Ales and Gerstenberger, Robert and Podstawski, Michal and Gianinazzi, Lukas and Gajda, Joanna and Lehmann, Tomasz and Niewiadomski, Hubert and Nyczyk, Piotr and others},
  booktitle={Proceedings of the AAAI Conference on Artificial Intelligence},
  volume={38},
  number={16},
  pages={17682--17690},
  year={2024}
}

@inproceedings{brown2017libratus,
  title={Libratus: The Superhuman AI for No-Limit Poker.},
  author={Brown, Noam and Sandholm, Tuomas and Machine, Strategic},
  booktitle={IJCAI},
  pages={5226--5228},
  year={2017}
}

@article{brown2024large,
  title={Large language monkeys: Scaling inference compute with repeated sampling},
  author={Brown, Bradley and Juravsky, Jordan and Ehrlich, Ryan and Clark, Ronald and Le, Quoc V and R{\'e}, Christopher and Mirhoseini, Azalia},
  journal={arXiv preprint arXiv:2407.21787},
  year={2024}
}

@inproceedings{chen2024more,
  title={Are More LLM Calls All You Need? Towards the Scaling Properties of Compound AI Systems},
  author={Chen, Lingjiao and Davis, Jared Quincy and Hanin, Boris and Bailis, Peter and Stoica, Ion and Zaharia, Matei and Zou, James},
  booktitle={The Thirty-eighth Annual Conference on Neural Information Processing Systems},
  year={2024}
}

@article{cobbe2021training,
  title={Training verifiers to solve math word problems},
  author={Cobbe, Karl and Kosaraju, Vineet and Bavarian, Mohammad and Chen, Mark and Jun, Heewoo and Kaiser, Lukasz and Plappert, Matthias and Tworek, Jerry and Hilton, Jacob and Nakano, Reiichiro and others},
  journal={arXiv preprint arXiv:2110.14168},
  year={2021}
}

@article{juravsky2024hydragen,
  title={Hydragen: High-Throughput LLM Inference with Shared Prefixes},
  author={Juravsky, Jordan and Brown, Bradley and Ehrlich, Ryan and Fu, Daniel Y and R{\'e}, Christopher and Mirhoseini, Azalia},
  journal={arXiv preprint arXiv:2402.05099},
  year={2024}
}

@inproceedings{kwon2023efficient,
  title={Efficient memory management for large language model serving with pagedattention},
  author={Kwon, Woosuk and Li, Zhuohan and Zhuang, Siyuan and Sheng, Ying and Zheng, Lianmin and Yu, Cody Hao and Gonzalez, Joseph and Zhang, Hao and Stoica, Ion},
  booktitle={Proceedings of the 29th Symposium on Operating Systems Principles},
  pages={611--626},
  year={2023}
}

@article{li2016mutual,
  title={Mutual information and diverse decoding improve neural machine translation},
  author={Li, Jiwei and Jurafsky, Dan},
  journal={arXiv preprint arXiv:1601.00372},
  year={2016}
}

@article{lightman2023let,
  title={Let's verify step by step},
  author={Lightman, Hunter and Kosaraju, Vineet and Burda, Yura and Edwards, Harri and Baker, Bowen and Lee, Teddy and Leike, Jan and Schulman, John and Sutskever, Ilya and Cobbe, Karl},
  journal={arXiv preprint arXiv:2305.20050},
  year={2023}
}

@article{pan2024autonomous,
  title={Autonomous evaluation and refinement of digital agents},
  author={Pan, Jiayi and Zhang, Yichi and Tomlin, Nicholas and Zhou, Yifei and Levine, Sergey and Suhr, Alane},
  journal={arXiv preprint arXiv:2404.06474},
  year={2024}
}

@article{qiu2024treebon,
  title={Treebon: Enhancing inference-time alignment with speculative tree-search and best-of-n sampling},
  author={Qiu, Jiahao and Lu, Yifu and Zeng, Yifan and Guo, Jiacheng and Geng, Jiayi and Wang, Huazheng and Huang, Kaixuan and Wu, Yue and Wang, Mengdi},
  journal={arXiv preprint arXiv:2410.16033},
  year={2024}
}

@article{silver2016mastering,
  title={Mastering the game of Go with deep neural networks and tree search},
  author={Silver, David and Huang, Aja and Maddison, Chris J and Guez, Arthur and Sifre, Laurent and Van Den Driessche, George and Schrittwieser, Julian and Antonoglou, Ioannis and Panneershelvam, Veda and Lanctot, Marc and others},
  journal={nature},
  volume={529},
  number={7587},
  pages={484--489},
  year={2016},
  publisher={Nature Publishing Group}
}

@article{silver2017mastering,
  title={Mastering chess and shogi by self-play with a general reinforcement learning algorithm},
  author={Silver, David and Hubert, Thomas and Schrittwieser, Julian and Antonoglou, Ioannis and Lai, Matthew and Guez, Arthur and Lanctot, Marc and Sifre, Laurent and Kumaran, Dharshan and Graepel, Thore and others},
  journal={arXiv preprint arXiv:1712.01815},
  year={2017}
}

@article{snell2024scaling,
  title={Scaling llm test-time compute optimally can be more effective than scaling model parameters},
  author={Snell, Charlie and Lee, Jaehoon and Xu, Kelvin and Kumar, Aviral},
  journal={arXiv preprint arXiv:2408.03314},
  year={2024}
}

@article{sun2024fast,
  title={Fast Best-of-N Decoding via Speculative Rejection},
  author={Sun, Hanshi and Haider, Momin and Zhang, Ruiqi and Yang, Huitao and Qiu, Jiahao and Yin, Ming and Wang, Mengdi and Bartlett, Peter and Zanette, Andrea},
  journal={arXiv preprint arXiv:2410.20290},
  year={2024}
}

@article{uesato2022solving,
  title={Solving math word problems with process-and outcome-based feedback},
  author={Uesato, Jonathan and Kushman, Nate and Kumar, Ramana and Song, Francis and Siegel, Noah and Wang, Lisa and Creswell, Antonia and Irving, Geoffrey and Higgins, Irina},
  journal={arXiv preprint arXiv:2211.14275},
  year={2022}
}

@article{vijayakumar2016diverse,
  title={Diverse beam search: Decoding diverse solutions from neural sequence models},
  author={Vijayakumar, Ashwin K and Cogswell, Michael and Selvaraju, Ramprasath R and Sun, Qing and Lee, Stefan and Crandall, David and Batra, Dhruv},
  journal={arXiv preprint arXiv:1610.02424},
  year={2016}
}

@article{wang2022self,
  title={Self-consistency improves chain of thought reasoning in language models},
  author={Wang, Xuezhi and Wei, Jason and Schuurmans, Dale and Le, Quoc and Chi, Ed and Narang, Sharan and Chowdhery, Aakanksha and Zhou, Denny},
  journal={arXiv preprint arXiv:2203.11171},
  year={2022}
}

@inproceedings{wang2024math,
  title={Math-shepherd: Verify and reinforce llms step-by-step without human annotations},
  author={Wang, Peiyi and Li, Lei and Shao, Zhihong and Xu, Runxin and Dai, Damai and Li, Yifei and Chen, Deli and Wu, Yu and Sui, Zhifang},
  booktitle={Proceedings of the 62nd Annual Meeting of the Association for Computational Linguistics (Volume 1: Long Papers)},
  pages={9426--9439},
  year={2024}
}

@inproceedings{wu2024inference,
  title={Inference Scaling Laws: An Empirical Analysis of Compute-Optimal Inference for LLM Problem-Solving},
  author={Wu, Yangzhen and Sun, Zhiqing and Li, Shanda and Welleck, Sean and Yang, Yiming},
  booktitle={The 4th Workshop on Mathematical Reasoning and AI at NeurIPS'24},
  year={2024}
}

@article{yao2024deft,
  title={DeFT: Flash Tree-attention with IO-Awareness for Efficient Tree-search-based LLM Inference},
  author={Yao, Jinwei and Chen, Kaiqi and Zhang, Kexun and You, Jiaxuan and Yuan, Binhang and Wang, Zeke and Lin, Tao},
  journal={arXiv preprint arXiv:2404.00242},
  year={2024}
}

@article{yao2024tree,
  title={Tree of thoughts: Deliberate problem solving with large language models},
  author={Yao, Shunyu and Yu, Dian and Zhao, Jeffrey and Shafran, Izhak and Griffiths, Tom and Cao, Yuan and Narasimhan, Karthik},
  journal={Advances in Neural Information Processing Systems},
  volume={36},
  year={2024}
}

@article{zhang2024scaling,
  title={Scaling llm inference with optimized sample compute allocation},
  author={Zhang, Kexun and Zhou, Shang and Wang, Danqing and Wang, William Yang and Li, Lei},
  journal={arXiv preprint arXiv:2410.22480},
  year={2024}
}

@article{zheng2023efficiently,
  title={Efficiently Programming Large Language Models using SGLang.},
  author={Zheng, Lianmin and Yin, Liangsheng and Xie, Zhiqiang and Huang, Jeff and Sun, Chuyue and Yu, Cody\_Hao and Cao, Shiyi and Kozyrakis, Christos and Stoica, Ion and Gonzalez, Joseph E and others},
  year={2023},
  publisher={arXiv}
}

@article{zhou2023language,
  title={Language agent tree search unifies reasoning acting and planning in language models},
  author={Zhou, Andy and Yan, Kai and Shlapentokh-Rothman, Michal and Wang, Haohan and Wang, Yu-Xiong},
  journal={arXiv preprint arXiv:2310.04406},
  year={2023}
}

